name,ttm,12/31/2021,09/30/2021,06/30/2021,03/31/2021,12/31/2020,09/30/2020,06/30/2020,03/31/2020,12/31/2019,09/30/2019,06/30/2019,03/31/2019,12/31/2018,09/30/2018,06/30/2018,03/31/2018,12/31/2017,09/30/2017,06/30/2017,03/31/2017,12/31/2016,09/30/2016,06/30/2016,03/31/2016,12/31/2015,09/30/2015,06/30/2015,03/31/2015,12/31/2014,09/30/2014,06/30/2014,03/31/2014,12/31/2013,09/30/2013,06/30/2013,03/31/2013,12/31/2012,09/30/2012,06/30/2012,03/31/2012,12/31/2011,09/30/2011,06/30/2011,03/31/2011,12/31/2010,09/30/2010,06/30/2010,03/31/2010,12/31/2009,09/30/2009,06/30/2009,03/31/2009,12/31/2008,09/30/2008,06/30/2008,03/31/2008,12/31/2007,09/30/2007,06/30/2007,03/31/2007,12/31/2006,09/30/2006,06/30/2006,03/31/2006,12/31/2005,09/30/2005,06/30/2005,03/31/2005,12/31/2004,09/30/2004,06/30/2004,03/31/2004,12/31/2003,09/30/2003,06/30/2003,03/31/2003,12/31/2002,09/30/2002,06/30/2002,03/31/2002,12/31/2001,09/30/2001,06/30/2001,03/31/2001,12/31/2000,09/30/2000,06/30/2000,03/31/2000,12/31/1999,09/30/1999,06/30/1999,03/31/1999,12/31/1998,09/30/1998,06/30/1998,03/31/1998,12/31/1997,09/30/1997,06/30/1997,03/31/1997,12/31/1996,09/30/1996,06/30/1996,03/31/1996,12/31/1995,09/30/1995,06/30/1995,03/31/1995,12/31/1994,09/30/1994,06/30/1994,03/31/1994,12/31/1993,09/30/1993,06/30/1993,03/31/1993,12/31/1992,09/30/1992,06/30/1992,03/31/1992,12/31/1991,09/30/1991,06/30/1991,03/31/1991,12/31/1990,09/30/1990,06/30/1990,03/31/1990,12/31/1989,09/30/1989,06/30/1989,03/31/1989,12/31/1988,09/30/1988,06/30/1988,03/31/1988,12/31/1987,09/30/1987,06/30/1987,03/31/1987,12/31/1986,09/30/1986,06/30/1986,03/31/1986,12/31/1985,09/30/1985
TotalRevenue,"81,288,000,000","23,635,000,000","24,094,000,000","18,977,000,000","14,582,000,000","5,947,000,000","12,131,000,000","11,801,000,000","12,028,000,000","12,688,000,000","12,680,000,000","13,264,000,000","13,118,000,000","13,977,000,000","13,298,000,000","13,466,000,000","12,906,000,000","13,703,000,000","13,168,000,000","12,896,000,000","12,779,000,000","13,628,000,000","13,045,000,000","13,147,000,000","13,005,000,000","14,047,000,000","12,087,000,000","11,853,000,000","10,864,000,000","13,118,000,000","12,361,000,000","12,773,000,000","11,353,000,000","13,558,000,000","12,643,000,000","12,973,000,000","13,500,000,000","15,068,000,000","13,976,000,000","15,057,000,000","15,405,000,000","16,746,000,000","17,193,000,000","16,984,000,000","16,502,000,000","17,561,000,000","16,171,000,000","17,327,000,000","16,750,000,000","16,537,000,000","11,621,000,000","10,984,000,000","10,867,000,000","12,346,000,000","11,973,000,000","12,129,000,000","11,848,000,000","12,870,000,000","11,990,000,000","11,084,000,000","12,474,000,000","12,603,000,000","12,280,000,000","11,741,000,000","12,660,000,000","13,593,000,000","12,189,000,000","12,425,000,000","13,091,000,000","14,923,000,000","12,831,000,000","12,274,000,000","12,487,000,000","14,166,000,000","12,504,000,000","9,993,000,000","8,525,000,000","7,196,000,000","8,725,000,000","8,033,000,000","8,418,000,000","9,030,000,000","7,898,000,000","7,686,000,000","7,645,000,000","8,106,000,000","7,205,000,000","7,041,000,000","4,315,000,000","4,507,000,000","3,992,000,000","3,779,000,000","3,927,000,000","3,866,000,000","3,330,000,000","3,633,000,000","3,339,000,000","3,496,000,000","3,094,000,000","2,913,000,000","3,002,000,000","3,160,000,000","2,803,000,000","2,661,000,000","2,682,000,000","2,744,300,000","2,538,500,000","2,482,000,000","2,402,900,000","2,300,200,000","2,074,900,000","1,923,300,000","1,982,900,000","1,989,200,000","1,872,500,000","1,748,700,000","1,867,300,000","1,947,100,000","1,827,600,000","1,694,200,000","1,761,300,000","1,850,200,000","1,773,000,000","1,631,100,000","1,695,700,000","1,785,300,000","1,643,000,000","1,495,700,000","1,482,000,000","1,494,000,000","1,438,500,000","1,302,700,000","1,436,300,000","1,368,200,000","1,382,900,000","1,336,400,000","1,297,900,000","1,275,200,000","1,297,900,000","1,227,100,000","1,119,600,000","1,162,900,000","1,163,100,000","1,117,900,000","1,032,100,000","1,057,900,000","1,012,800,000"
	OperatingRevenue,"81,288,000,000","23,635,000,000","24,094,000,000","18,977,000,000","14,582,000,000","5,947,000,000","12,131,000,000","11,801,000,000","12,028,000,000","12,688,000,000","12,680,000,000","13,264,000,000","13,118,000,000","13,977,000,000","13,298,000,000","13,466,000,000","12,906,000,000","13,703,000,000","13,168,000,000","12,896,000,000","12,779,000,000","13,628,000,000","13,045,000,000","13,147,000,000","13,005,000,000","14,047,000,000","12,087,000,000","11,853,000,000","10,864,000,000","13,118,000,000","12,361,000,000","12,773,000,000","11,353,000,000","13,558,000,000","12,643,000,000","12,973,000,000","13,500,000,000","15,068,000,000","13,976,000,000","15,057,000,000","15,405,000,000","16,746,000,000","17,193,000,000","16,984,000,000","16,502,000,000","17,561,000,000","16,171,000,000","17,327,000,000","16,750,000,000","16,537,000,000","11,621,000,000","10,984,000,000","10,867,000,000","12,346,000,000","11,973,000,000","12,129,000,000","11,848,000,000","12,870,000,000","11,990,000,000","11,084,000,000","12,474,000,000","12,603,000,000","12,280,000,000","11,741,000,000","12,660,000,000","13,593,000,000","12,189,000,000","12,425,000,000","13,091,000,000","14,923,000,000","12,831,000,000","12,274,000,000","12,487,000,000","14,166,000,000","12,504,000,000","9,993,000,000","8,525,000,000","7,196,000,000","8,725,000,000","8,033,000,000","8,418,000,000","9,030,000,000","7,898,000,000","7,686,000,000","7,645,000,000","8,106,000,000","7,205,000,000","7,041,000,000","4,315,000,000","4,507,000,000","3,992,000,000","3,779,000,000","3,927,000,000","3,866,000,000","3,330,000,000","3,633,000,000","3,339,000,000","3,496,000,000","3,094,000,000","2,913,000,000","3,002,000,000","3,160,000,000","2,803,000,000","2,661,000,000","2,682,000,000","2,744,300,000","2,538,500,000","2,482,000,000","2,402,900,000","2,300,200,000","2,074,900,000","1,923,300,000","1,982,900,000","1,989,200,000","1,872,500,000","1,748,700,000","1,867,300,000","1,947,100,000","1,827,600,000","1,694,200,000","1,761,300,000","1,850,200,000","1,773,000,000","1,631,100,000","1,695,700,000","1,785,300,000","1,643,000,000","1,495,700,000","1,482,000,000","1,494,000,000","1,438,500,000","1,302,700,000","1,436,300,000","1,368,200,000","1,382,900,000","1,336,400,000","1,297,900,000","1,275,200,000","1,297,900,000","1,227,100,000","1,119,600,000","1,162,900,000","1,163,100,000","1,117,900,000","1,032,100,000","1,057,900,000","1,012,800,000"
CostOfRevenue,"30,821,000,000","9,589,000,000","9,973,000,000","7,049,000,000","4,211,000,000","1,504,000,000","2,529,000,000","2,281,000,000","2,378,000,000","2,608,000,000","2,602,000,000","2,576,000,000","2,433,000,000","3,075,000,000","2,694,000,000","2,916,000,000","2,563,000,000","3,260,000,000","2,847,000,000","2,663,000,000","2,470,000,000","3,218,000,000","3,085,000,000","3,174,000,000","2,851,000,000","3,410,000,000","2,219,000,000","2,180,000,000","1,838,000,000","2,702,000,000","2,368,000,000","2,462,000,000","2,045,000,000","2,794,000,000","2,287,000,000","2,242,000,000","2,652,000,000","3,172,000,000","2,665,000,000","2,752,000,000","2,974,000,000","3,908,000,000","3,679,000,000","3,805,000,000","3,693,000,000","4,282,000,000","3,896,000,000","3,795,000,000","4,306,000,000","3,935,000,000","1,789,000,000","1,756,000,000","1,408,000,000","1,715,000,000","2,122,000,000","2,289,000,000","1,986,000,000","2,625,000,000","4,618,000,000","2,109,000,000","1,887,000,000","2,217,000,000","1,962,000,000","1,790,000,000","1,973,000,000","2,345,000,000","1,908,000,000","2,081,000,000","2,191,000,000","2,356,000,000","1,640,000,000","1,752,000,000","1,794,000,000","3,373,000,000","3,366,000,000","2,027,000,000","1,065,000,000","328,000,000","1,314,000,000","1,197,000,000","1,206,000,000","1,483,000,000","1,177,000,000","1,150,000,000","1,224,000,000","1,210,000,000","1,194,000,000","829,000,000","343,000,000","535,000,000","672,000,000","360,000,000","418,000,000","648,000,000","298,000,000","452,000,000","411,000,000","543,000,000","418,000,000","380,000,000","431,000,000","499,000,000","420,000,000","415,000,000","412,000,000","459,600,000","475,600,000","512,800,000","435,900,000","467,900,000","404,800,000","394,400,000","361,100,000","408,100,000","372,700,000","374,000,000","361,300,000","457,600,000","455,100,000","429,900,000","420,300,000","553,400,000","482,700,000","456,500,000","463,900,000","597,900,000","515,900,000","476,200,000","444,000,000",,,,,,,,,,,,,,,,,,
GrossProfit,"50,467,000,000","14,046,000,000","14,121,000,000","11,928,000,000","10,371,000,000","4,443,000,000","9,602,000,000","9,520,000,000","9,650,000,000","10,080,000,000","10,078,000,000","10,688,000,000","10,685,000,000","10,902,000,000","10,604,000,000","10,550,000,000","10,343,000,000","10,443,000,000","10,321,000,000","10,233,000,000","10,309,000,000","10,410,000,000","9,960,000,000","9,973,000,000","10,154,000,000","10,637,000,000","9,868,000,000","9,673,000,000","9,026,000,000","10,416,000,000","9,993,000,000","10,311,000,000","9,308,000,000","10,764,000,000","10,356,000,000","10,731,000,000","10,848,000,000","11,896,000,000","11,311,000,000","12,305,000,000","12,431,000,000","12,838,000,000","13,514,000,000","13,179,000,000","12,809,000,000","13,279,000,000","12,275,000,000","13,532,000,000","12,444,000,000","12,602,000,000","9,832,000,000","9,228,000,000","9,459,000,000","10,631,000,000","9,851,000,000","9,840,000,000","9,862,000,000","10,245,000,000","7,372,000,000","8,975,000,000","10,587,000,000","10,386,000,000","10,318,000,000","9,951,000,000","10,687,000,000","11,248,000,000","10,281,000,000","10,344,000,000","10,900,000,000","12,567,000,000","11,191,000,000","10,522,000,000","10,693,000,000","10,793,000,000","9,138,000,000","7,966,000,000","7,460,000,000","6,868,000,000","7,411,000,000","6,836,000,000","7,212,000,000","7,547,000,000","6,721,000,000","6,536,000,000","6,421,000,000","6,896,000,000","6,011,000,000","6,212,000,000","3,972,000,000","3,972,000,000","3,320,000,000","3,419,000,000","3,509,000,000","3,218,000,000","3,032,000,000","3,181,000,000","2,928,000,000","2,953,000,000","2,676,000,000","2,533,000,000","2,571,000,000","2,661,000,000","2,383,000,000","2,246,000,000","2,270,000,000","2,284,700,000","2,062,900,000","1,969,200,000","1,967,000,000","1,832,300,000","1,670,100,000","1,528,900,000","1,621,800,000","1,581,100,000","1,499,800,000","1,374,700,000","1,506,000,000","1,489,500,000","1,372,500,000","1,264,300,000","1,341,000,000","1,296,800,000","1,290,300,000","1,174,600,000","1,231,800,000","1,187,400,000","1,127,100,000","1,019,500,000","1,038,000,000",,,,,,,,,,,,,,,,,,
OperatingExpense,"30,232,000,000","10,911,000,000","7,333,000,000","6,318,000,000","5,669,000,000","6,633,000,000","6,274,000,000","6,067,000,000","5,482,000,000","8,095,000,000","6,755,000,000","6,537,000,000","6,225,000,000","7,717,000,000","6,755,000,000","6,530,000,000","6,351,000,000","8,049,000,000","6,536,000,000","6,413,000,000","6,202,000,000","8,057,000,000","6,408,000,000","6,180,000,000","6,122,000,000","8,376,000,000","5,929,000,000","5,992,000,000","5,929,000,000","8,139,000,000","6,330,000,000","6,280,000,000","5,780,000,000","7,086,000,000","6,139,000,000","6,261,000,000","6,619,000,000","8,187,000,000","7,056,000,000","6,967,000,000","7,625,000,000","8,559,000,000","8,431,000,000","8,731,000,000","8,444,000,000","10,921,000,000","10,008,000,000","8,401,000,000","8,485,000,000","9,175,000,000","5,508,000,000","5,648,000,000","5,159,000,000","6,567,000,000","6,029,000,000","6,492,000,000","6,062,000,000","7,669,000,000","6,541,000,000","6,792,000,000","5,841,000,000","7,789,000,000","6,451,000,000","6,446,000,000","6,226,000,000","7,609,000,000","6,550,000,000","6,960,000,000","6,731,000,000","7,872,000,000","6,767,000,000","6,907,000,000","5,582,000,000","8,000,000,000","6,532,000,000","6,075,000,000","3,966,000,000","3,546,000,000","4,213,000,000","4,257,000,000","4,035,000,000","4,784,000,000","3,882,000,000","3,950,000,000","3,633,000,000","4,599,000,000","3,723,000,000","4,287,000,000","2,522,000,000","2,666,000,000","2,303,000,000","2,348,000,000","2,353,000,000","2,422,000,000","2,049,000,000","2,208,000,000","1,971,000,000","2,118,000,000","1,791,000,000","1,836,000,000","1,641,000,000","1,860,000,000","1,548,000,000","1,672,000,000","1,461,000,000","1,610,900,000","1,371,500,000","1,432,800,000","1,336,100,000","1,329,400,000","1,163,200,000","1,131,700,000","1,056,300,000","1,926,700,000","1,051,600,000","821,000,000","1,018,200,000","1,132,300,000","969,500,000","989,900,000","932,200,000","1,036,000,000","916,900,000","928,000,000","859,100,000","976,800,000","798,600,000","810,200,000","732,600,000",,,,,,,,,,,,,,,,,,
	SellingGeneralAndAdministration,"12,703,000,000","4,086,000,000","2,905,000,000","2,928,000,000","2,783,000,000","2,696,000,000","3,016,000,000","3,030,000,000","2,873,000,000","4,240,000,000","3,260,000,000","3,511,000,000","3,339,000,000","4,007,000,000","3,494,000,000","3,542,000,000","3,412,000,000","4,551,000,000","3,500,000,000","3,425,000,000","3,308,000,000","4,423,000,000","3,559,000,000","3,471,000,000","3,385,000,000","5,048,000,000","3,270,000,000","3,386,000,000","3,104,000,000","3,981,000,000","3,556,000,000","3,520,000,000","3,040,000,000","4,152,000,000","3,395,000,000","3,591,000,000","3,585,000,000","4,815,000,000","3,847,000,000","3,977,000,000","4,133,000,000","5,371,000,000","4,621,000,000","4,973,000,000","4,503,000,000","5,738,000,000","4,633,000,000","4,807,000,000","4,436,000,000","5,367,000,000","3,282,000,000","3,350,000,000","2,876,000,000","3,659,000,000","3,523,000,000","3,863,000,000","3,492,000,000","4,653,000,000","3,768,000,000","3,844,000,000","3,361,000,000","4,562,000,000","3,751,000,000","3,881,000,000","3,810,000,000","4,755,000,000","3,931,000,000","4,226,000,000","4,085,000,000","4,676,000,000","4,036,000,000","4,258,000,000","3,933,000,000","4,682,000,000","4,043,000,000","3,773,000,000","2,744,000,000","2,088,000,000","2,946,000,000","2,983,000,000","2,829,000,000","3,238,000,000","2,671,000,000","2,810,000,000","2,580,000,000","3,075,000,000","2,698,000,000","2,875,000,000","1,663,000,000","1,745,000,000","1,472,000,000","1,565,000,000","1,570,000,000","1,679,000,000","1,323,000,000","1,500,000,000","1,332,000,000","1,411,000,000","1,186,000,000","1,245,000,000","982,000,000","1,739,000,000","1,446,000,000","1,566,000,000","1,360,000,000","1,503,100,000","1,311,400,000","1,342,300,000","1,220,500,000","1,251,000,000","1,092,000,000","1,062,000,000","985,200,000","1,859,700,000","987,900,000","757,900,000","956,100,000","1,067,500,000","903,100,000","925,400,000","866,500,000","976,300,000","855,500,000","866,300,000","797,800,000","920,500,000","742,500,000","754,300,000","675,500,000",,,,,,,,,,,,,,,,,,
	ResearchAndDevelopment,"13,829,000,000","5,909,000,000","3,447,000,000","2,459,000,000","2,014,000,000","3,189,000,000","2,360,000,000","2,132,000,000","1,724,000,000","2,823,000,000","2,283,000,000","1,842,000,000","1,703,000,000","2,457,000,000","2,008,000,000","1,797,000,000","1,743,000,000","2,311,000,000","1,859,000,000","1,780,000,000","1,708,000,000","2,512,000,000","1,881,000,000","1,748,000,000","1,731,000,000","2,348,000,000","1,722,000,000","1,734,000,000","1,885,000,000","3,209,000,000","1,802,000,000","1,759,000,000","1,623,000,000","1,811,000,000","1,627,000,000","1,530,000,000","1,800,000,000","2,136,000,000","1,981,000,000","1,699,000,000","2,072,000,000","2,596,000,000","2,188,000,000","2,237,000,000","2,091,000,000","2,806,000,000","2,194,000,000","2,187,000,000","2,226,000,000","2,881,000,000","1,632,000,000","1,715,000,000","1,705,000,000","2,303,000,000","1,885,000,000","1,966,000,000","1,791,000,000","2,260,000,000","1,999,000,000","2,165,000,000","1,665,000,000","2,412,000,000","1,902,000,000","1,742,000,000","1,588,000,000","2,021,000,000","1,783,000,000","1,875,000,000","1,764,000,000","2,328,000,000","1,888,000,000","1,819,000,000","1,649,000,000","2,318,000,000","1,879,000,000","1,717,000,000","1,218,000,000","1,455,000,000","1,263,000,000","1,257,000,000","1,201,000,000","1,515,000,000","1,188,000,000","1,116,000,000","1,028,000,000","1,263,000,000","1,025,000,000","1,086,000,000","712,000,000","760,000,000","694,000,000","667,000,000","655,000,000","698,000,000","550,000,000","574,000,000","505,000,000","577,000,000","477,000,000","461,000,000","545,000,000",,,,,,,,,,,,,,,,,,,,,,,,,,,,,,,,,,,,,,,,,,,,,,
	DepreciationAmortizationDepletionIncomeStatement,"3,700,000,000","916,000,000","981,000,000","931,000,000","872,000,000","748,000,000","898,000,000","905,000,000","885,000,000","1,032,000,000","1,212,000,000","1,184,000,000","1,183,000,000","1,253,000,000","1,253,000,000","1,191,000,000","1,196,000,000","1,187,000,000","1,177,000,000","1,208,000,000","1,186,000,000","1,122,000,000","968,000,000","961,000,000","1,006,000,000","980,000,000","937,000,000","872,000,000","940,000,000","949,000,000","972,000,000","1,001,000,000","1,117,000,000","1,123,000,000","1,117,000,000","1,140,000,000","1,234,000,000","1,236,000,000","1,228,000,000","1,291,000,000","1,420,000,000","1,417,000,000","1,397,000,000","1,395,000,000","1,376,000,000","1,432,000,000","1,156,000,000","1,407,000,000","1,409,000,000","1,122,000,000","594,000,000","583,000,000","578,000,000","605,000,000","621,000,000","663,000,000","779,000,000","756,000,000","774,000,000","783,000,000","815,000,000","815,000,000","798,000,000","823,000,000","828,000,000","833,000,000","836,000,000","859,000,000","882,000,000","868,000,000","843,000,000","830,000,000",,"1,000,000,000","610,000,000","585,000,000","4,000,000","3,000,000","4,000,000","17,000,000","5,000,000","31,000,000","23,000,000","24,000,000","25,000,000","261,000,000",,"326,000,000","147,000,000","161,000,000","137,000,000","116,000,000","128,000,000","45,000,000","176,000,000","134,000,000","134,000,000","130,000,000","128,000,000","130,000,000","114,000,000","121,000,000","102,000,000","106,000,000","101,000,000","107,800,000","60,100,000","90,500,000","115,600,000","78,400,000","71,200,000","69,700,000","71,100,000","67,000,000","63,700,000","63,100,000","62,100,000","64,800,000","66,400,000","64,500,000","65,700,000","59,700,000","61,400,000","61,700,000","61,300,000","56,300,000","56,100,000","55,900,000","57,100,000",,,,,,,,,,,,,,,,,,
		DepreciationAndAmortizationInIncomeStatement,"3,700,000,000","916,000,000","981,000,000","931,000,000","872,000,000","748,000,000","898,000,000","905,000,000","885,000,000","1,032,000,000","1,212,000,000","1,184,000,000","1,183,000,000","1,253,000,000","1,253,000,000","1,191,000,000","1,196,000,000","1,187,000,000","1,177,000,000","1,208,000,000","1,186,000,000","1,122,000,000","968,000,000","961,000,000","1,006,000,000","980,000,000","937,000,000","872,000,000","940,000,000","949,000,000","972,000,000","1,001,000,000","1,117,000,000","1,123,000,000","1,117,000,000","1,140,000,000","1,234,000,000","1,236,000,000","1,228,000,000","1,291,000,000","1,420,000,000","1,417,000,000","1,397,000,000","1,395,000,000","1,376,000,000","1,432,000,000","1,156,000,000","1,407,000,000","1,409,000,000","1,122,000,000","594,000,000","583,000,000","578,000,000","605,000,000","621,000,000","663,000,000","779,000,000","756,000,000","774,000,000","783,000,000","815,000,000","815,000,000","798,000,000","823,000,000","828,000,000","833,000,000","836,000,000","859,000,000","882,000,000","868,000,000","843,000,000","830,000,000",,"1,000,000,000","610,000,000","585,000,000","4,000,000","3,000,000","4,000,000","17,000,000","5,000,000","31,000,000","23,000,000","24,000,000","25,000,000","261,000,000",,"326,000,000","147,000,000","161,000,000","137,000,000","116,000,000","128,000,000","45,000,000","176,000,000","134,000,000","134,000,000","130,000,000","128,000,000","130,000,000","114,000,000","121,000,000","102,000,000","106,000,000","101,000,000","107,800,000","60,100,000","90,500,000","115,600,000","78,400,000","71,200,000","69,700,000","71,100,000","67,000,000","63,700,000","63,100,000","62,100,000","64,800,000","66,400,000","64,500,000","65,700,000","59,700,000","61,400,000","61,700,000","61,300,000","56,300,000","56,100,000","55,900,000","57,100,000",,,,,,,,,,,,,,,,,,
			Amortization,"3,700,000,000","916,000,000","981,000,000","931,000,000","872,000,000","748,000,000","898,000,000","905,000,000","885,000,000","1,032,000,000","1,212,000,000","1,184,000,000","1,183,000,000","1,253,000,000","1,253,000,000","1,191,000,000","1,196,000,000","1,187,000,000","1,177,000,000","1,208,000,000","1,186,000,000","1,122,000,000","968,000,000","961,000,000","1,006,000,000","980,000,000","937,000,000","872,000,000","940,000,000","949,000,000","972,000,000","1,001,000,000","1,117,000,000","1,123,000,000","1,117,000,000","1,140,000,000","1,234,000,000","1,236,000,000","1,228,000,000","1,291,000,000","1,420,000,000","1,417,000,000","1,397,000,000","1,395,000,000","1,376,000,000","1,432,000,000","1,156,000,000","1,407,000,000","1,409,000,000","1,122,000,000","594,000,000","583,000,000","578,000,000","605,000,000","621,000,000","663,000,000","779,000,000","756,000,000","774,000,000","783,000,000","815,000,000","815,000,000","798,000,000","823,000,000","828,000,000","833,000,000","836,000,000","859,000,000","882,000,000","868,000,000","843,000,000","830,000,000",,"1,000,000,000","610,000,000","585,000,000","4,000,000","3,000,000","4,000,000","17,000,000","5,000,000","31,000,000","23,000,000","24,000,000","25,000,000",,,,,,,,,,,,,,,,,,,,,,,,,,,,,,,,,,,,,,,,,,,,,,,,,,,,,,,,,,,,,,
				AmortizationOfIntangiblesIncomeStatement,"3,700,000,000","916,000,000","981,000,000","931,000,000","872,000,000","748,000,000","898,000,000","905,000,000","885,000,000","1,032,000,000","1,212,000,000","1,184,000,000","1,183,000,000","1,253,000,000","1,253,000,000","1,191,000,000","1,196,000,000","1,187,000,000","1,177,000,000","1,208,000,000","1,186,000,000","1,122,000,000","968,000,000","961,000,000","1,006,000,000","980,000,000","937,000,000","872,000,000","940,000,000","949,000,000","972,000,000","1,001,000,000","1,117,000,000","1,123,000,000","1,117,000,000","1,140,000,000","1,234,000,000","1,236,000,000","1,228,000,000","1,291,000,000","1,420,000,000","1,417,000,000","1,397,000,000","1,395,000,000","1,376,000,000","1,432,000,000","1,156,000,000","1,407,000,000","1,409,000,000","1,122,000,000","594,000,000","583,000,000","578,000,000","605,000,000","621,000,000","663,000,000","779,000,000","756,000,000","774,000,000","783,000,000","815,000,000","815,000,000","798,000,000","823,000,000","828,000,000","833,000,000","836,000,000","859,000,000","882,000,000","868,000,000","843,000,000","830,000,000",,"1,000,000,000","610,000,000","585,000,000","4,000,000","3,000,000","4,000,000","17,000,000","5,000,000","31,000,000","23,000,000","24,000,000","25,000,000",,,,,,,,,,,,,,,,,,,,,,,,,,,,,,,,,,,,,,,,,,,,,,,,,,,,,,,,,,,,,,
	OtherOperatingExpenses,,,,,,,,,,,,,,,,,,,,,,,,,,,,,,,,,,,,,,,,,,,"225,000,000","126,000,000","474,000,000","945,000,000","2,025,000,000","271,000,000","414,000,000",,"160,000,000","72,000,000","-57,000,000",,,,,,,,,,,,,,,,,,,,,,,,,,,,,,,,,,,,,,,,,,,,,,,,,,,,,,,,,,,,,,,,,,,,,,,,,,,,,,,,,,,,,,,,,,,,,,
OperatingIncome,"20,235,000,000","3,135,000,000","6,788,000,000","5,610,000,000","4,702,000,000","-2,190,000,000","3,328,000,000","3,453,000,000","4,168,000,000","1,985,000,000","3,323,000,000","4,151,000,000","4,460,000,000","3,185,000,000","3,849,000,000","4,020,000,000","3,992,000,000","2,394,000,000","3,785,000,000","3,820,000,000","4,107,000,000","2,353,000,000","3,552,000,000","3,793,000,000","4,032,000,000","2,261,000,000","3,939,000,000","3,681,000,000","3,097,000,000","2,277,000,000","3,663,000,000","4,031,000,000","3,528,000,000","3,678,000,000","4,217,000,000","4,470,000,000","4,229,000,000","3,709,000,000","4,255,000,000","5,338,000,000","4,806,000,000","4,279,000,000","5,083,000,000","4,448,000,000","4,365,000,000","2,358,000,000","2,267,000,000","5,131,000,000","3,959,000,000","3,427,000,000","4,324,000,000","3,580,000,000","4,300,000,000","4,064,000,000","3,822,000,000","3,348,000,000","3,800,000,000","2,576,000,000","831,000,000","2,183,000,000","4,746,000,000","2,597,000,000","3,867,000,000","3,505,000,000","4,461,000,000","3,639,000,000","3,731,000,000","3,384,000,000","4,169,000,000","4,695,000,000","4,424,000,000","3,615,000,000","5,111,000,000","2,793,000,000","2,606,000,000","1,891,000,000","3,494,000,000","3,322,000,000","3,198,000,000","2,579,000,000","3,177,000,000","2,763,000,000","2,839,000,000","2,586,000,000","2,788,000,000","2,297,000,000","2,288,000,000","1,925,000,000","1,450,000,000","1,306,000,000","1,017,000,000","1,071,000,000","1,156,000,000","796,000,000","983,000,000","973,000,000","957,000,000","835,000,000","885,000,000","697,000,000","930,000,000","801,000,000","835,000,000","574,000,000","809,000,000","673,800,000","691,400,000","536,400,000","630,900,000","502,900,000","506,900,000","397,200,000","565,500,000","-345,600,000","448,200,000","553,700,000","487,800,000","357,200,000","403,000,000","274,400,000","408,800,000","260,800,000","373,400,000","246,600,000","372,700,000","210,600,000","328,500,000","209,300,000","305,400,000","-3,209,300,000","1,438,500,000","1,302,700,000","1,436,300,000","-3,005,300,000","1,382,900,000","1,336,400,000","1,297,900,000","-2,703,800,000","1,297,900,000","1,227,100,000","1,119,600,000","-2,353,400,000","1,163,100,000","1,117,900,000","1,032,100,000","-2,086,600,000","1,012,800,000"
NetNonOperatingInterestIncomeExpense,"-1,255,000,000","-301,000,000","-315,000,000","-303,000,000","-336,000,000","-268,000,000","-399,000,000","-353,000,000","-356,000,000","-375,000,000","-349,000,000","-330,000,000","-295,000,000","-277,000,000","-228,000,000","-246,000,000","-233,000,000","-214,000,000","-221,000,000","-218,000,000","-228,000,000","-184,000,000","-168,000,000","-170,000,000","-193,000,000","-196,000,000","-157,000,000","-159,000,000","-216,000,000","-231,000,000","-235,000,000","-239,000,000","-229,000,000","-235,000,000","-246,000,000","-254,000,000","-296,000,000","-265,000,000","-274,000,000","-293,000,000","-309,000,000","-270,000,000","-313,000,000","-287,000,000","-353,000,000","-355,000,000","-328,000,000",,,,,,,,,,,,,,,,,,,,,,,,,,,,,,,,,,,,,,,,,,,,,,,,,,,,,,,,,,,,,,,,,,,,,,,,,,,,,,,,,,,,,,,,,,,,,,,,,,,,
	InterestIncomeNonOperating,"36,000,000","15,000,000","10,000,000","13,000,000","0","3,000,000","17,000,000","19,000,000","34,000,000","41,000,000","60,000,000","59,000,000","66,000,000","93,000,000","82,000,000","80,000,000","77,000,000","116,000,000","99,000,000","94,000,000","81,000,000","113,000,000","123,000,000","122,000,000","113,000,000","139,000,000","121,000,000","119,000,000","93,000,000","122,000,000","108,000,000","104,000,000","92,000,000","112,000,000","94,000,000","102,000,000","95,000,000","108,000,000","108,000,000",,"81,000,000","126,000,000","110,000,000","117,000,000","105,000,000","105,000,000","100,000,000",,,,,,,,,,,,,,,,,,,,,,,,,,,,,,,,,,,,,,,,,,,,,,,,,,,,,,,,,,,,,,,,,,,,,,,,,,,,,,,,,,,,,,,,,,,,,,,,,,,,
	InterestExpenseNonOperating,"1,291,000,000","316,000,000","325,000,000","316,000,000","336,000,000","271,000,000","416,000,000","372,000,000","390,000,000","416,000,000","409,000,000","389,000,000","361,000,000","370,000,000","310,000,000","326,000,000","310,000,000","330,000,000","320,000,000","312,000,000","309,000,000","297,000,000","291,000,000","292,000,000","306,000,000","335,000,000","278,000,000","278,000,000","309,000,000","353,000,000","343,000,000","343,000,000","321,000,000","347,000,000","340,000,000","356,000,000","391,000,000","373,000,000","382,000,000","293,000,000","390,000,000","396,000,000","423,000,000","404,000,000","458,000,000","460,000,000","428,000,000",,,,,,,,,,,,,,,,,,,,,,,,,,,,,,,,,,,,,,,,,,,,,,,,,,,,,,,,,,,,,,,,,,,,,,,,,,,,,,,,,,,,,,,,,,,,,,,,,,,,
OtherIncomeExpense,"5,331,000,000","1,349,000,000","1,364,000,000","1,301,000,000","1,317,000,000","-59,000,000","-755,000,000","852,000,000","71,000,000","-3,120,000,000","7,751,000,000","320,000,000","157,000,000","-3,855,000,000","557,000,000","751,000,000","369,000,000","-1,228,000,000","20,000,000","213,000,000","73,000,000","-1,392,000,000","-1,780,000,000","-1,214,000,000","-279,000,000","-2,417,000,000","-1,085,000,000","18,000,000","202,000,000","-244,000,000","160,000,000","211,000,000","-452,000,000","-382,000,000","-398,000,000","1,141,000,000","-12,000,000","-1,274,000,000","-990,000,000","-561,000,000","-1,944,000,000","-1,716,000,000","-1,101,000,000","-479,000,000","-894,000,000","-1,174,000,000","-499,000,000","-1,157,000,000","-780,000,000","-2,936,000,000","-353,000,000","-531,000,000","-497,000,000","-4,211,000,000","-1,100,000,000","-558,000,000","-243,000,000","-705,000,000","-195,000,000","-564,000,000","-693,000,000","-1,320,000,000","94,000,000","-422,000,000","-34,000,000","-543,000,000","-1,534,000,000","-323,000,000","-1,259,000,000","-1,195,000,000","-473,000,000","-187,000,000","-1,982,000,000","-1,836,000,000","-137,000,000","-5,319,000,000","-304,000,000","-228,000,000","-189,000,000","-141,000,000","-53,000,000","-240,000,000","-145,000,000","-266,000,000","-269,000,000","-550,000,000","-503,000,000","-258,000,000","163,000,000","-2,000,000","-50,000,000","-43,000,000","-7,000,000","-490,000,000","-281,000,000","-73,000,000","5,000,000","-57,000,000","-73,000,000","-61,000,000","-68,000,000","-72,000,000","-86,000,000",,"-57,000,000","-97,100,000","-64,600,000","-60,900,000",,"-120,100,000","8,200,000","2,200,000","-1,300,000","762,300,000","-746,900,000","-183,000,000","-18,600,000","73,200,000","22,700,000","79,300,000","19,600,000","-258,500,000","22,600,000","30,000,000","26,200,000","39,100,000","36,800,000","28,600,000","77,500,000",,,,,,,,,,,,,,,,,,
	GainOnSaleOfSecurity,"1,344,000,000","-257,000,000","400,000,000","800,000,000","401,000,000","132,000,000","-70,000,000","732,000,000","-255,000,000","301,000,000","6,000,000","36,000,000","111,000,000","-3,000,000","86,000,000","226,000,000","111,000,000",,,,,,,,,"-806,000,000",,,,,,,,"0",,"-31,000,000","490,000,000",,,,,,,,,,,,,,,,,,,,,,,,,,,,,,,,,,,,,,,,,,,,,,,,,,,,,,,,,,,,,,,,,,,,,,,,,,,,,,,,,,,,,,,,,,,,,,,,,,,,,,,,,,,,,,
	EarningsFromEquityInterest,"471,000,000","164,000,000","105,000,000","140,000,000","62,000,000","102,000,000","103,000,000","126,000,000","-33,000,000","17,000,000",,,,,,,,,,,,,,,,,,,,,,,,,,,"490,000,000",,,,,,,,,,,,,,,,,,,,,,,,,,,,,,,,,,,,,,,,,,,,,,,,,,,,,,,,,,,,,,,,,,,,,,,,,,,,,,,,,,,,,,,,,,,,,,,,,,,,,,,,,,,,,,
	SpecialIncomeCharges,"-575,000,000","136,000,000","-618,000,000","-289,000,000","196,000,000","-1,076,000,000","-910,000,000","-280,000,000","41,000,000","-3,531,000,000","7,595,000,000","-25,000,000","-374,000,000","-4,092,000,000","24,000,000","205,000,000","131,000,000","-1,433,000,000","-311,000,000","-56,000,000","-103,000,000","-1,400,000,000","-2,068,000,000","-1,422,000,000","-588,000,000","-1,517,000,000","-1,239,000,000","-254,000,000","14,000,000","-661,000,000","-199,000,000","-46,000,000","-686,000,000","-677,000,000","-640,000,000","1,081,000,000","-428,000,000","-1,479,000,000","-990,000,000","-561,000,000","-1,944,000,000","-1,716,000,000","-1,101,000,000","-479,000,000","-894,000,000","-1,174,000,000","-499,000,000","-1,157,000,000","-780,000,000","-2,936,000,000","-353,000,000","-531,000,000","-497,000,000","-4,211,000,000","-1,100,000,000","-558,000,000","-243,000,000","-705,000,000","-195,000,000","-564,000,000","-693,000,000","-1,320,000,000","94,000,000","-422,000,000","-34,000,000","-543,000,000","-1,534,000,000","-323,000,000","-1,259,000,000","-1,195,000,000","-473,000,000","-187,000,000","-1,982,000,000","-1,836,000,000","-137,000,000","-5,319,000,000","-304,000,000","-228,000,000","-189,000,000","-141,000,000","-53,000,000","-240,000,000","-145,000,000","-266,000,000","-269,000,000","-550,000,000","-503,000,000","-258,000,000","163,000,000","-2,000,000","-50,000,000","-43,000,000","-7,000,000","-490,000,000","-281,000,000","-73,000,000","5,000,000","-57,000,000","-73,000,000","-61,000,000","-68,000,000","-72,000,000","-86,000,000",,"-57,000,000","-97,100,000","-64,600,000","-60,900,000",,"-120,100,000","8,200,000","2,200,000","-1,300,000","762,300,000","-746,900,000","-183,000,000","-18,600,000","73,200,000","22,700,000","79,300,000","19,600,000","-258,500,000","22,600,000","30,000,000","26,200,000","39,100,000","36,800,000","28,600,000","77,500,000",,,,,,,,,,,,,,,,,,
		RestructuringAndMergernAcquisition,"802,000,000","142,000,000","636,000,000","-3,000,000","23,000,000","165,000,000","4,000,000","362,000,000","63,000,000","448,000,000","-7,635,000,000","22,000,000","165,000,000","872,000,000","85,000,000","45,000,000","46,000,000","127,000,000","165,000,000","87,000,000","178,000,000","817,000,000","600,000,000","376,000,000","192,000,000","483,000,000","641,000,000","149,000,000","161,000,000","298,000,000","-19,000,000","81,000,000","58,000,000","635,000,000","233,000,000","183,000,000","138,000,000","791,000,000","302,000,000","190,000,000","596,000,000","460,000,000","1,101,000,000","479,000,000","894,000,000","1,174,000,000","499,000,000","886,000,000","780,000,000","3,111,000,000","193,000,000","459,000,000","554,000,000","1,562,000,000","366,000,000","569,000,000","178,000,000","216,000,000","455,000,000","1,051,000,000","812,000,000","507,000,000","249,000,000","268,000,000","306,000,000","596,000,000","307,000,000","270,000,000","219,000,000","467,000,000","190,000,000","289,000,000","247,000,000","378,000,000","303,000,000","285,000,000","91,000,000","240,000,000","114,000,000","166,000,000","109,000,000","250,000,000","113,000,000","206,000,000","270,000,000",,,,,,,,,,,,,,,,,,,,,,,,,,,,,,,,,,,,,,,,,,,,,,,,,,,,,,,,,,,,,,
		ImpairmentOfCapitalAssets,,,,,,,,,,,,,,,,,,,,,,,,,,,,,,,,,,,,,,,,,,,"105,000,000",,,,,,,,,,,,,,,,,,,,,,,,,,,,,,,,,,,,,,,,,,,,,,,,,,,,,,,,,,,,,,,,,,,,,,,,,,,,,,,,,,,,,,,,,,,,,,,,,,,,,,,,
		WriteOff,"86,000,000","77,000,000","10,000,000","2,000,000",,"791,000,000","900,000,000","0","0","2,655,000,000","28,000,000","10,000,000","150,000,000","3,075,000,000","-1,000,000","31,000,000","0","252,000,000","130,000,000","0","12,000,000","657,000,000","1,555,000,000","816,000,000","131,000,000","160,000,000","633,000,000","25,000,000","0","111,000,000","243,000,000","0","115,000,000","133,000,000","443,000,000","127,000,000","399,000,000",,,,,,,,,,,,,,,,,,,,,,,,,,,,,,,,,,,,,,,,,,,,,,,,,,,,,,,,,,,,,,,,,,,,,,,,,,,,,,,,,,,,,,,,,,,,,,,,,,,,,,,,,,,,,,
		OtherSpecialCharges,"-214,000,000","-355,000,000","-27,000,000","348,000,000","-180,000,000","-117,000,000","8,000,000","-83,000,000","-105,000,000","426,000,000","44,000,000","-7,000,000","60,000,000","197,000,000","-102,000,000","-262,000,000","-161,000,000","1,045,000,000","183,000,000","3,000,000","8,000,000","16,000,000","-40,000,000","261,000,000","274,000,000","876,000,000",,"99,000,000",,"273,000,000","28,000,000","-2,000,000","694,000,000","129,000,000","10,000,000","-1,363,000,000","-83,000,000","-187,000,000","688,000,000","371,000,000","1,348,000,000","701,000,000","15,000,000","-413,000,000",,,,"271,000,000",,,"160,000,000","72,000,000","-57,000,000","2,649,000,000","734,000,000","-11,000,000","65,000,000","489,000,000","-260,000,000","-487,000,000","-119,000,000","813,000,000","-343,000,000","154,000,000","-272,000,000","-53,000,000","1,227,000,000","53,000,000","1,040,000,000","728,000,000","283,000,000","-102,000,000","1,735,000,000","1,458,000,000","-166,000,000","5,034,000,000","213,000,000","-12,000,000","75,000,000","-25,000,000","-56,000,000","-10,000,000","32,000,000","60,000,000","-1,000,000",,,,,,,,,,,,,,,,,,,,,,,,,,,,,,,,,,,,,,,,,,,,,,,,,,,,,,,,,,,,,,
		GainOnSaleOfPPE,"99,000,000","0","1,000,000","58,000,000","39,000,000","-237,000,000","2,000,000","-1,000,000","-1,000,000","-2,000,000","32,000,000","0","1,000,000","52,000,000","6,000,000","19,000,000","16,000,000","-9,000,000","167,000,000","34,000,000","95,000,000","90,000,000","47,000,000","31,000,000","9,000,000","2,000,000","35,000,000","19,000,000","175,000,000","21,000,000","53,000,000","33,000,000","181,000,000","220,000,000","46,000,000","28,000,000","26,000,000",,,,,,,,,,,,,,,,,,,,,,,,,,,,,,,,,,,,,,,,,,,,,,,,,,,,,,,,,,,,,,,,,,,,,,,,,,,,,,,,,,,,,,,,,,,,,,,,,,,,,,,,,,,,,,
	OtherNonOperatingIncomeExpenses,"4,091,000,000","1,306,000,000","1,477,000,000","650,000,000","658,000,000","783,000,000","122,000,000","274,000,000","318,000,000","93,000,000","150,000,000","309,000,000","420,000,000","240,000,000","447,000,000","320,000,000","127,000,000","205,000,000","331,000,000","269,000,000","176,000,000","8,000,000","288,000,000","208,000,000","309,000,000","-94,000,000","154,000,000","272,000,000","188,000,000","417,000,000","359,000,000","257,000,000","234,000,000","295,000,000","242,000,000","91,000,000","-74,000,000","-748,000,000",,,,,,,,,,,,,,,,,,,,,,,,,,,,,,,,,,,,,,,,,,,,,,,,,,,,,,,,,,,,,,,,,,,,,,,,,,,,,,,,,,,,,,,,,,,,,,,,,,,,,,,,,,,,,
PretaxIncome,"24,311,000,000","4,183,000,000","7,836,000,000","6,609,000,000","5,683,000,000","-2,517,000,000","2,176,000,000","3,953,000,000","3,885,000,000","-1,508,000,000","10,727,000,000","4,141,000,000","4,323,000,000","-946,000,000","4,177,000,000","4,527,000,000","4,127,000,000","954,000,000","3,585,000,000","3,815,000,000","3,951,000,000","776,000,000","1,604,000,000","2,410,000,000","3,561,000,000","-354,000,000","2,697,000,000","3,539,000,000","3,082,000,000","1,803,000,000","3,587,000,000","4,003,000,000","2,847,000,000","3,061,000,000","3,573,000,000","5,357,000,000","3,921,000,000","2,170,000,000","2,991,000,000","4,484,000,000","2,553,000,000","2,293,000,000","3,669,000,000","3,682,000,000","3,118,000,000","829,000,000","1,440,000,000","3,974,000,000","3,179,000,000","4,000,000","3,971,000,000","3,049,000,000","3,803,000,000","625,000,000","2,722,000,000","2,790,000,000","3,557,000,000","2,970,000,000","636,000,000","1,619,000,000","4,053,000,000","1,714,000,000","3,961,000,000","3,083,000,000","4,427,000,000","3,365,000,000","2,197,000,000","3,061,000,000","2,910,000,000","3,499,000,000","3,951,000,000","3,428,000,000","3,129,000,000","951,000,000","2,494,000,000","-3,405,000,000","3,224,000,000","3,132,000,000","3,031,000,000","2,476,000,000","3,156,000,000","2,584,000,000","2,754,000,000","2,391,000,000","2,598,000,000","1,912,000,000","1,782,000,000","1,663,000,000","1,612,000,000","1,302,000,000","966,000,000","1,027,000,000","1,148,000,000","307,000,000","701,000,000","899,000,000","961,000,000","776,000,000","809,000,000","632,000,000","861,000,000","730,000,000","746,000,000","572,000,000","750,000,000","575,200,000","625,900,000","473,200,000","628,600,000","477,700,000","481,400,000","368,100,000","529,700,000","390,600,000","-329,700,000","343,400,000","444,500,000","403,200,000","402,100,000","327,900,000","398,900,000","-35,000,000","363,200,000","245,600,000","366,700,000","212,300,000","333,700,000","207,600,000","345,500,000",,,,,,,,,,,,,,,,,,
TaxProvision,"1,852,000,000","334,000,000","-331,000,000","1,043,000,000","805,000,000","-491,000,000","-26,000,000","519,000,000","475,000,000","-1,182,000,000","3,047,000,000","-915,000,000","433,000,000","-564,000,000","66,000,000","648,000,000","556,000,000","-11,336,000,000","727,000,000","739,000,000","821,000,000","-71,000,000","284,000,000","375,000,000","535,000,000","-188,000,000","567,000,000","905,000,000","706,000,000","545,000,000","911,000,000","1,082,000,000","582,000,000","430,000,000","985,000,000","1,782,000,000","1,160,000,000","680,000,000","-119,000,000","1,290,000,000","750,000,000","800,000,000","1,235,000,000","1,094,000,000","894,000,000","-2,074,000,000","564,000,000","1,488,000,000","1,146,000,000","-755,000,000","1,092,000,000","786,000,000","1,074,000,000","394,000,000","463,000,000","25,000,000","763,000,000","223,000,000","-161,000,000","272,000,000","689,000,000","223,000,000","717,000,000","790,000,000","315,000,000","609,000,000","591,000,000","-413,000,000","2,635,000,000","625,000,000","650,000,000","582,000,000","809,000,000","335,000,000","253,000,000","270,000,000","764,000,000","628,000,000","680,000,000","519,000,000","783,000,000","625,000,000","679,000,000","590,000,000","668,000,000","500,000,000","421,000,000","513,000,000","432,000,000","348,000,000","265,000,000","298,000,000","333,000,000","1,000,000","186,000,000","271,000,000","269,000,000","218,000,000","213,000,000","175,000,000","259,000,000","226,000,000","232,000,000","178,000,000","233,000,000","169,600,000","206,800,000","156,900,000","208,200,000","143,700,000","144,900,000","110,900,000","159,000,000","101,700,000","-115,500,000","89,600,000","115,500,000","106,100,000","104,600,000","124,100,000","103,800,000","-35,900,000","88,500,000","66,500,000","99,300,000","57,500,000","90,400,000","56,400,000","93,600,000",,,,,,,,,,,,,,,,,,
NetIncomeCommonStockholders,"21,979,000,000","3,393,000,000","8,146,000,000","5,563,000,000","4,877,000,000","594,000,000","2,194,000,000","3,426,000,000","3,401,000,000","-337,000,000","7,680,000,000","5,046,000,000","3,884,000,000","-394,000,000","4,114,000,000","3,871,000,000","3,561,000,000","12,274,000,000","2,839,000,000","3,073,000,000","3,121,000,000","859,000,000","1,319,000,000","2,019,000,000","3,016,000,000","-172,000,000","2,130,000,000","2,626,000,000","2,375,000,000","1,228,000,000","2,666,000,000","2,911,000,000","2,329,000,000","2,568,000,000","2,593,000,000","14,099,000,000","2,742,000,000","6,313,000,000","3,208,000,000","3,253,000,000","1,794,000,000","1,439,000,000","3,738,000,000","2,610,000,000","2,222,000,000","2,890,000,000","866,000,000","2,475,000,000","2,026,000,000","767,000,000","2,878,000,000","2,261,000,000","2,729,000,000","266,000,000","2,278,000,000","2,776,000,000","2,784,000,000","2,723,000,000","760,000,000","1,266,000,000","3,391,000,000","9,448,000,000","3,361,000,000","2,413,000,000","4,111,000,000","2,731,000,000","1,588,000,000","3,461,000,000","301,000,000","2,824,000,000","3,340,000,000","2,862,000,000","2,330,000,000","600,000,000","2,234,000,000","-3,593,000,000","4,665,000,000","2,856,000,000","2,350,000,000","1,957,000,000","2,356,000,000","1,956,000,000","2,072,000,000","1,829,000,000","1,930,000,000","1,420,000,000","1,361,000,000","1,150,000,000","1,180,000,000","954,000,000","701,000,000","709,000,000","815,000,000","634,000,000","1,397,000,000","628,000,000","692,000,000","558,000,000","596,000,000","457,000,000","602,000,000","504,000,000","514,000,000","394,000,000","517,000,000","410,900,000","425,300,000","316,300,000","420,400,000","334,000,000","336,500,000","257,200,000","370,700,000","288,900,000","-214,200,000","253,800,000","329,000,000","14,500,000","297,500,000","203,800,000","295,100,000","900,000","274,700,000","179,100,000","267,400,000","154,800,000","243,300,000","151,200,000","251,900,000",,,,,,,,,,,,,,,,,,
	NetIncome,"21,979,000,000","3,393,000,000","8,146,000,000","5,563,000,000","4,877,000,000","594,000,000","2,194,000,000","3,426,000,000","3,401,000,000","-336,000,000","7,680,000,000","5,046,000,000","3,884,000,000","-393,000,000","4,114,000,000","3,872,000,000","3,561,000,000","12,274,000,000","2,840,000,000","3,073,000,000","3,121,000,000","860,000,000","1,320,000,000","2,019,000,000","3,016,000,000","-172,000,000","2,130,000,000","2,626,000,000","2,376,000,000","1,228,000,000","2,666,000,000","2,912,000,000","2,329,000,000","2,568,000,000","2,590,000,000","14,095,000,000","2,750,000,000","6,315,000,000","3,208,000,000","3,253,000,000","1,794,000,000","1,439,000,000","3,738,000,000","2,610,000,000","2,222,000,000","2,890,000,000","866,000,000","2,475,000,000","2,026,000,000","767,000,000","2,878,000,000","2,261,000,000","2,729,000,000","266,000,000","2,278,000,000","2,776,000,000","2,784,000,000","2,724,000,000","761,000,000","1,267,000,000","3,392,000,000","9,449,000,000","3,362,000,000","2,415,000,000","4,111,000,000","2,733,000,000","1,589,000,000","3,463,000,000","301,000,000","2,825,000,000","3,341,000,000","2,863,000,000","2,331,000,000","602,000,000","2,235,000,000","-3,591,000,000","4,665,000,000","2,856,000,000","2,350,000,000","1,957,000,000","2,356,000,000","1,956,000,000","2,072,000,000","1,829,000,000","1,930,000,000","1,420,000,000","1,361,000,000","1,150,000,000","1,180,000,000","954,000,000","701,000,000","709,000,000","815,000,000","634,000,000","1,397,000,000","628,000,000","692,000,000","558,000,000","596,000,000","457,000,000","602,000,000","504,000,000","514,000,000","394,000,000","517,000,000","410,900,000","425,300,000","316,300,000","420,400,000","334,000,000","336,500,000","257,200,000","370,700,000","288,900,000","-214,200,000","253,800,000","329,000,000","14,500,000","297,500,000","203,800,000","295,100,000","900,000","274,700,000","179,100,000","267,400,000","154,800,000","243,300,000","151,200,000","251,900,000",,,,,,,,,,,,,,,,,,
		NetIncomeIncludingNoncontrollingInterests,"22,025,000,000","3,392,000,000","8,159,000,000","5,589,000,000","4,886,000,000","606,000,000","2,202,000,000","3,434,000,000","3,410,000,000","-326,000,000","7,684,000,000","5,056,000,000","3,889,000,000","-383,000,000","4,122,000,000","3,879,000,000","3,570,000,000","12,289,000,000","2,858,000,000","3,078,000,000","3,130,000,000","866,000,000","1,319,000,000","2,035,000,000","3,026,000,000","-169,000,000","2,139,000,000","2,635,000,000","2,381,000,000","1,236,000,000","2,672,000,000","2,921,000,000","2,338,000,000","2,574,000,000","2,599,000,000","14,134,000,000","2,765,000,000","6,321,000,000","3,214,000,000","3,260,000,000","1,803,000,000","1,450,000,000","3,749,000,000","2,618,000,000","2,234,000,000","2,898,000,000","871,000,000","2,485,000,000","2,035,000,000","767,000,000","2,881,000,000","2,266,000,000","2,730,000,000","271,000,000","2,284,000,000","2,782,000,000","2,790,000,000","2,760,000,000","762,000,000","1,269,000,000","3,395,000,000","9,451,000,000","3,367,000,000","2,418,000,000","4,115,000,000","2,740,000,000","1,593,000,000","3,465,000,000","304,000,000","2,828,000,000","3,344,000,000","2,865,000,000","2,333,000,000","604,000,000","2,237,000,000","-3,592,000,000","4,665,000,000","2,859,000,000","2,351,000,000","1,957,000,000","2,357,000,000","1,958,000,000","2,075,000,000","1,838,000,000","1,932,000,000","1,427,000,000","1,364,000,000","1,154,000,000","1,181,000,000","956,000,000","702,000,000","710,000,000","816,000,000","633,000,000","1,398,000,000","629,000,000","693,000,000","560,000,000","599,000,000","461,000,000","603,000,000","503,000,000","517,000,000","396,000,000","519,000,000","412,400,000","426,200,000","318,600,000","422,700,000","335,200,000","337,900,000","258,900,000","371,000,000","289,800,000","-212,800,000","254,300,000","328,800,000","16,400,000","297,800,000","204,100,000","295,300,000","1,600,000","275,400,000","179,800,000","268,500,000","155,600,000","244,300,000","152,600,000","252,900,000","91,200,000","217,500,000","135,700,000","240,800,000","141,600,000","216,800,000","213,100,000","219,800,000","136,600,000","185,800,000","175,800,000","192,000,000","158,400,000","176,600,000","156,100,000","168,900,000","139,300,000","155,500,000"
			NetIncomeContinuousOperations,"22,459,000,000","3,849,000,000","8,167,000,000","5,565,000,000","4,877,000,000","-2,025,000,000","2,202,000,000","3,434,000,000","3,410,000,000","-327,000,000","7,680,000,000","5,056,000,000","3,889,000,000","-383,000,000","4,111,000,000","3,879,000,000","3,571,000,000","12,289,000,000","2,858,000,000","3,077,000,000","3,130,000,000","849,000,000","1,320,000,000","2,035,000,000","3,026,000,000","-166,000,000","2,130,000,000","2,635,000,000","2,376,000,000","1,257,000,000","2,676,000,000","2,921,000,000","2,265,000,000","2,631,000,000","2,588,000,000","3,575,000,000","2,761,000,000","1,490,000,000","3,110,000,000","3,194,000,000","1,803,000,000","1,493,000,000","2,434,000,000","2,588,000,000","2,224,000,000","2,903,000,000","876,000,000","2,486,000,000","2,033,000,000","759,000,000","2,879,000,000","2,263,000,000","2,729,000,000","226,000,000","2,253,000,000","2,759,000,000","2,788,000,000","2,711,000,000","796,000,000","1,345,000,000","3,361,000,000","1,489,000,000","3,239,000,000","2,290,000,000","4,108,000,000","2,749,000,000","1,602,000,000","3,472,000,000","272,000,000","2,871,000,000","3,298,000,000","2,844,000,000","2,318,000,000","614,000,000","2,239,000,000","-3,674,000,000","2,460,000,000","2,501,000,000","2,350,000,000","1,957,000,000","2,373,000,000","1,957,000,000","2,072,000,000","1,792,000,000","1,930,000,000","1,412,000,000","1,361,000,000","1,150,000,000","1,180,000,000","954,000,000","701,000,000","729,000,000","815,000,000","306,000,000","515,000,000","628,000,000","692,000,000","558,000,000","596,000,000","457,000,000","602,000,000","504,000,000","514,000,000","394,000,000","517,000,000","405,600,000","419,100,000","316,300,000","420,400,000","334,000,000","336,500,000","257,200,000","370,700,000","288,900,000","-214,200,000","253,800,000","329,000,000","297,100,000","297,500,000","203,800,000","295,100,000","900,000","274,700,000","179,100,000","267,400,000","154,800,000","243,300,000","151,200,000","251,900,000","87,100,000","217,500,000","135,700,000","240,800,000","141,600,000","216,800,000","213,100,000","219,800,000","136,600,000","185,800,000","175,800,000","192,000,000","158,400,000","176,600,000","156,100,000","168,900,000","139,300,000","155,500,000"
			NetIncomeDiscontinuousOperations,"-434,000,000","-458,000,000","-9,000,000","24,000,000","9,000,000","2,631,000,000","0","0","0","0","4,000,000","0","0","0","11,000,000","0","-1,000,000","1,000,000","0","2,000,000","0","17,000,000","0","1,000,000","0","-3,000,000","8,000,000","1,000,000","5,000,000","-22,000,000","-3,000,000","0","73,000,000","-57,000,000","11,000,000","10,559,000,000","4,000,000","4,831,000,000","104,000,000","66,000,000","0","-43,000,000","1,315,000,000","30,000,000","10,000,000","-5,000,000","-5,000,000","-1,000,000","2,000,000","8,000,000","2,000,000","3,000,000","1,000,000","40,000,000","25,000,000","17,000,000","-4,000,000","13,000,000","-35,000,000","-78,000,000","31,000,000","7,960,000,000","123,000,000","125,000,000","3,000,000","9,000,000","-13,000,000","-9,000,000","29,000,000","-46,000,000","43,000,000","19,000,000","13,000,000","-12,000,000","-4,000,000","83,000,000","2,235,000,000",,,,,"-1,000,000",,"37,000,000",,,,,,"0",,"-20,000,000",,"328,000,000","882,000,000",,,,,,,,,,,"5,300,000","6,200,000",,,,,,,,,,,,,,,,,,,,,,,,,,,,,,,,,,,,,,,,
			NetIncomeExtraordinary,,,,,,,,,,,,,,,,,,,,,,,,,,,,,,,,,,,,,,,,,,,,,,,,,,,,,,,,,,,,,,,,,,,,,,,,,,"0",,,"-30,000,000","0",,,"-17,000,000",,,,,,,,,,,,,,,,,,,,,,,,,,,,,,,,,,,,,,,,,,,,,,,,,,,,,,,,,,,,,,,,,,
		MinorityInterests,"-45,000,000","2,000,000","-12,000,000","-26,000,000","-9,000,000","-11,000,000","-8,000,000","-8,000,000","-9,000,000","-10,000,000","-4,000,000","-10,000,000","-6,000,000","-11,000,000","-8,000,000","-7,000,000","-9,000,000","-15,000,000","-18,000,000","-5,000,000","-9,000,000","-6,000,000","0","-16,000,000","-9,000,000","-3,000,000","-9,000,000","-9,000,000","-6,000,000","-7,000,000","-6,000,000","-9,000,000","-9,000,000","-6,000,000","-9,000,000","-39,000,000","-15,000,000","-6,000,000","-6,000,000","-7,000,000","-9,000,000","-11,000,000","-11,000,000","-8,000,000","-12,000,000","-8,000,000","-5,000,000","-10,000,000","-9,000,000","0","-3,000,000","-5,000,000","-1,000,000","-5,000,000","-6,000,000","-6,000,000","-6,000,000","-36,000,000","-1,000,000","-2,000,000","-3,000,000","-2,000,000","-5,000,000","-3,000,000","-4,000,000","-7,000,000","-4,000,000","-2,000,000","-3,000,000","-3,000,000","-3,000,000","-2,000,000","-2,000,000","-2,000,000","-2,000,000","1,000,000",,"-3,000,000","-1,000,000",,"-1,000,000","-2,000,000","-3,000,000","-9,000,000","-2,000,000","-7,000,000","-3,000,000","-4,000,000","-1,000,000","-2,000,000","-1,000,000","-1,000,000","-1,000,000","1,000,000","-1,000,000","-1,000,000","-1,000,000","-2,000,000","-3,000,000","-4,000,000","-1,000,000","1,000,000","-3,000,000","-2,000,000","-2,000,000","-1,500,000","-900,000","-2,300,000","-2,300,000","-1,200,000","-1,400,000","-1,700,000","-300,000","-900,000","-1,400,000","-500,000","200,000","-1,900,000","-300,000","-300,000","-200,000","-700,000","-700,000","-700,000","-1,100,000","-800,000","-1,000,000","-1,400,000","-1,000,000",,,,,,,,,,,,,,,,,,
	PreferredStockDividends,,,,,,,,,,,,,,,,,,,,,,,,,,"0",,,,"0",,"1,000,000",,"1,000,000",,,,,,,,,,,,,,,,,,,,,,,,"1,000,000","1,000,000","1,000,000","1,000,000","1,000,000","1,000,000","2,000,000",,"2,000,000","1,000,000","2,000,000",,"1,000,000","1,000,000","1,000,000","1,000,000","2,000,000","1,000,000","2,000,000",,,,,,,,,,,,,,,,,,,,,,,,,,,,,,,,,,,,,,,,,,,,,,,,,,,,,,,,,,,,,,,,,,,,,,,
	OtherunderPreferredStockDividend,,,,,,,,,,,,,,"2,000,000","0","1,000,000",,"1,000,000","1,000,000","0","0","2,000,000","1,000,000","0","0","0","0","0","1,000,000","0","0","0","0",,"-3,000,000","-4,000,000","8,000,000",,,,,,,,,,,,,,,,,,,,,,,,,,,,,,,,,,,,,,,,,,,,,,,,,,,,,,,,,,,,,,,,,,,,,,,,,,,,,,,,,,,,,,,,,,,,,,,,,,,,,,,,,,,,,,
AverageDilutionEarnings,,,,,,,,,,,,,,,,"1,000,000","-1,000,000","0","1,000,000","0",,"0","1,000,000","0","0","1,000,000","0","0","1,000,000","-1,000,000","0","1,000,000","0","1,000,000","0","0",,,,,,,,,,,,,,,,,,,,,,,,,,,,,,,,,,,,,,,,,,,,,,,,,,,,,,,,,,,,,,,,,,,,,,,,,,,,,,,,,,,,,,,,,,,,,,,,,,,,,,,,,,,,,,,
DilutedNIAvailtoComStockholders,"21,979,000,000","3,393,000,000","8,146,000,000","5,563,000,000","4,877,000,000","594,000,000","2,194,000,000","3,426,000,000","3,401,000,000","-336,000,000","7,680,000,000","5,046,000,000","3,884,000,000","-393,000,000","4,114,000,000","3,872,000,000","3,560,000,000","12,274,000,000","2,840,000,000","3,073,000,000","3,121,000,000","859,000,000","1,320,000,000","2,019,000,000","3,016,000,000","-171,000,000","2,130,000,000","2,626,000,000","2,376,000,000","1,227,000,000","2,666,000,000","2,912,000,000","2,329,000,000","2,569,000,000","2,593,000,000","14,099,000,000","2,742,000,000","6,315,000,000","3,208,000,000","3,253,000,000","1,794,000,000","1,439,000,000","3,738,000,000","2,610,000,000","2,222,000,000","2,890,000,000","866,000,000","2,475,000,000","2,026,000,000","767,000,000","2,878,000,000","2,261,000,000","2,729,000,000","266,000,000","2,278,000,000","2,776,000,000","2,784,000,000","2,723,000,000","760,000,000","1,266,000,000","3,391,000,000","9,448,000,000","3,361,000,000","2,413,000,000","4,111,000,000","2,731,000,000","1,588,000,000","3,461,000,000","301,000,000","2,824,000,000","3,340,000,000","2,862,000,000","2,330,000,000","600,000,000","2,234,000,000","-3,593,000,000","4,665,000,000","2,856,000,000","2,350,000,000","1,957,000,000","2,356,000,000","1,956,000,000","2,072,000,000","1,829,000,000","1,930,000,000","1,420,000,000","1,361,000,000","1,150,000,000","1,180,000,000","954,000,000","701,000,000","709,000,000","815,000,000","634,000,000","1,397,000,000","628,000,000","692,000,000","558,000,000","596,000,000","457,000,000","602,000,000","504,000,000","514,000,000","394,000,000","517,000,000","410,900,000","425,300,000","316,300,000","420,400,000","334,000,000","336,500,000","257,200,000","370,700,000","288,900,000","-214,200,000","253,800,000","329,000,000","14,500,000","297,500,000","203,800,000","295,100,000","900,000","274,700,000","179,100,000","267,400,000","154,800,000","243,300,000","151,200,000","251,900,000",,,,,,,,,,,,,,,,,,
BasicEPS,,"0.6","1.45","0.99","0.87","0.11","0.39","0.62","0.61","-0.06","1.38","0.91","0.69","-0.07","0.7","0.66","0.6","2.06","0.48","0.52","0.52","0.13","0.22","0.33","0.49","-0.03","0.35","0.43","0.38","0.2","0.42","0.46","0.36","0.4","0.39","2","0.38","0.86","0.43","0.44","0.24","0.19","0.48","0.33","0.28",,"0.11","0.31","0.25",,"0.43","0.34","0.41",,"0.34","0.41","0.41",,"0.11","0.18","0.48",,"0.47","0.33","0.56",,"0.22","0.47","0.04",,"0.45","0.38","0.31",,"0.29","-0.48","0.76",,"0.39","0.32","0.38",,"0.33","0.29","0.31",,"0.22","0.18","0.31",,"0.19","0.18","0.22",,"0.36","0.17","0.18",,"0.16","0.12","0.16",,"0.14","0.1","0.14",,"0.11","0.08","0.11",,"0.09","0.07","0.1",,"-0.06","0.07","0.09",,"0.07","0.05","0.07",,"0.07","0.05","0.07",,"0.06","0.04","0.06",,"0.06","0.03","0.06",,"0.06","0.05","0.06",,"0.05","0.04","0.05",,"0.04","0.04","0.04",,"0.04"
DilutedEPS,,"0.59","1.42","0.98","0.86","0.1","0.39","0.61","0.61","-0.06","1.36","0.89","0.68","-0.07","0.69","0.65","0.59","2.02","0.47","0.51","0.51","0.13","0.21","0.33","0.49","-0.03","0.34","0.42","0.38","0.19","0.42","0.45","0.36","0.39","0.39","1.98","0.38","0.85","0.43","0.43","0.24","0.19","0.48","0.33","0.28",,"0.11","0.31","0.25",,"0.43","0.34","0.4",,"0.34","0.41","0.41",,"0.11","0.18","0.48",,"0.46","0.33","0.56",,"0.22","0.47","0.04",,"0.44","0.38","0.3",,"0.29","-0.48","0.76",,"0.38","0.32","0.37",,"0.33","0.29","0.3",,"0.21","0.18","0.31",,"0.18","0.18","0.21",,"0.35","0.16","0.18",,"0.15","0.12","0.15",,"0.13","0.1","0.13",,"0.11","0.08","0.11",,"0.09","0.07","0.1",,"-0.06","0.07","0.09",,"0.07","0.05","0.07",,"0.07","0.05","0.07",,"0.06","0.04","0.06",,"0.06","0.03","0.06",,"0.06","0.05","0.06",,"0.05","0.04","0.05",,"0.04","0.04","0.04",,"0.04"
BasicAverageShares,,"5,616,000,000","5,609,000,000","5,598,000,000","5,584,000,000","5,562,000,000","5,557,000,000","5,554,000,000","5,545,000,000","5,535,000,000","5,545,000,000","5,562,000,000","5,635,000,000","5,788,000,000","5,875,000,000","5,866,000,000","5,957,000,000","5,963,000,000","5,951,000,000","5,958,000,000","6,006,000,000","6,070,000,000","6,066,000,000","6,068,000,000","6,150,000,000","6,174,000,000","6,168,000,000","6,159,000,000","6,203,000,000","6,296,000,000","6,330,000,000","6,368,000,000","6,389,000,000","6,443,000,000","6,581,000,000","7,042,000,000","7,187,000,000","7,319,000,000","7,436,000,000","7,476,000,000","7,537,000,000","7,635,000,000","7,770,000,000","7,875,000,000","7,982,000,000",,"8,027,000,000","8,046,000,000","8,061,000,000",,"6,730,000,000","6,728,000,000","6,723,000,000",,"6,718,000,000","6,732,000,000","6,739,000,000",,"6,875,000,000","6,966,000,000","7,051,000,000",,"7,228,000,000","7,282,000,000","7,314,000,000",,"7,333,000,000","7,366,000,000","7,416,000,000",,"7,500,800,000","7,574,100,000","7,586,400,000",,"7,710,700,000","7,453,400,000","6,101,400,000",,"6,126,300,000","6,185,100,000","6,205,500,000",,"6,241,000,000","6,250,000,000","6,247,000,000",,"6,228,000,000","6,217,000,000","3,765,000,000",,"3,689,473,684","3,938,888,889","3,704,545,455",,"3,880,555,556","3,694,117,647","3,844,444,444",,"3,725,000,000","3,808,333,333","3,762,500,000",,"3,671,428,571","3,940,000,000","3,692,857,143",,"3,866,363,636","3,953,750,000","3,821,818,182",,"3,738,888,889","3,674,285,714","3,707,000,000",,"3,570,000,000","3,625,714,286","3,655,555,556",,"4,250,000,000","4,076,000,000","4,215,714,286",,"3,924,285,714","3,582,000,000","3,820,000,000",,"4,055,000,000","3,780,000,000","4,198,333,333",,"3,971,489,000","3,971,489,000","3,971,489,000",,"3,951,694,000","3,951,694,000","3,951,694,000",,"3,964,138,000","3,964,138,000","3,964,138,000",,"3,946,985,000","3,936,414,000","3,936,414,000",,"3,929,712,000"
DilutedAverageShares,,"5,768,000,000","5,725,000,000","5,678,000,000","5,662,000,000","5,662,000,000","5,633,000,000","5,619,000,000","5,613,000,000","5,631,000,000","5,649,000,000","5,672,000,000","5,750,000,000","5,788,000,000","5,986,000,000","5,952,000,000","6,057,000,000","6,064,000,000","6,041,000,000","6,037,000,000","6,092,000,000","6,144,000,000","6,138,000,000","6,137,000,000","6,214,000,000","6,174,000,000","6,243,000,000","6,243,000,000","6,292,000,000","6,374,000,000","6,403,000,000","6,444,000,000","6,476,000,000","6,533,000,000","6,656,000,000","7,117,000,000","7,269,000,000","7,395,000,000","7,508,000,000","7,537,000,000","7,598,000,000","7,687,000,000","7,810,000,000","7,935,000,000","8,035,000,000",,"8,057,000,000","8,072,000,000","8,101,000,000",,"6,762,000,000","6,752,000,000","6,753,000,000",,"6,736,000,000","6,748,000,000","6,762,000,000",,"6,894,000,000","6,990,000,000","7,075,000,000",,"7,251,000,000","7,305,000,000","7,324,000,000",,"7,382,000,000","7,418,000,000","7,474,000,000",,"7,568,700,000","7,664,000,000","7,678,500,000",,"7,791,200,000","7,453,400,000","6,161,700,000",,"6,202,200,000","6,271,300,000","6,305,900,000",,"6,359,000,000","6,376,000,000","6,381,000,000",,"6,371,000,000","6,369,000,000","3,860,000,000",,"3,894,444,444","3,938,888,889","3,880,952,381",,"3,991,428,571","3,925,000,000","3,844,444,444",,"3,973,333,333","3,808,333,333","4,013,333,333",,"3,953,846,154","3,940,000,000","3,976,923,077",,"3,866,363,636","3,953,750,000","3,821,818,182",,"3,738,888,889","3,674,285,714","3,707,000,000",,"3,570,000,000","3,625,714,286","3,655,555,556",,"4,250,000,000","4,076,000,000","4,215,714,286",,"3,924,285,714","3,582,000,000","3,820,000,000",,"4,055,000,000","3,780,000,000","4,198,333,333",,"3,971,489,000","3,971,489,000","3,971,489,000",,"3,951,694,000","3,951,694,000","3,951,694,000",,"3,964,138,000","3,964,138,000","3,964,138,000",,"3,946,985,000","3,936,414,000","3,936,414,000",,"3,929,712,000"
TotalExpenses,"61,053,000,000","20,500,000,000","17,306,000,000","13,367,000,000","9,880,000,000","8,137,000,000","8,803,000,000","8,348,000,000","7,860,000,000","10,703,000,000","9,357,000,000","9,113,000,000","8,658,000,000","10,792,000,000","9,449,000,000","9,446,000,000","8,914,000,000","11,309,000,000","9,383,000,000","9,076,000,000","8,672,000,000","11,275,000,000","9,493,000,000","9,354,000,000","8,973,000,000","11,786,000,000","8,148,000,000","8,172,000,000","7,767,000,000","10,841,000,000","8,698,000,000","8,742,000,000","7,825,000,000","9,880,000,000","8,426,000,000","8,503,000,000","9,271,000,000","11,359,000,000","9,721,000,000","9,719,000,000","10,599,000,000","12,467,000,000","12,110,000,000","12,536,000,000","12,137,000,000","15,203,000,000","13,904,000,000","12,196,000,000","12,791,000,000","13,110,000,000","7,297,000,000","7,404,000,000","6,567,000,000","8,282,000,000","8,151,000,000","8,781,000,000","8,048,000,000","10,294,000,000","11,159,000,000","8,901,000,000","7,728,000,000","10,006,000,000","8,413,000,000","8,236,000,000","8,199,000,000","9,954,000,000","8,458,000,000","9,041,000,000","8,922,000,000","10,228,000,000","8,407,000,000","8,659,000,000","7,376,000,000","11,373,000,000","9,898,000,000","8,102,000,000","5,031,000,000","3,874,000,000","5,527,000,000","5,454,000,000","5,241,000,000","6,267,000,000","5,059,000,000","5,100,000,000","4,857,000,000","5,809,000,000","4,917,000,000","5,116,000,000","2,865,000,000","3,201,000,000","2,975,000,000","2,708,000,000","2,771,000,000","3,070,000,000","2,347,000,000","2,660,000,000","2,382,000,000","2,661,000,000","2,209,000,000","2,216,000,000","2,072,000,000","2,359,000,000","1,968,000,000","2,087,000,000","1,873,000,000","2,070,500,000","1,847,100,000","1,945,600,000","1,772,000,000","1,797,300,000","1,568,000,000","1,526,100,000","1,417,400,000","2,334,800,000","1,424,300,000","1,195,000,000","1,379,500,000","1,589,900,000","1,424,600,000","1,419,800,000","1,352,500,000","1,589,400,000","1,399,600,000","1,384,500,000","1,323,000,000","1,574,700,000","1,314,500,000","1,286,400,000","1,176,600,000",,,,,,,,,,,,,,,,,,
NetIncomeFromContinuingAndDiscontinuedOperation,"21,979,000,000","3,393,000,000","8,146,000,000","5,563,000,000","4,877,000,000","594,000,000","2,194,000,000","3,426,000,000","3,401,000,000","-336,000,000","7,680,000,000","5,046,000,000","3,884,000,000","-393,000,000","4,114,000,000","3,872,000,000","3,561,000,000","12,274,000,000","2,840,000,000","3,073,000,000","3,121,000,000","860,000,000","1,320,000,000","2,019,000,000","3,016,000,000","-172,000,000","2,130,000,000","2,626,000,000","2,376,000,000","1,228,000,000","2,666,000,000","2,912,000,000","2,329,000,000","2,568,000,000","2,590,000,000","14,095,000,000","2,750,000,000","6,315,000,000","3,208,000,000","3,253,000,000","1,794,000,000","1,439,000,000","3,738,000,000","2,610,000,000","2,222,000,000","2,890,000,000","866,000,000","2,475,000,000","2,026,000,000","767,000,000","2,878,000,000","2,261,000,000","2,729,000,000","266,000,000","2,278,000,000","2,776,000,000","2,784,000,000","2,724,000,000","761,000,000","1,267,000,000","3,392,000,000","9,449,000,000","3,362,000,000","2,415,000,000","4,111,000,000","2,758,000,000","1,589,000,000","3,463,000,000","301,000,000","2,825,000,000","3,341,000,000","2,863,000,000","2,331,000,000","602,000,000","2,235,000,000","-3,591,000,000","4,695,000,000","2,856,000,000","2,350,000,000","1,957,000,000","2,373,000,000","1,956,000,000","2,072,000,000","1,829,000,000","1,930,000,000","1,420,000,000","1,361,000,000","1,150,000,000","1,180,000,000","954,000,000","701,000,000","709,000,000","815,000,000","634,000,000","1,397,000,000","628,000,000","692,000,000","558,000,000","596,000,000","457,000,000","602,000,000","504,000,000","514,000,000","394,000,000","517,000,000","410,900,000","425,300,000","316,300,000","420,400,000","334,000,000","336,500,000","257,200,000","370,700,000","288,900,000","-214,200,000","253,800,000","329,000,000","297,100,000","297,500,000","203,800,000","295,100,000","900,000","274,700,000","179,100,000","267,400,000","154,800,000","243,300,000","151,200,000","251,900,000",,,,,,,,,,,,,,,,,,
NormalizedIncome,"21,702,444,000","3,962,338,513.029","8,314,140,000","5,108,738,000","4,355,774,000","-1,277,149,384.188","2,909,400,000","3,033,212,000","3,588,892,000","2,021,900,000","2,233,684,000","5,037,970,000","4,120,700,000","2,596,350,000","3,994,760,000","3,502,633,000","3,352,670,000","13,132,800,000","3,087,867,000","3,116,136,000","3,202,576,000","1,683,000,000","3,021,964,000","3,218,168,000","3,515,800,000","1,224,800,000","3,100,810,000","2,813,976,000","2,360,206,000","1,711,196,894.065","2,817,454,000","2,945,580,000","2,802,056,000","3,206,897,092.453","3,042,360,000","2,835,650,000","2,702,352,000","2,499,534,562.212","3,747,500,000","3,586,606,155.219","3,166,907,168.038","2,599,308,329.699","3,153,399,018.806","2,916,678,978.816","2,849,670,301.475","3,658,100,000","1,174,558,333.333","3,199,780,070.458","2,522,817,238.125","2,667,400,000","3,131,927,222.362","2,652,113,807.806","3,084,642,913.489","2,963,150,000","3,165,894,930.198","3,312,000,000","2,978,874,894.574","3,363,065,656.566","922,750,000","1,814,245,213.095","3,936,191,709.845","2,637,261,376.896","3,162,015,400.151","2,603,865,066.494","4,139,580,754.461","3,193,727,488.856","2,723,349,112.426","3,665,800,000","1,027,400,000","3,852,546,156.045","3,693,184,257.15","2,999,251,458.576","3,787,555,768.616","1,803,249,211.356","2,362,102,245.389","-482,600,000","2,691,960,297.767","2,683,283,524.904","2,496,598,152.425","2,068,444,668.821","2,412,850,760.456","2,138,950,464.396","2,181,250,181.554","1,992,362,191.552","2,129,834,488.068","1,818,171,548.117","1,745,165,544.332","1,328,412,507.517","1,060,682,382.134","955,465,437.788","737,283,643.892","759,522,882.181","819,969,512.195","794,403,908.795","721,440,798.859","678,994,438.265","688,399,583.767","598,987,113.402","649,779,975.278","501,109,177.215","649,544,715.447","553,709,589.041","573,254,691.689","394,000,000","556,292,000","474,069,680.111","462,355,887.522","357,007,248.521","420,400,000","417,971,948.922","330,768,176.153","255,662,809.019","371,609,779.12","-274,920,967.742","271,047,133.758","389,051,601.631","342,766,929.134","243,162,202.381","280,705,048.495","154,512,595.303","280,600,225.62","156,000,000","257,606,883.26","157,222,964.169","248,294,791.383","126,289,967.028","216,469,193.887","130,369,942.197","195,395,658.466",,,,,,,,,,,,,,,,,,
InterestIncome,"36,000,000","15,000,000","10,000,000","13,000,000","0","3,000,000","17,000,000","19,000,000","34,000,000","41,000,000","60,000,000","59,000,000","66,000,000","93,000,000","82,000,000","80,000,000","77,000,000","116,000,000","99,000,000","94,000,000","81,000,000","113,000,000","123,000,000","122,000,000","113,000,000","139,000,000","121,000,000","119,000,000","93,000,000","122,000,000","108,000,000","104,000,000","92,000,000","112,000,000","94,000,000","102,000,000","95,000,000","108,000,000","108,000,000",,"81,000,000","126,000,000","110,000,000","117,000,000","105,000,000","105,000,000","100,000,000",,,,,,,,,,,,,,,,,,,,,,,,,,,,,,,,,,,,,,,,,,,,,,,,,,,,,,,,,,,,,,,,,,,,,,,,,,,,,,,,,,,,,,,,,,,,,,,,,,,,
InterestExpense,"1,291,000,000","316,000,000","325,000,000","316,000,000","336,000,000","271,000,000","416,000,000","372,000,000","390,000,000","416,000,000","409,000,000","389,000,000","361,000,000","370,000,000","310,000,000","326,000,000","310,000,000","330,000,000","320,000,000","312,000,000","309,000,000","297,000,000","291,000,000","292,000,000","306,000,000","335,000,000","278,000,000","278,000,000","309,000,000","353,000,000","343,000,000","343,000,000","321,000,000","347,000,000","340,000,000","356,000,000","391,000,000","373,000,000","382,000,000","293,000,000","390,000,000","396,000,000","423,000,000","404,000,000","458,000,000","460,000,000","428,000,000",,,,,,,,,,,,,,,,,,,,,,,,,,,,,,,,,,,,,,,,,,,,,,,,,,,,,,,,,,,,,,,,,,,,,,,,,,,,,,,,,,,,,,,,,,,,,,,,,,,,
NetInterestIncome,"-1,255,000,000","-301,000,000","-315,000,000","-303,000,000","-336,000,000","-268,000,000","-399,000,000","-353,000,000","-356,000,000","-375,000,000","-349,000,000","-330,000,000","-295,000,000","-277,000,000","-228,000,000","-246,000,000","-233,000,000","-214,000,000","-221,000,000","-218,000,000","-228,000,000","-184,000,000","-168,000,000","-170,000,000","-193,000,000","-196,000,000","-157,000,000","-159,000,000","-216,000,000","-231,000,000","-235,000,000","-239,000,000","-229,000,000","-235,000,000","-246,000,000","-254,000,000","-296,000,000","-265,000,000","-274,000,000","-293,000,000","-309,000,000","-270,000,000","-313,000,000","-287,000,000","-353,000,000","-355,000,000","-328,000,000",,,,,,,,,,,,,,,,,,,,,,,,,,,,,,,,,,,,,,,,,,,,,,,,,,,,,,,,,,,,,,,,,,,,,,,,,,,,,,,,,,,,,,,,,,,,,,,,,,,,
EBIT,"25,602,000,000","4,499,000,000","8,161,000,000","6,925,000,000","6,019,000,000","-2,246,000,000","2,592,000,000","4,325,000,000","4,275,000,000","-1,092,000,000","11,136,000,000","4,530,000,000","4,684,000,000","-576,000,000","4,487,000,000","4,853,000,000","4,437,000,000","1,284,000,000","3,905,000,000","4,127,000,000","4,260,000,000","1,073,000,000","1,895,000,000","2,702,000,000","3,867,000,000","-19,000,000","2,975,000,000","3,817,000,000","3,391,000,000","2,156,000,000","3,930,000,000","4,346,000,000","3,168,000,000","3,408,000,000","3,913,000,000","5,713,000,000","4,312,000,000","2,543,000,000","3,373,000,000","4,777,000,000","2,943,000,000","2,689,000,000","4,092,000,000","4,086,000,000","3,576,000,000","1,289,000,000","1,868,000,000","5,131,000,000","3,959,000,000","-164,000,000","4,324,000,000","3,580,000,000","4,300,000,000","4,064,000,000","3,822,000,000","3,348,000,000","3,800,000,000","2,576,000,000","831,000,000","2,183,000,000","4,746,000,000","2,597,000,000","3,867,000,000","3,505,000,000","4,461,000,000","3,639,000,000","3,731,000,000","3,384,000,000","4,169,000,000","4,695,000,000","4,424,000,000","3,615,000,000","5,111,000,000","2,793,000,000","2,606,000,000","1,891,000,000","3,494,000,000","3,322,000,000","3,198,000,000","2,579,000,000","3,177,000,000","2,763,000,000","2,839,000,000","2,586,000,000","2,788,000,000","2,297,000,000","2,288,000,000","1,925,000,000","1,450,000,000","1,306,000,000","1,017,000,000","1,071,000,000","1,156,000,000","796,000,000","983,000,000","973,000,000","957,000,000","835,000,000","885,000,000","697,000,000","930,000,000","801,000,000","835,000,000","574,000,000","809,000,000","673,800,000","691,400,000","536,400,000","630,900,000","502,900,000","506,900,000","397,200,000","565,500,000","-345,600,000","448,200,000","553,700,000","487,800,000","357,200,000","403,000,000","274,400,000","408,800,000","260,800,000","373,400,000","246,600,000","372,700,000","210,600,000","328,500,000","209,300,000","305,400,000","-3,209,300,000","1,438,500,000","1,302,700,000","1,436,300,000","-3,005,300,000","1,382,900,000","1,336,400,000","1,297,900,000","-2,703,800,000","1,297,900,000","1,227,100,000","1,119,600,000","-2,353,400,000","1,163,100,000","1,117,900,000","1,032,100,000","-2,086,600,000","1,012,800,000"
EBITDA,"30,793,000,000"
ReconciledCostOfRevenue,"29,330,000,000","9,228,000,000","9,594,000,000","6,652,000,000","3,857,000,000","1,206,000,000","2,165,000,000","1,935,000,000","2,045,000,000","2,256,000,000","2,261,000,000","2,232,000,000","2,071,000,000","2,687,000,000","2,333,000,000","2,545,000,000","2,192,000,000","2,873,000,000","2,458,000,000","2,297,000,000","2,101,000,000","2,791,000,000","2,657,000,000","2,748,000,000","2,432,000,000","2,966,000,000","1,884,000,000","1,851,000,000","1,518,000,000","2,320,000,000","2,014,000,000","2,039,000,000","1,706,000,000","2,325,000,000","1,883,000,000","1,859,000,000","2,112,000,000","2,513,000,000","2,179,000,000","2,293,000,000","2,142,000,000","2,955,000,000","2,829,000,000","2,895,000,000","2,965,000,000","3,720,000,000","2,823,000,000","2,989,000,000","3,664,000,000","3,283,000,000","1,414,000,000","1,333,000,000","978,000,000","1,142,000,000","1,547,000,000","1,723,000,000","1,278,000,000","2,265,000,000","4,020,000,000","1,451,000,000","1,431,000,000","1,765,000,000","1,428,000,000","1,270,000,000","1,450,000,000","1,745,000,000","1,377,000,000","1,530,000,000","1,707,000,000","1,913,000,000","1,218,000,000","1,326,000,000","1,794,000,000","2,622,000,000","2,871,000,000","1,659,000,000","800,000,000","106,000,000","1,043,000,000","949,000,000","940,000,000","1,218,000,000","950,000,000","906,000,000","995,000,000","1,210,000,000","1,194,000,000","829,000,000","343,000,000","535,000,000","672,000,000","360,000,000","418,000,000","648,000,000","298,000,000","452,000,000","411,000,000","543,000,000","418,000,000","380,000,000","431,000,000","499,000,000","420,000,000","415,000,000","412,000,000","459,600,000","450,400,000","538,000,000","435,900,000","467,900,000","401,900,000","395,700,000","361,100,000","408,100,000","370,400,000","374,000,000","361,300,000","457,600,000","452,600,000","429,900,000","420,300,000","553,400,000","483,100,000","456,100,000","463,900,000","597,900,000","515,300,000","477,400,000","444,000,000",,,,,,,,,,,,,,,,,,
ReconciledDepreciation,"5,191,000,000","1,277,000,000","1,360,000,000","1,328,000,000","1,226,000,000","1,046,000,000","1,262,000,000","1,251,000,000","1,218,000,000","1,384,000,000","1,553,000,000","1,528,000,000","1,545,000,000","1,641,000,000","1,614,000,000","1,562,000,000","1,567,000,000","1,574,000,000","1,566,000,000","1,574,000,000","1,555,000,000","1,549,000,000","1,396,000,000","1,387,000,000","1,425,000,000","1,424,000,000","1,272,000,000","1,201,000,000","1,260,000,000","1,331,000,000","1,326,000,000","1,424,000,000","1,456,000,000","1,592,000,000","1,521,000,000","1,523,000,000","1,774,000,000","1,895,000,000","1,714,000,000","1,750,000,000","2,252,000,000","2,370,000,000","2,247,000,000","2,305,000,000","2,104,000,000","1,994,000,000","2,229,000,000","2,213,000,000","2,051,000,000","1,774,000,000","969,000,000","1,006,000,000","1,008,000,000","1,178,000,000","1,196,000,000","1,229,000,000","1,487,000,000","1,116,000,000","1,372,000,000","1,441,000,000","1,271,000,000","1,267,000,000","1,332,000,000","1,343,000,000","1,351,000,000","1,433,000,000","1,367,000,000","1,410,000,000","1,366,000,000","1,311,000,000","1,265,000,000","1,256,000,000","1,261,000,000","1,751,000,000","1,105,000,000","953,000,000","269,000,000","225,000,000","275,000,000","265,000,000","271,000,000","296,000,000","250,000,000","268,000,000","254,000,000","261,000,000","234,000,000","326,000,000","147,000,000","161,000,000","137,000,000","116,000,000","128,000,000","45,000,000","176,000,000","134,000,000","134,000,000","130,000,000","128,000,000","130,000,000","114,000,000","121,000,000","102,000,000","106,000,000","101,000,000","107,800,000","85,300,000","65,300,000","115,600,000","78,400,000","74,100,000","68,400,000","71,100,000","67,000,000","66,000,000","63,100,000","62,100,000","64,800,000","68,900,000","64,500,000","65,700,000","59,700,000","61,000,000","62,100,000","61,300,000","56,300,000","56,700,000","54,700,000","57,100,000",,,,,,,,,,,,,,,,,,
NetIncomeFromContinuingOperationNetMinorityInterest,"22,413,000,000","3,851,000,000","8,155,000,000","5,539,000,000","4,868,000,000","-2,037,000,000","2,194,000,000","3,426,000,000","3,401,000,000","-336,000,000","7,676,000,000","5,046,000,000","3,884,000,000","-393,000,000","4,103,000,000","3,872,000,000","3,562,000,000","12,273,000,000","2,840,000,000","3,071,000,000","3,121,000,000","843,000,000","1,320,000,000","2,018,000,000","3,016,000,000","-169,000,000","2,122,000,000","2,625,000,000","2,371,000,000","1,250,000,000","2,669,000,000","2,912,000,000","2,256,000,000","2,625,000,000","2,579,000,000","3,536,000,000","2,746,000,000","1,484,000,000","3,104,000,000","3,187,000,000","1,794,000,000","1,482,000,000","2,423,000,000","2,580,000,000","2,212,000,000","2,895,000,000","871,000,000","2,476,000,000","2,024,000,000","759,000,000","2,876,000,000","2,258,000,000","2,728,000,000","226,000,000","2,253,000,000","2,759,000,000","2,788,000,000","2,711,000,000","796,000,000","1,345,000,000","3,361,000,000","1,489,000,000","3,239,000,000","2,290,000,000","4,108,000,000","2,749,000,000","1,602,000,000","3,472,000,000","272,000,000","2,871,000,000","3,298,000,000","2,844,000,000","2,318,000,000","614,000,000","2,239,000,000","-3,674,000,000","2,460,000,000","2,501,000,000","2,350,000,000","1,957,000,000","2,373,000,000","1,957,000,000","2,072,000,000","1,792,000,000","1,930,000,000","1,412,000,000","1,361,000,000","1,150,000,000","1,180,000,000","954,000,000","701,000,000","729,000,000","815,000,000","306,000,000","515,000,000","628,000,000","692,000,000","558,000,000","596,000,000","457,000,000","602,000,000","504,000,000","514,000,000","394,000,000","517,000,000","405,600,000","419,100,000","316,300,000","420,400,000","334,000,000","336,500,000","257,200,000","370,700,000","288,900,000","-214,200,000","253,800,000","329,000,000","297,100,000","297,500,000","203,800,000","295,100,000","900,000","274,700,000","179,100,000","267,400,000","154,800,000","243,300,000","151,200,000","251,900,000",,,,,,,,,,,,,,,,,,
TotalUnusualItemsExcludingGoodwill,"769,000,000","-121,000,000","-218,000,000","511,000,000","597,000,000","-944,000,000","-980,000,000","452,000,000","-214,000,000","-3,230,000,000","7,601,000,000","11,000,000","-263,000,000","-4,095,000,000","110,000,000","431,000,000","242,000,000","-1,433,000,000","-311,000,000","-56,000,000","-103,000,000","-1,400,000,000","-2,068,000,000","-1,422,000,000","-588,000,000","-2,323,000,000","-1,239,000,000","-254,000,000","14,000,000","-661,000,000","-199,000,000","-46,000,000","-686,000,000","-677,000,000","-640,000,000","1,050,000,000","62,000,000","-1,479,000,000","-990,000,000","-561,000,000","-1,944,000,000","-1,716,000,000","-1,101,000,000","-479,000,000","-894,000,000","-1,174,000,000","-499,000,000","-1,157,000,000","-780,000,000","-2,936,000,000","-353,000,000","-531,000,000","-497,000,000","-4,211,000,000","-1,100,000,000","-558,000,000","-243,000,000","-705,000,000","-195,000,000","-564,000,000","-693,000,000","-1,320,000,000","94,000,000","-422,000,000","-34,000,000","-543,000,000","-1,534,000,000","-323,000,000","-1,259,000,000","-1,195,000,000","-473,000,000","-187,000,000","-1,982,000,000","-1,836,000,000","-137,000,000","-5,319,000,000","-304,000,000","-228,000,000","-189,000,000","-141,000,000","-53,000,000","-240,000,000","-145,000,000","-266,000,000","-269,000,000","-550,000,000","-503,000,000","-258,000,000","163,000,000","-2,000,000","-50,000,000","-43,000,000","-7,000,000","-490,000,000","-281,000,000","-73,000,000","5,000,000","-57,000,000","-73,000,000","-61,000,000","-68,000,000","-72,000,000","-86,000,000",,"-57,000,000","-97,100,000","-64,600,000","-60,900,000",,"-120,100,000","8,200,000","2,200,000","-1,300,000","762,300,000","-746,900,000","-183,000,000","-18,600,000","73,200,000","22,700,000","79,300,000","19,600,000","-258,500,000","22,600,000","30,000,000","26,200,000","39,100,000","36,800,000","28,600,000","77,500,000",,,,,,,,,,,,,,,,,,
TotalUnusualItems,"769,000,000","-121,000,000","-218,000,000","511,000,000","597,000,000","-944,000,000","-980,000,000","452,000,000","-214,000,000","-3,230,000,000","7,601,000,000","11,000,000","-263,000,000","-4,095,000,000","110,000,000","431,000,000","242,000,000","-1,433,000,000","-311,000,000","-56,000,000","-103,000,000","-1,400,000,000","-2,068,000,000","-1,422,000,000","-588,000,000","-2,323,000,000","-1,239,000,000","-254,000,000","14,000,000","-661,000,000","-199,000,000","-46,000,000","-686,000,000","-677,000,000","-640,000,000","1,050,000,000","62,000,000","-1,479,000,000","-990,000,000","-561,000,000","-1,944,000,000","-1,716,000,000","-1,101,000,000","-479,000,000","-894,000,000","-1,174,000,000","-499,000,000","-1,157,000,000","-780,000,000","-2,936,000,000","-353,000,000","-531,000,000","-497,000,000","-4,211,000,000","-1,100,000,000","-558,000,000","-243,000,000","-705,000,000","-195,000,000","-564,000,000","-693,000,000","-1,320,000,000","94,000,000","-422,000,000","-34,000,000","-543,000,000","-1,534,000,000","-323,000,000","-1,259,000,000","-1,195,000,000","-473,000,000","-187,000,000","-1,982,000,000","-1,836,000,000","-137,000,000","-5,319,000,000","-304,000,000","-228,000,000","-189,000,000","-141,000,000","-53,000,000","-240,000,000","-145,000,000","-266,000,000","-269,000,000","-550,000,000","-503,000,000","-258,000,000","163,000,000","-2,000,000","-50,000,000","-43,000,000","-7,000,000","-490,000,000","-281,000,000","-73,000,000","5,000,000","-57,000,000","-73,000,000","-61,000,000","-68,000,000","-72,000,000","-86,000,000",,"-57,000,000","-97,100,000","-64,600,000","-60,900,000",,"-120,100,000","8,200,000","2,200,000","-1,300,000","762,300,000","-746,900,000","-183,000,000","-18,600,000","73,200,000","22,700,000","79,300,000","19,600,000","-258,500,000","22,600,000","30,000,000","26,200,000","39,100,000","36,800,000","28,600,000","77,500,000",,,,,,,,,,,,,,,,,,
NormalizedEBITDA,"30,024,000,000","5,897,000,000","9,739,000,000","7,742,000,000","6,648,000,000","-256,000,000","4,834,000,000","5,124,000,000","5,707,000,000","3,522,000,000","5,088,000,000","6,047,000,000","6,492,000,000","5,160,000,000","5,991,000,000","5,984,000,000","5,762,000,000","4,291,000,000","5,782,000,000","5,757,000,000","5,918,000,000","4,022,000,000","5,359,000,000","5,511,000,000","5,880,000,000","3,728,000,000","5,486,000,000","5,272,000,000","4,637,000,000","4,148,000,000","5,455,000,000","5,816,000,000","5,310,000,000","5,677,000,000","6,074,000,000","6,186,000,000","6,024,000,000","5,917,000,000","6,077,000,000","7,088,000,000","7,139,000,000","6,775,000,000","7,440,000,000","6,870,000,000","6,574,000,000","4,457,000,000","4,596,000,000","8,501,000,000","6,790,000,000","4,546,000,000","5,646,000,000","5,117,000,000","5,805,000,000","9,453,000,000","6,118,000,000","5,135,000,000","5,530,000,000","4,397,000,000","2,398,000,000","4,188,000,000","6,710,000,000","5,184,000,000","5,105,000,000","5,270,000,000","5,846,000,000","5,615,000,000","6,632,000,000","5,117,000,000","6,794,000,000","7,201,000,000","6,162,000,000","5,058,000,000","8,354,000,000","6,380,000,000","3,848,000,000","8,163,000,000","4,067,000,000","3,775,000,000","3,662,000,000","2,985,000,000","3,501,000,000","3,299,000,000","3,234,000,000","3,120,000,000","3,311,000,000","3,108,000,000","3,025,000,000","2,509,000,000","1,434,000,000","1,469,000,000","1,204,000,000","1,230,000,000","1,291,000,000","1,331,000,000","1,440,000,000","1,180,000,000","1,086,000,000","1,022,000,000","1,086,000,000","888,000,000","1,112,000,000","994,000,000","1,023,000,000","680,000,000","967,000,000","878,700,000","841,300,000","687,800,000","746,500,000","701,400,000","572,800,000","464,700,000","637,900,000","-1,040,900,000","1,261,100,000","799,800,000","568,500,000","348,800,000","449,200,000","259,600,000","454,900,000","579,000,000","412,200,000","278,700,000","407,800,000","227,800,000","348,400,000","236,600,000","285,000,000","-3,209,300,000","1,438,500,000","1,302,700,000","1,436,300,000","-3,005,300,000","1,382,900,000","1,336,400,000","1,297,900,000","-2,703,800,000","1,297,900,000","1,227,100,000","1,119,600,000","-2,353,400,000","1,163,100,000","1,117,900,000","1,032,100,000","-2,086,600,000","1,012,800,000"
TaxRateForCalcs,"0.076","0.08","0.27","0.158","0.142","0.195","0.27","0.131","0.122","0.27","0.284","0.27","0.1","0.27","0.016","0.143","0.135","0.4","0.203","0.194","0.208","0.4","0.177","0.156","0.15","0.4","0.21","0.256","0.229","0.302","0.254","0.27","0.204","0.14","0.276","0.333","0.296","0.313","0.35","0.288","0.294","0.349","0.337","0.297","0.287","0.35","0.392","0.374","0.36","0.35","0.275","0.258","0.282","0.35","0.17","0.009","0.215","0.075","0.35","0.168","0.17","0.13","0.181","0.256","0.071","0.181","0.269","0.4","0.4","0.179","0.165","0.17","0.259","0.352","0.101","0.4","0.237","0.201","0.224","0.21","0.248","0.242","0.247","0.247","0.257","0.262","0.236","0.308","0.268","0.267","0.274","0.29","0.29","0.003","0.265","0.301","0.28","0.281","0.263","0.277","0.301","0.31","0.311","0.311","0.311","0.295","0.33","0.332","0.331","0.301","0.301","0.301","0.3","0.26","0.35","0.261","0.26","0.263","0.26","0.378","0.26","0.4","0.244","0.271","0.271","0.271","0.271","0.272","0.271",,,,,,,,,,,,,,,,,,
TaxEffectOfUnusualItems,"58,444,000","-9,661,486.971","-58,860,000","80,738,000","84,774,000","-184,149,384.188","-264,600,000","59,212,000","-26,108,000","-872,100,000","2,158,684,000","2,970,000","-26,300,000","-1,105,650,000","1,760,000","61,633,000","32,670,000","-573,200,000","-63,133,000","-10,864,000","-21,424,000","-560,000,000","-366,036,000","-221,832,000","-88,200,000","-929,200,000","-260,190,000","-65,024,000","3,206,000","-199,803,105.935","-50,546,000","-12,420,000","-139,944,000","-95,102,907.547","-176,640,000","349,650,000","18,352,000","-463,465,437.788","-346,500,000","-161,393,844.781","-571,092,831.962","-598,691,670.301","-370,600,981.194","-142,321,021.184","-256,329,698.525","-410,900,000","-195,441,666.667","-433,219,929.542","-281,182,761.875","-1,027,600,000","-97,072,777.638","-136,886,192.194","-140,357,086.511","-1,473,850,000","-187,105,069.802","-5,000,000","-52,125,105.426","-52,934,343.434","-68,250,000","-94,754,786.905","-117,808,290.155","-171,738,623.104","17,015,400.151","-108,134,933.506","-2,419,245.539","-98,272,511.144","-412,650,887.574","-129,200,000","-503,600,000","-213,453,843.955","-77,815,742.85","-31,748,541.424","-512,444,231.384","-646,750,788.644","-13,897,754.611","-2,127,600,000","-72,039,702.233","-45,716,475.096","-42,401,847.575","-29,555,331.179","-13,149,239.544","-58,049,535.604","-35,749,818.446","-65,637,808.448","-69,165,511.932","-143,828,451.883","-118,834,455.668","-79,587,492.483","43,682,382.134","-534,562.212","-13,716,356.108","-12,477,117.819","-2,030,487.805","-1,596,091.205","-74,559,201.141","-22,005,561.735","1,399,583.767","-16,012,886.598","-19,220,024.722","-16,890,822.785","-20,455,284.553","-22,290,410.959","-26,745,308.311","0","-17,708,000","-28,630,319.889","-21,344,112.478","-20,192,751.479","0","-36,128,051.078","2,468,176.153","662,809.019","-390,220.88","198,479,032.258","-261,652,866.242","-47,748,398.369","-4,833,070.866","19,262,202.381","5,905,048.495","30,012,595.303","5,100,225.62","-103,400,000","5,506,883.26","8,122,964.169","7,094,791.383","10,589,967.028","9,969,193.887","7,769,942.197","20,995,658.466",,,,,,,,,,,,,,,,,,