name,ttm,12/31/2021,09/30/2021,06/30/2021,03/31/2021,12/31/2020,09/30/2020,06/30/2020,03/31/2020,12/31/2019,09/30/2019,06/30/2019,03/31/2019,12/31/2018,09/30/2018,06/30/2018,03/31/2018,12/31/2017,09/30/2017,06/30/2017,03/31/2017,12/31/2016,09/30/2016,06/30/2016,03/31/2016,12/31/2015,09/30/2015,06/30/2015,03/31/2015,12/31/2014,09/30/2014,06/30/2014,03/31/2014,12/31/2013,09/30/2013,06/30/2013,03/31/2013,12/31/2012,09/30/2012,06/30/2012,03/31/2012,12/31/2011,09/30/2011,06/30/2011,03/31/2011,12/31/2010,09/30/2010,06/30/2010,03/31/2010,12/31/2009,09/30/2009,06/30/2009,03/31/2009,12/31/2008,09/30/2008,06/30/2008,03/31/2008,12/31/2007,09/30/2007,06/30/2007,03/31/2007,12/31/2006,09/30/2006,06/30/2006,03/31/2006,12/31/2005,09/30/2005,06/30/2005,03/31/2005,12/31/2004,09/30/2004,06/30/2004,03/31/2004,12/31/2003,09/30/2003,06/30/2003,03/31/2003,12/31/2002,09/30/2002,06/30/2002,03/31/2002,12/31/2001,09/30/2001,06/30/2001,03/31/2001,12/31/2000,09/30/2000,06/30/2000,03/31/2000,12/31/1999,09/30/1999,06/30/1999,03/31/1999,12/31/1998,09/30/1998,06/30/1998,03/31/1998,12/31/1997,09/30/1997,06/30/1997,03/31/1997,12/31/1996,09/30/1996,06/30/1996,03/31/1996,12/31/1995,09/30/1995,06/30/1995,03/31/1995,12/31/1994,09/30/1994,06/30/1994,03/31/1994,12/31/1993,09/30/1993,06/30/1993,03/31/1993,12/31/1992,09/30/1992,06/30/1992,03/31/1992,12/31/1991,09/30/1991,06/30/1991,03/31/1991,12/31/1990,09/30/1990,06/30/1990,03/31/1990,12/31/1989,09/30/1989,06/30/1989,03/31/1989,12/31/1988,09/30/1988,06/30/1988,03/31/1988,12/31/1987,09/30/1987,06/30/1987,03/31/1987,12/31/1986,09/30/1986,06/30/1986,03/31/1986,12/31/1985,09/30/1985
TotalRevenue,"78,346,000,000","20,953,000,000","20,338,000,000","18,946,000,000","18,109,000,000","19,745,000,000","19,318,000,000","17,698,000,000","17,214,000,000","18,240,000,000","17,798,000,000","17,094,000,000","16,462,000,000","17,438,000,000","16,690,000,000","16,503,000,000","16,281,000,000","17,395,000,000","16,653,000,000","16,079,000,000","15,605,000,000","16,856,000,000","16,518,000,000","16,102,000,000","15,755,000,000","16,915,000,000","16,527,000,000","17,790,000,000","18,142,000,000","20,161,000,000","20,792,000,000","19,018,000,000","20,559,000,000","22,280,000,000","21,205,000,000","20,655,000,000","20,598,000,000","22,175,000,000","20,739,000,000","20,212,000,000","20,194,000,000","22,135,000,000","21,917,000,000","20,860,000,000","20,230,000,000","21,347,000,000","20,122,000,000","18,926,000,000","19,178,000,000","21,027,000,000","19,807,000,000","18,662,000,000","18,417,000,000","20,368,000,000","22,026,000,000","21,266,000,000","20,463,000,000","21,575,000,000","20,199,000,000","19,272,000,000","18,694,000,000","19,725,000,000","18,785,000,000","17,842,000,000","17,250,000,000","18,337,000,000","14,793,000,000","14,258,000,000","14,287,000,000","14,452,000,000","13,744,000,000","12,962,000,000","13,029,000,000","13,221,000,000","12,195,000,000","10,920,000,000","10,656,000,000","11,005,000,000","10,796,000,000","10,169,000,000","9,900,000,000","10,403,000,000","9,766,000,000","9,582,000,000","9,511,000,000","10,182,000,000","9,969,000,000","9,661,000,000","9,783,000,000","10,588,000,000","9,919,000,000","9,450,000,000","9,231,000,000","9,934,000,000","9,510,000,000","9,276,000,000","8,881,000,000","9,641,000,000","9,355,000,000","8,948,000,000","8,771,000,000","9,142,000,000","8,903,000,000","8,580,000,000","8,587,000,000","9,090,000,000","9,027,000,000","8,494,000,000","8,312,000,000","8,467,000,000","8,161,000,000","7,503,000,000","7,441,000,000","7,788,000,000","7,564,000,000","7,365,000,000","7,350,000,000","7,839,000,000","7,879,000,000","7,167,000,000","7,483,000,000","7,507,000,000","7,205,000,000","6,722,000,000","6,795,000,000","6,857,000,000","6,652,000,000","6,216,000,000","6,123,000,000","6,025,000,000","5,575,000,000","5,433,000,000","5,430,000,000","5,268,000,000","5,267,000,000","4,973,000,000","4,860,000,000","4,839,000,000","4,664,000,000","4,167,000,000","4,222,000,000","4,255,000,000","4,356,000,000","3,888,000,000","4,081,000,000","3,865,000,000","3,605,000,000"
	OperatingRevenue,"78,346,000,000","20,953,000,000","20,338,000,000","18,946,000,000","18,109,000,000","19,745,000,000","19,318,000,000","17,698,000,000","17,214,000,000","18,240,000,000","17,798,000,000","17,094,000,000","16,462,000,000","17,438,000,000","16,690,000,000","16,503,000,000","16,281,000,000","17,395,000,000","16,653,000,000","16,079,000,000","15,605,000,000","16,856,000,000","16,518,000,000","16,102,000,000","15,755,000,000","16,915,000,000","16,527,000,000","17,790,000,000","18,142,000,000","20,161,000,000","20,792,000,000","19,018,000,000","20,559,000,000","22,280,000,000","21,205,000,000","20,655,000,000","20,598,000,000","22,175,000,000","20,739,000,000","20,212,000,000","20,194,000,000","22,135,000,000","21,917,000,000","20,860,000,000","20,230,000,000","21,347,000,000","20,122,000,000","18,926,000,000","19,178,000,000","21,027,000,000","19,807,000,000","18,662,000,000","18,417,000,000","20,368,000,000","22,026,000,000","21,266,000,000","20,463,000,000","21,575,000,000","20,199,000,000","19,272,000,000","18,694,000,000","19,725,000,000","18,785,000,000","17,842,000,000","17,250,000,000","18,337,000,000","14,793,000,000","14,258,000,000","14,287,000,000","14,452,000,000","13,744,000,000","12,962,000,000","13,029,000,000","13,221,000,000","12,195,000,000","10,920,000,000","10,656,000,000","11,005,000,000","10,796,000,000","10,169,000,000","9,900,000,000","10,403,000,000","9,766,000,000","9,582,000,000","9,511,000,000","10,182,000,000","9,969,000,000","9,661,000,000","9,783,000,000","10,588,000,000","9,919,000,000","9,450,000,000","9,231,000,000","9,934,000,000","9,510,000,000","9,276,000,000","8,881,000,000","9,641,000,000","9,355,000,000","8,948,000,000","8,771,000,000","9,142,000,000","8,903,000,000","8,580,000,000","8,587,000,000","9,090,000,000","9,027,000,000","8,494,000,000","8,312,000,000","8,467,000,000","8,161,000,000","7,503,000,000","7,441,000,000","7,788,000,000","7,564,000,000","7,365,000,000","7,350,000,000","7,839,000,000","7,879,000,000","7,167,000,000","7,483,000,000","7,507,000,000","7,205,000,000","6,722,000,000","6,795,000,000","6,857,000,000","6,652,000,000","6,216,000,000","6,123,000,000","6,025,000,000","5,575,000,000","5,433,000,000","5,430,000,000","5,268,000,000","5,267,000,000","4,973,000,000","4,860,000,000","4,839,000,000","4,664,000,000","4,167,000,000","4,222,000,000","4,255,000,000","4,356,000,000","3,888,000,000","4,081,000,000","3,865,000,000","3,605,000,000"
CostOfRevenue,"39,742,000,000","10,664,000,000","10,365,000,000","9,791,000,000","8,922,000,000","9,253,000,000","9,142,000,000","8,942,000,000","8,716,000,000","8,869,000,000","8,723,000,000","8,938,000,000","8,427,000,000","8,919,000,000","8,484,000,000","9,029,000,000","8,343,000,000","8,667,000,000","8,229,000,000","8,299,000,000","7,836,000,000","8,298,000,000","8,102,000,000","8,382,000,000","7,915,000,000","8,460,000,000","8,152,000,000","9,257,000,000","9,327,000,000","10,083,000,000","10,552,000,000","9,919,000,000","10,601,000,000","11,130,000,000","10,810,000,000","10,854,000,000","10,344,000,000","10,880,000,000","10,350,000,000","10,497,000,000","10,237,000,000","11,125,000,000","11,061,000,000","10,787,000,000","10,005,000,000","10,287,000,000","9,689,000,000","9,560,000,000","9,225,000,000","9,736,000,000","9,398,000,000","9,267,000,000","9,161,000,000","9,850,000,000","10,905,000,000","10,808,000,000","9,974,000,000","10,394,000,000","9,519,000,000","9,476,000,000","9,057,000,000","9,287,000,000","8,865,000,000","8,894,000,000","8,340,000,000","8,732,000,000","7,159,000,000","7,289,000,000","7,033,000,000","6,871,000,000","6,611,000,000","6,479,000,000","6,394,000,000","6,324,000,000","5,879,000,000","5,768,000,000","5,394,000,000","5,490,000,000","5,489,000,000","5,469,000,000","5,070,000,000","5,339,000,000","5,111,000,000","6,203,000,000","5,175,000,000","5,417,000,000","5,307,000,000","5,418,000,000","5,327,000,000","5,563,000,000","5,206,000,000","5,705,000,000","4,944,000,000","5,375,000,000","5,182,000,000","5,306,000,000","5,228,000,000","5,322,000,000","5,208,000,000","5,328,000,000","4,918,000,000","5,068,000,000","5,002,000,000","5,260,000,000","5,026,000,000","5,265,000,000","5,211,000,000","5,316,000,000","4,879,000,000","4,832,000,000","4,596,000,000","4,233,000,000","3,787,000,000","4,115,500,000","3,951,000,000","3,783,000,000","4,079,000,000","4,214,000,000","4,451,000,000","4,142,000,000","4,114,000,000","4,107,000,000","3,910,000,000","3,990,000,000","3,800,000,000","3,780,000,000","3,555,000,000","3,595,000,000","3,456,000,000","3,598,000,000",,,,,,,,,,,,,,,,,
GrossProfit,"38,604,000,000","10,289,000,000","9,973,000,000","9,155,000,000","9,187,000,000","10,492,000,000","10,176,000,000","8,756,000,000","8,498,000,000","9,371,000,000","9,075,000,000","8,156,000,000","8,035,000,000","8,519,000,000","8,206,000,000","7,474,000,000","7,938,000,000","8,728,000,000","8,424,000,000","7,780,000,000","7,769,000,000","8,558,000,000","8,416,000,000","7,720,000,000","7,840,000,000","8,455,000,000","8,375,000,000","8,533,000,000","8,815,000,000","10,078,000,000","10,240,000,000","9,099,000,000","9,958,000,000","11,150,000,000","10,395,000,000","9,801,000,000","10,254,000,000","11,295,000,000","10,389,000,000","9,715,000,000","9,957,000,000","11,010,000,000","10,856,000,000","10,073,000,000","10,225,000,000","11,060,000,000","10,433,000,000","9,366,000,000","9,953,000,000","11,291,000,000","10,409,000,000","9,395,000,000","9,256,000,000","10,518,000,000","11,121,000,000","10,458,000,000","10,489,000,000","11,181,000,000","10,680,000,000","9,796,000,000","9,637,000,000","10,438,000,000","9,920,000,000","8,948,000,000","8,910,000,000","9,605,000,000","7,634,000,000","6,969,000,000","7,254,000,000","7,581,000,000","7,133,000,000","6,483,000,000","6,635,000,000","6,897,000,000","6,316,000,000","5,152,000,000","5,262,000,000","5,515,000,000","5,307,000,000","4,700,000,000","4,830,000,000","5,064,000,000","4,655,000,000","3,379,000,000","4,336,000,000","4,765,000,000","4,662,000,000","4,243,000,000","4,456,000,000","5,025,000,000","4,713,000,000","3,745,000,000","4,287,000,000","4,559,000,000","4,328,000,000","3,970,000,000","3,653,000,000","4,319,000,000","4,147,000,000","3,620,000,000","3,853,000,000","4,074,000,000","3,901,000,000","3,320,000,000","3,561,000,000","3,825,000,000","3,816,000,000","3,178,000,000","3,433,000,000","3,635,000,000","3,565,000,000","3,270,000,000","3,654,000,000","3,672,500,000","3,613,000,000","3,582,000,000","3,271,000,000","3,625,000,000","3,428,000,000","3,025,000,000","3,369,000,000","3,400,000,000","3,295,000,000","2,732,000,000","2,995,000,000","3,077,000,000","3,097,000,000","2,621,000,000","2,667,000,000","2,427,000,000",,,,,,,,,,,,,,,,,
OperatingExpense,"21,088,000,000","5,121,000,000","4,950,000,000","5,615,000,000","5,402,000,000","5,112,000,000","4,895,000,000","5,275,000,000","5,045,000,000","4,889,000,000","4,785,000,000","5,003,000,000","4,806,000,000","4,623,000,000","4,652,000,000","4,797,000,000","4,642,000,000","4,725,000,000","4,689,000,000","4,831,000,000","4,409,000,000","4,683,000,000","4,645,000,000","5,218,000,000","4,522,000,000","4,602,000,000","4,607,000,000","5,575,000,000","5,680,000,000","6,131,000,000","6,327,000,000","5,972,000,000","6,500,000,000","6,598,000,000","6,244,000,000","6,860,000,000","6,849,000,000","6,803,000,000","6,438,000,000","6,652,000,000","6,636,000,000","6,717,000,000","6,522,000,000","6,788,000,000","6,453,000,000","6,800,000,000","5,932,000,000","6,416,000,000","5,985,000,000","6,636,000,000","5,961,000,000","5,822,000,000","5,526,000,000","6,267,000,000","6,436,000,000","6,618,000,000","6,378,000,000","6,467,000,000","6,262,000,000","6,395,000,000","5,991,000,000","6,088,000,000","5,866,000,000","5,999,000,000","5,559,000,000","5,713,000,000","4,577,000,000","4,670,000,000","4,566,000,000","4,511,000,000","4,263,000,000","4,344,000,000","4,332,000,000","4,155,000,000","3,673,000,000","3,683,000,000","3,305,000,000","3,267,000,000","3,128,000,000","3,302,000,000","3,176,000,000","3,200,000,000","2,893,000,000","3,435,000,000","3,034,000,000","3,054,000,000","2,883,000,000","3,298,000,000","3,136,000,000","3,183,000,000","2,866,000,000","2,868,000,000","2,622,000,000","2,722,000,000","2,454,000,000","2,858,000,000","2,137,000,000","2,631,000,000","2,408,000,000","2,583,000,000","2,470,000,000","2,553,000,000","2,354,000,000","2,485,000,000","2,368,000,000","2,473,000,000","2,381,000,000","2,500,000,000","2,376,000,000","2,445,000,000","2,311,000,000","2,721,000,000","2,731,000,000","2,649,500,000","2,528,000,000","5,506,000,000","2,511,000,000","2,718,000,000","2,715,000,000","2,611,000,000","2,682,000,000","2,532,000,000","2,397,000,000","2,321,000,000","2,401,000,000","2,278,000,000","2,199,000,000","2,155,000,000","2,069,000,000","1,973,000,000",,,,,,,,,,,,,,,,,
	SellingGeneralAndAdministration,"21,088,000,000","5,121,000,000","4,950,000,000","5,615,000,000","5,402,000,000","5,112,000,000","4,895,000,000","5,275,000,000","5,045,000,000","4,889,000,000","4,785,000,000","5,003,000,000","4,806,000,000","4,623,000,000","4,652,000,000","4,797,000,000","4,642,000,000","4,725,000,000","4,689,000,000","4,831,000,000","4,409,000,000","4,683,000,000","4,645,000,000","5,218,000,000","4,522,000,000","4,602,000,000","4,607,000,000","5,575,000,000","5,680,000,000","6,131,000,000","6,327,000,000","5,972,000,000","6,500,000,000","6,598,000,000","6,244,000,000","6,860,000,000","6,849,000,000","6,803,000,000","6,438,000,000","6,652,000,000","6,636,000,000","6,717,000,000","6,522,000,000","6,788,000,000","6,453,000,000","6,800,000,000","5,932,000,000","6,416,000,000","5,985,000,000","6,636,000,000","5,961,000,000","5,822,000,000","5,526,000,000","6,267,000,000","6,436,000,000","6,618,000,000","6,378,000,000","6,467,000,000","6,262,000,000","6,395,000,000","5,991,000,000","6,088,000,000","5,866,000,000","5,999,000,000","5,559,000,000","5,713,000,000","4,577,000,000","4,670,000,000","4,566,000,000","4,511,000,000","4,263,000,000","4,344,000,000","4,332,000,000","4,155,000,000","3,673,000,000","3,683,000,000","3,305,000,000","3,267,000,000","3,128,000,000","3,302,000,000","3,176,000,000","3,200,000,000","2,893,000,000","3,435,000,000","3,034,000,000","3,054,000,000","2,883,000,000","3,298,000,000","3,136,000,000","3,183,000,000","2,866,000,000","2,868,000,000","2,622,000,000","2,722,000,000","2,454,000,000","2,858,000,000","2,137,000,000","2,631,000,000","2,408,000,000","2,583,000,000","2,470,000,000","2,553,000,000","2,354,000,000","2,485,000,000","2,368,000,000","2,473,000,000","2,381,000,000","2,500,000,000","2,376,000,000","2,445,000,000","2,311,000,000","2,429,000,000","2,310,000,000","2,371,000,000","2,251,000,000","5,185,000,000","2,238,000,000","2,435,000,000","2,436,000,000","2,338,000,000","2,414,000,000","2,271,000,000","2,148,000,000","2,089,000,000","2,160,000,000","2,031,000,000","1,963,000,000","1,926,000,000","1,859,000,000","1,759,000,000",,,,,,,,,,,,,,,,,
	DepreciationAmortizationDepletionIncomeStatement,,,,,,,,,,,,,,,,,,,,,,,,,,,,,,,,,,,,,,,,,,,,,,,,,,,,,,,,,,,,,,,,,,,,,,,,,,,,,,,,,,,,,,,,,,,,,,,,,,,,,,,,,,,,,,,,"292,000,000","421,000,000","278,500,000","277,000,000","321,000,000","273,000,000","283,000,000","279,000,000","273,000,000","268,000,000","261,000,000","249,000,000","232,000,000","241,000,000","247,000,000","236,000,000","229,000,000","210,000,000","214,000,000",,,,,,,,,,,,,,,,,
		DepreciationAndAmortizationInIncomeStatement,,,,,,,,,,,,,,,,,,,,,,,,,,,,,,,,,,,,,,,,,,,,,,,,,,,,,,,,,,,,,,,,,,,,,,,,,,,,,,,,,,,,,,,,,,,,,,,,,,,,,,,,,,,,,,,,"292,000,000","421,000,000","278,500,000","277,000,000","321,000,000","273,000,000","283,000,000","279,000,000","273,000,000","268,000,000","261,000,000","249,000,000","232,000,000","241,000,000","247,000,000","236,000,000","229,000,000","210,000,000","214,000,000",,,,,,,,,,,,,,,,,
OperatingIncome,"17,516,000,000","5,168,000,000","5,023,000,000","3,540,000,000","3,785,000,000","5,380,000,000","5,281,000,000","3,481,000,000","3,453,000,000","4,482,000,000","4,290,000,000","3,153,000,000","3,229,000,000","3,896,000,000","3,554,000,000","2,677,000,000","3,296,000,000","4,003,000,000","3,735,000,000","2,949,000,000","3,360,000,000","3,875,000,000","3,771,000,000","2,502,000,000","3,318,000,000","3,853,000,000","3,768,000,000","2,958,000,000","3,135,000,000","3,947,000,000","3,913,000,000","3,127,000,000","3,458,000,000","4,552,000,000","4,151,000,000","2,941,000,000","3,405,000,000","4,492,000,000","3,951,000,000","3,063,000,000","3,321,000,000","4,293,000,000","4,334,000,000","3,285,000,000","3,772,000,000","4,260,000,000","4,501,000,000","2,950,000,000","3,968,000,000","4,655,000,000","4,448,000,000","3,573,000,000","3,730,000,000","4,251,000,000","4,685,000,000","3,840,000,000","4,111,000,000","4,714,000,000","4,418,000,000","3,401,000,000","3,646,000,000","4,350,000,000","4,054,000,000","2,949,000,000","3,351,000,000","3,892,000,000","3,057,000,000","2,299,000,000","2,688,000,000","3,070,000,000","2,870,000,000","2,139,000,000","2,303,000,000","2,742,000,000","2,643,000,000","1,469,000,000","1,957,000,000","2,248,000,000","2,179,000,000","1,398,000,000","1,654,000,000","1,864,000,000","1,762,000,000","-56,000,000","1,302,000,000","1,711,000,000","1,779,000,000","945,000,000","1,320,000,000","1,842,000,000","1,847,000,000","877,000,000","1,665,000,000","1,837,000,000","1,874,000,000","1,112,000,000","1,516,000,000","1,688,000,000","1,739,000,000","1,037,000,000","1,383,000,000","1,521,000,000","1,547,000,000","835,000,000","1,193,000,000","1,352,000,000","1,435,000,000","678,000,000","1,057,000,000","1,190,000,000","1,254,000,000","549,000,000","923,000,000","1,023,000,000","1,085,000,000","-1,924,000,000","760,000,000","907,000,000","713,000,000","414,000,000","687,000,000","868,000,000","898,000,000","411,000,000","594,000,000","799,000,000","898,000,000","466,000,000","598,000,000","454,000,000","5,575,000,000","-13,926,000,000","5,430,000,000","5,268,000,000","5,267,000,000","-12,567,000,000","4,860,000,000","4,839,000,000","4,664,000,000","-12,026,000,000","4,222,000,000","4,255,000,000","4,356,000,000","-10,246,000,000","4,081,000,000","3,865,000,000","3,605,000,000"
NetNonOperatingInterestIncomeExpense,"-391,000,000","-96,000,000","-98,000,000","-102,000,000","-95,000,000","-134,000,000","-126,000,000","-135,000,000","-61,000,000","-64,000,000","-50,000,000","-59,000,000","-79,000,000","-75,000,000","-76,000,000","-73,000,000","-64,000,000","-56,000,000","-66,000,000","-68,000,000","-50,000,000","-80,000,000","-96,000,000","-103,000,000","-113,000,000","-85,000,000","-96,000,000","-99,000,000","-111,000,000","-126,000,000","-138,000,000","-151,000,000","-150,000,000","-164,000,000","-144,000,000","-76,000,000","-163,000,000","-169,000,000","-172,000,000","-182,000,000","-179,000,000","-201,000,000","-207,000,000","-212,000,000","-202,000,000","-209,000,000","-208,000,000","-212,000,000","-223,000,000","-224,000,000","-287,000,000","-329,000,000","-336,000,000",,,,,,,,,,,,,,,,,,,,,,,,,,,,,,,,,,,,,,,,,,,,,,,,,,,,,,,,,,,,,,,,,,,,,,,,,,,,,,,,,,,,,,,,,,,,,,
	InterestIncomeNonOperating,"47,000,000","10,000,000","11,000,000","15,000,000","11,000,000","9,000,000","10,000,000","22,000,000","39,000,000","36,000,000","58,000,000","52,000,000","52,000,000","63,000,000","53,000,000","63,000,000","69,000,000","66,000,000","49,000,000","48,000,000","46,000,000","42,000,000","35,000,000","47,000,000","33,000,000","58,000,000","44,000,000","48,000,000","38,000,000","34,000,000","31,000,000","27,000,000","29,000,000","23,000,000","21,000,000","28,000,000",,,,,,,,,,,,,,,,,,,,,,,,,,,,,,,,,,,,,,,,,,,,,,,,,,,,,,,,,,,,,,,,,,,,,,,,,,,,,,,,,,,,,,,,,,,,,,,,,,,,,,,,,,,,,,,
	InterestExpenseNonOperating,"438,000,000","106,000,000","109,000,000","117,000,000","106,000,000","143,000,000","136,000,000","157,000,000","100,000,000","100,000,000","108,000,000","111,000,000","131,000,000","138,000,000","129,000,000","136,000,000","133,000,000","122,000,000","115,000,000","116,000,000","96,000,000","122,000,000","131,000,000","150,000,000","146,000,000","143,000,000","140,000,000","147,000,000","149,000,000","160,000,000","169,000,000","178,000,000","179,000,000","187,000,000","165,000,000","163,000,000","163,000,000","169,000,000","172,000,000","182,000,000","179,000,000","201,000,000","207,000,000","212,000,000","202,000,000","209,000,000","208,000,000","212,000,000","223,000,000","224,000,000","287,000,000","329,000,000","336,000,000",,,,,,,,,,,,,,,,,,,,,,,,,,,,,,,,,,,,,,,,,,,,,,,,,,,,,,,,,,,,,,,,,,,,,,,,,,,,,,,,,,,,,,,,,,,,,,
OtherIncomeExpense,"590,000,000","167,000,000","110,000,000","126,000,000","187,000,000","-369,000,000","142,000,000","115,000,000","106,000,000","114,000,000","103,000,000","-8,159,000,000","128,000,000","95,000,000","462,000,000","-315,000,000","21,000,000","86,000,000","82,000,000","46,000,000","26,000,000","-539,000,000","63,000,000","287,000,000","21,000,000","35,000,000","-18,000,000","-1,590,000,000","53,000,000","19,000,000","-952,000,000","138,000,000","20,000,000","43,000,000","5,000,000","-354,000,000","46,000,000","895,000,000","47,000,000","24,000,000","45,000,000","-1,384,000,000","-32,000,000","132,000,000","71,000,000","39,000,000","-11,000,000","-121,000,000","17,000,000","53,000,000","23,000,000","40,000,000","93,000,000","91,000,000","337,000,000","67,000,000","10,000,000","192,000,000","193,000,000","135,000,000","169,000,000","79,000,000","180,000,000","62,000,000","79,000,000","68,000,000","74,000,000","49,000,000","60,000,000","55,000,000","182,000,000","16,000,000","67,000,000","29,000,000","40,000,000","24,000,000","37,000,000","74,000,000","103,000,000","46,000,000","40,000,000","200,000,000","22,000,000","50,000,000","227,000,000","294,000,000","103,000,000","157,000,000","51,000,000","51,000,000","45,000,000","72,000,000","53,000,000","60,000,000","50,000,000","54,000,000","50,000,000","47,000,000","51,000,000","64,000,000","53,000,000","45,000,000","56,000,000","149,000,000","75,000,000","52,000,000","62,000,000","109,000,000","5,000,000","94,000,000","101,000,000","127,000,000","-78,000,000","105,000,000","94,000,000","158,000,000","110,000,000","99,000,000","78,000,000","202,000,000","172,000,000","90,000,000","64,000,000","125,000,000","113,000,000","72,000,000","70,000,000","80,000,000","85,000,000","214,000,000",,,,,,,,,,,,,,,,,
	SpecialIncomeCharges,,,,,,,,"0",,,,"-8,345,000,000",,,,,,,,,,,,"0",,,,"-2,028,000,000",,,"-973,000,000","0",,,,"-308,000,000","0","0",,"-238,000,000","45,000,000","-1,384,000,000","-32,000,000","132,000,000","71,000,000","39,000,000","-11,000,000","-121,000,000","17,000,000","53,000,000","23,000,000","40,000,000","93,000,000","91,000,000","337,000,000","67,000,000","10,000,000","192,000,000","193,000,000","135,000,000","169,000,000","79,000,000","180,000,000","62,000,000","79,000,000","68,000,000","74,000,000","49,000,000","60,000,000","55,000,000","182,000,000","16,000,000","67,000,000","29,000,000","40,000,000","24,000,000","37,000,000","74,000,000","103,000,000","46,000,000","40,000,000","200,000,000","22,000,000","50,000,000","227,000,000","294,000,000","103,000,000","157,000,000","51,000,000","51,000,000","45,000,000","72,000,000","53,000,000","60,000,000","50,000,000","54,000,000","50,000,000","47,000,000","51,000,000","64,000,000","53,000,000","45,000,000","56,000,000","149,000,000","75,000,000","52,000,000","62,000,000","109,000,000","5,000,000","94,000,000","101,000,000","127,000,000","-78,000,000","105,000,000","94,000,000","158,000,000","110,000,000","99,000,000","78,000,000","202,000,000","172,000,000","90,000,000","64,000,000","125,000,000","113,000,000","72,000,000","70,000,000","80,000,000","85,000,000","214,000,000",,,,,,,,,,,,,,,,,
		ImpairmentOfCapitalAssets,,,,,,,,"0",,,,"8,345,000,000",,,,,,,,,,,,,,,,,,,"973,000,000","0",,,,"308,000,000","0","0",,"0","22,000,000","1,554,000,000",,,,"0",,,,,,,,,,,,,,,,,,,,,,,,,,,,,,,,,,,,,,,,,,,,,,,,,,,,,,,,,,,,,,,,,,,,,,,,,,,,,,,,,,,,,,,,,,,,,,,,,,,,,
		OtherSpecialCharges,,,,,,,,,,,,,,,,,,,,,,,,,,,,,,,,,,,,,,,,,"-67,000,000","-170,000,000",,,,"-39,000,000",,,,,,,,,,,,,,,,,,,,,,,,,,,,,,,,,,,,,,,,,,,,,,,,,,,,,,,,,,,,,,,,,,,,,,,,,,,,,,,,,,,,,,,,,,,,,,,,,,,,,
		GainOnSaleOfBusiness,,,,,,,,,,,,,,,,,,,,,,,,"0",,,,"-2,028,000,000",,,,,,,,,,,,,,,,,,,,,,,,,,,,,,,,,,,,,,,,,,,,,,,,,,,,,,,,,,,,,,,,,,,,,,,,,,,,,,,,,,,,,,,,,,,,,,,,,,,,,,,,,,,,,,,,,,,,,,,
	OtherNonOperatingIncomeExpenses,"590,000,000","167,000,000","110,000,000","126,000,000","187,000,000","-369,000,000","142,000,000","115,000,000","106,000,000","114,000,000","103,000,000","186,000,000","128,000,000","95,000,000","462,000,000","-315,000,000","21,000,000","86,000,000","82,000,000","46,000,000","26,000,000","-539,000,000","63,000,000","287,000,000","21,000,000","35,000,000","-18,000,000","438,000,000","53,000,000","19,000,000","21,000,000","138,000,000","20,000,000","43,000,000","5,000,000","-46,000,000","46,000,000","895,000,000","47,000,000","24,000,000",,,,,,,,,,,,,,,,,,,,,,,,,,,,,,,,,,,,,,,,,,,,,,,,,,,,,,,,,,,,,,,,,,,,,,,,,,,,,,,,,,,,,,,,,,,,,,,,,,,,,,,,,,,
PretaxIncome,"17,715,000,000","5,239,000,000","5,035,000,000","3,564,000,000","3,877,000,000","4,877,000,000","5,297,000,000","3,461,000,000","3,498,000,000","4,532,000,000","4,343,000,000","-5,065,000,000","3,278,000,000","3,916,000,000","3,940,000,000","2,289,000,000","3,253,000,000","4,033,000,000","3,751,000,000","2,927,000,000","3,336,000,000","3,256,000,000","3,738,000,000","2,686,000,000","3,226,000,000","3,803,000,000","3,654,000,000","1,269,000,000","3,077,000,000","3,840,000,000","2,823,000,000","3,114,000,000","3,328,000,000","4,431,000,000","4,012,000,000","2,511,000,000","3,288,000,000","5,218,000,000","3,826,000,000","2,905,000,000","3,187,000,000","2,708,000,000","4,095,000,000","3,205,000,000","3,641,000,000","4,090,000,000","4,282,000,000","2,617,000,000","3,762,000,000","4,484,000,000","4,184,000,000","3,284,000,000","3,487,000,000","3,988,000,000","4,683,000,000","3,552,000,000","3,757,000,000","4,517,000,000","4,252,000,000","3,208,000,000","3,536,000,000","4,090,000,000","3,876,000,000","2,711,000,000","3,129,000,000","3,661,000,000","2,912,000,000","2,117,000,000","2,526,000,000","2,925,000,000","2,871,000,000","1,980,000,000","2,206,000,000","2,622,000,000","2,542,000,000","1,357,000,000","1,856,000,000","2,179,000,000","2,138,000,000","1,294,000,000","1,548,000,000","1,914,000,000","1,627,000,000","-193,000,000","1,325,000,000","1,781,000,000","1,703,000,000","885,000,000","1,191,000,000","1,715,000,000","1,745,000,000","790,000,000","1,550,000,000","1,731,000,000","1,767,000,000","1,013,000,000","1,432,000,000","1,594,000,000","1,669,000,000","996,000,000","1,330,000,000","1,432,000,000","1,491,000,000","867,000,000","1,147,000,000","1,281,000,000","1,374,000,000","667,000,000","938,000,000","1,159,000,000","1,236,000,000","561,000,000","726,000,000","1,005,000,000","1,054,000,000","-1,976,000,000","760,000,000","895,000,000","670,000,000","497,000,000","725,000,000","821,000,000","842,000,000","441,000,000","624,000,000","759,000,000","863,000,000","409,000,000","595,000,000","543,000,000",,,,,,,,,,,,,,,,,
TaxProvision,"3,190,000,000","997,000,000","909,000,000","656,000,000","628,000,000","990,000,000","989,000,000","675,000,000","541,000,000","789,000,000","726,000,000","172,000,000","502,000,000","700,000,000","729,000,000","399,000,000","713,000,000","1,472,000,000","881,000,000","725,000,000","780,000,000","695,000,000","863,000,000","678,000,000","889,000,000","898,000,000","877,000,000","629,000,000","602,000,000","865,000,000","820,000,000","572,000,000","692,000,000","959,000,000","955,000,000","629,000,000","697,000,000","1,142,000,000","973,000,000","692,000,000","754,000,000","995,000,000","1,071,000,000","695,000,000","768,000,000","728,000,000","1,201,000,000","432,000,000","1,177,000,000","1,335,000,000","1,157,000,000","813,000,000","902,000,000","1,026,000,000","1,335,000,000","536,000,000","1,047,000,000","1,247,000,000","1,173,000,000","940,000,000","1,024,000,000","1,228,000,000","1,178,000,000","813,000,000","918,000,000","1,115,000,000","883,000,000","620,000,000","806,000,000","886,000,000","870,000,000","606,000,000","678,000,000","804,000,000","781,000,000","402,000,000","583,000,000","685,000,000","674,000,000","384,000,000","509,000,000","615,000,000","523,000,000","127,000,000","432,000,000","587,000,000","548,000,000","369,000,000","438,000,000","589,000,000","598,000,000","376,000,000","510,000,000","589,000,000","600,000,000","326,000,000","471,000,000","548,000,000","582,000,000","385,000,000","449,000,000","488,000,000","512,000,000","313,000,000","387,000,000","445,000,000","478,000,000","195,000,000","307,000,000","409,000,000","444,000,000","155,000,000","244,000,000","352,000,000","384,000,000","-708,000,000","244,000,000","305,000,000","239,000,000","158,000,000","251,000,000","298,000,000","306,000,000","137,000,000","200,000,000","269,000,000","308,000,000","125,000,000","191,000,000","193,000,000",,,,,,,,,,,,,,,,,
NetIncomeCommonStockholders,"14,231,000,000","4,153,000,000","4,042,000,000","2,832,000,000","3,204,000,000","3,788,000,000","4,211,000,000","2,730,000,000","2,853,000,000","3,653,000,000","3,528,000,000","-5,309,000,000","2,681,000,000","3,129,000,000","3,133,000,000","1,824,000,000","2,437,000,000","2,433,000,000","2,791,000,000","2,152,000,000","2,462,000,000","7,814,000,000","2,651,000,000","1,888,000,000","2,687,000,000","3,142,000,000","2,536,000,000","451,000,000","2,094,000,000","2,302,000,000","1,930,000,000","2,508,000,000","2,552,000,000","3,361,000,000","2,969,000,000","1,807,000,000","2,512,000,000","3,992,000,000","2,757,000,000","3,556,000,000","2,349,000,000","1,571,000,000","2,969,000,000","2,444,000,000","2,822,000,000","3,217,000,000","3,028,000,000","2,115,000,000","2,536,000,000","4,609,000,000","3,257,000,000","2,418,000,000","2,568,000,000","4,957,000,000","3,301,000,000","2,966,000,000","2,669,000,000","3,227,000,000","3,037,000,000","2,223,000,000","2,474,000,000","2,823,000,000","2,659,000,000","1,857,000,000","2,176,000,000","2,510,000,000","2,029,000,000","1,459,000,000","1,688,000,000","2,006,000,000","1,968,000,000","1,340,000,000","1,496,000,000","1,786,000,000","1,728,000,000","924,000,000","1,242,000,000","1,463,000,000","1,432,000,000","880,000,000","1,008,000,000","1,268,000,000","1,072,000,000","-350,000,000","863,000,000","1,164,000,000","1,124,000,000","488,000,000","725,000,000","1,097,000,000","1,117,000,000","387,000,000","1,012,000,000","1,113,000,000","1,142,000,000","661,000,000","935,000,000","1,020,000,000","1,061,000,000","585,000,000","855,000,000","918,000,000","953,000,000","529,000,000","734,000,000","810,000,000","870,000,000","447,000,000","605,000,000","724,000,000","766,000,000","380,000,000","456,000,000","628,000,000","645,000,000","-2,222,000,000","492,000,000","566,000,000","407,000,000","317,000,000","450,000,000","498,000,000","513,000,000","279,000,000","399,000,000","474,000,000","543,000,000","272,000,000","392,000,000","339,000,000",,,,,,,,,,,,,,,,,
	NetIncome,"14,510,000,000","4,223,000,000","4,112,000,000","2,906,000,000","3,269,000,000","3,854,000,000","4,277,000,000","2,800,000,000","2,917,000,000","3,717,000,000","3,593,000,000","-5,241,000,000","2,745,000,000","3,194,000,000","3,199,000,000","1,891,000,000","2,511,000,000","2,495,000,000","2,853,000,000","2,215,000,000","2,522,000,000","7,875,000,000","2,714,000,000","1,951,000,000","2,750,000,000","3,206,000,000","2,601,000,000","521,000,000","2,153,000,000","2,372,000,000","1,990,000,000","2,579,000,000","2,609,000,000","3,428,000,000","3,027,000,000","1,875,000,000","2,566,000,000","4,057,000,000","2,814,000,000","3,631,000,000","2,411,000,000","1,690,000,000","3,024,000,000","2,510,000,000","2,873,000,000","3,333,000,000","3,081,000,000","2,185,000,000","2,585,000,000","4,659,000,000","3,307,000,000","2,471,000,000","2,613,000,000","5,004,000,000","3,348,000,000","3,016,000,000","2,710,000,000","3,270,000,000","3,079,000,000","2,268,000,000","2,512,000,000","2,862,000,000","2,698,000,000","1,898,000,000","2,211,000,000","2,546,000,000","2,029,000,000","1,497,000,000","1,720,000,000","2,039,000,000","2,001,000,000","1,374,000,000","1,528,000,000","1,818,000,000","1,761,000,000","955,000,000","1,273,000,000","1,494,000,000","1,464,000,000","910,000,000","1,039,000,000","1,299,000,000","1,104,000,000","-320,000,000","893,000,000","1,194,000,000","1,155,000,000","516,000,000","753,000,000","1,126,000,000","1,147,000,000","414,000,000","1,040,000,000","1,142,000,000","1,167,000,000","687,000,000","961,000,000","1,046,000,000","1,087,000,000","611,000,000","881,000,000","944,000,000","979,000,000","554,000,000","760,000,000","836,000,000","896,000,000","472,000,000","631,000,000","750,000,000","792,000,000","406,000,000","482,000,000","653,000,000","670,000,000","-2,193,000,000","516,000,000","590,000,000","431,000,000","339,000,000","474,000,000","523,000,000","536,000,000","304,000,000","424,000,000","490,000,000","555,000,000","284,000,000","404,000,000","350,000,000",,,,,,,,,,,,,,,,,
		NetIncomeIncludingNoncontrollingInterests,"14,525,000,000","4,242,000,000","4,126,000,000","2,908,000,000","3,249,000,000","3,887,000,000","4,308,000,000","2,786,000,000","2,957,000,000","3,743,000,000","3,617,000,000","-5,237,000,000","2,776,000,000","3,216,000,000","3,211,000,000","1,890,000,000","2,540,000,000","2,561,000,000","2,870,000,000","2,202,000,000","2,556,000,000","7,896,000,000","2,757,000,000","1,958,000,000","2,783,000,000","3,228,000,000","2,635,000,000","538,000,000","2,188,000,000","2,398,000,000","2,020,000,000","2,620,000,000","2,636,000,000","3,472,000,000","3,057,000,000","1,882,000,000","2,591,000,000","4,076,000,000","2,853,000,000","3,667,000,000","2,467,000,000","1,713,000,000","3,024,000,000","2,510,000,000","2,873,000,000","3,362,000,000","3,081,000,000","2,185,000,000","2,585,000,000","4,659,000,000","3,307,000,000","2,471,000,000","2,613,000,000","5,004,000,000","3,348,000,000","3,016,000,000","2,710,000,000","3,270,000,000","3,079,000,000","2,268,000,000","2,512,000,000","2,862,000,000","2,698,000,000","1,898,000,000","2,211,000,000","2,546,000,000","2,029,000,000","1,497,000,000","1,720,000,000","2,039,000,000","2,001,000,000","1,374,000,000","1,528,000,000","1,818,000,000","1,761,000,000","955,000,000","1,273,000,000","1,494,000,000","1,464,000,000","910,000,000","1,039,000,000","1,299,000,000","1,104,000,000","-320,000,000","893,000,000","1,194,000,000","1,155,000,000","516,000,000","753,000,000","1,126,000,000","1,147,000,000","414,000,000","1,040,000,000","1,142,000,000","1,167,000,000","687,000,000","961,000,000","1,046,000,000","1,087,000,000","611,000,000","881,000,000","944,000,000","979,000,000","554,000,000","760,000,000","836,000,000","896,000,000","472,000,000","631,000,000","750,000,000","792,000,000","406,000,000","482,000,000","653,000,000","670,000,000","-2,193,000,000","516,000,000","590,000,000","431,000,000","339,000,000","474,000,000","523,000,000","536,000,000","304,000,000","424,000,000","490,000,000","555,000,000","284,000,000","404,000,000","350,000,000","551,000,000","171,000,000","310,000,000","325,000,000","400,000,000","140,000,000","263,000,000","261,000,000","356,000,000","-324,000,000","188,000,000","190,000,000","273,000,000","127,000,000","167,000,000","165,000,000","250,000,000"
			NetIncomeContinuousOperations,"14,525,000,000","4,242,000,000","4,126,000,000","2,908,000,000","3,249,000,000","3,887,000,000","4,308,000,000","2,786,000,000","2,957,000,000","3,743,000,000","3,617,000,000","-5,237,000,000","2,776,000,000","3,216,000,000","3,211,000,000","1,890,000,000","2,540,000,000","2,561,000,000","2,870,000,000","2,202,000,000","2,556,000,000","2,561,000,000","2,875,000,000","2,008,000,000","2,337,000,000","2,905,000,000","2,777,000,000","640,000,000","2,475,000,000","2,975,000,000","2,003,000,000","2,542,000,000","2,636,000,000","3,472,000,000","3,057,000,000","1,882,000,000","2,591,000,000","4,076,000,000","2,853,000,000","2,213,000,000","2,433,000,000","1,713,000,000","3,024,000,000","2,510,000,000","2,873,000,000","3,362,000,000","3,081,000,000","2,185,000,000","2,585,000,000","3,149,000,000","3,027,000,000","2,471,000,000","2,585,000,000","2,962,000,000","3,348,000,000","3,016,000,000","2,710,000,000","3,270,000,000","3,079,000,000","2,268,000,000","2,512,000,000","2,862,000,000","2,698,000,000","1,898,000,000","2,211,000,000","2,546,000,000","2,029,000,000","1,497,000,000","1,720,000,000","2,039,000,000","2,001,000,000","1,374,000,000","1,528,000,000","1,818,000,000","1,761,000,000","955,000,000","1,273,000,000","1,494,000,000","1,464,000,000","910,000,000","1,039,000,000","1,299,000,000","1,104,000,000","-320,000,000","893,000,000","1,194,000,000","1,155,000,000","516,000,000","753,000,000","1,126,000,000","1,147,000,000","414,000,000","1,040,000,000","1,142,000,000","1,167,000,000","687,000,000","961,000,000","1,046,000,000","1,087,000,000","611,000,000","881,000,000","944,000,000","979,000,000","554,000,000","760,000,000","836,000,000","896,000,000","472,000,000","631,000,000","750,000,000","792,000,000","406,000,000","482,000,000","653,000,000","670,000,000","-1,268,000,000","516,000,000","590,000,000","431,000,000","339,000,000","474,000,000","523,000,000","536,000,000","304,000,000","424,000,000","490,000,000","555,000,000","284,000,000","404,000,000","350,000,000","551,000,000","171,000,000","310,000,000","325,000,000","400,000,000","140,000,000","263,000,000","261,000,000","356,000,000","-324,000,000","188,000,000","190,000,000","273,000,000","127,000,000","167,000,000","165,000,000","250,000,000"
			NetIncomeDiscontinuousOperations,,,,,,,,,,,,,,,,,"0","0","0","0","0","5,335,000,000","-118,000,000","-50,000,000","446,000,000","323,000,000","-142,000,000","-102,000,000","-287,000,000","-577,000,000","17,000,000","9,000,000",,,,"0","0","0","0","1,454,000,000","34,000,000",,,"0","0","0","0","0","0","1,510,000,000","280,000,000","0","28,000,000","2,042,000,000",,,,,,,,,,,,,,,,,,,,,,,,,,,,,,,,,,,,,,,,,,,,,,,,,,,,,,,,,,,,,,,,,,,,,,,,,,,,,,,,,,,,,,,,,,,,,
		MinorityInterests,"-15,000,000","-19,000,000","-14,000,000","-2,000,000","20,000,000","-33,000,000","-31,000,000","14,000,000","-40,000,000","-26,000,000","-24,000,000","-4,000,000","-31,000,000","-22,000,000","-12,000,000","1,000,000","-29,000,000","-66,000,000","-17,000,000","13,000,000","-34,000,000","-21,000,000","-43,000,000","-7,000,000","-33,000,000","-22,000,000","-34,000,000","-17,000,000","-35,000,000","-26,000,000","-30,000,000","-41,000,000","-27,000,000","-44,000,000","-30,000,000","-7,000,000","-25,000,000","-19,000,000","-39,000,000","-36,000,000","-56,000,000","-23,000,000",,,,"-29,000,000",,,,,,,,,,,,,,,,,,,,,,,,,,,,,,,,,,,,,,,,,,,,,,,,,,,,,,,,,,,,,,,,,,,,,,,,,,,,,,,,,,,,,,,,,,,,,,,,,,,,,
	PreferredStockDividends,"279,000,000","70,000,000","70,000,000","74,000,000","65,000,000","66,000,000","66,000,000","70,000,000","64,000,000","64,000,000","65,000,000","68,000,000","64,000,000","65,000,000","66,000,000","67,000,000","74,000,000","62,000,000","62,000,000","63,000,000","60,000,000","61,000,000","63,000,000","63,000,000","63,000,000","64,000,000","65,000,000","70,000,000","59,000,000","70,000,000","60,000,000","71,000,000","57,000,000","67,000,000","58,000,000","68,000,000","54,000,000","65,000,000","57,000,000","75,000,000","62,000,000","119,000,000","55,000,000","66,000,000","51,000,000","116,000,000","53,000,000","70,000,000","49,000,000","50,000,000","50,000,000","53,000,000","45,000,000","47,000,000","47,000,000","50,000,000","41,000,000","43,000,000","42,000,000","45,000,000","38,000,000","39,000,000","39,000,000","41,000,000","35,000,000","36,000,000",,"38,000,000","32,000,000","33,000,000","33,000,000","34,000,000","32,000,000","32,000,000","33,000,000","31,000,000","31,000,000","31,000,000","32,000,000","30,000,000","31,000,000","31,000,000","32,000,000","30,000,000","30,000,000","30,000,000","31,000,000","28,000,000","28,000,000","29,000,000","30,000,000","27,000,000","28,000,000","29,000,000","25,000,000","26,000,000","26,000,000","26,000,000","26,000,000","26,000,000","26,000,000","26,000,000","26,000,000","25,000,000","26,000,000","26,000,000","26,000,000","25,000,000","26,000,000","26,000,000","26,000,000","26,000,000","26,000,000","25,000,000","25,000,000","29,000,000","24,000,000","24,000,000","24,000,000","22,000,000","24,000,000","25,000,000","23,000,000","25,000,000","25,000,000","16,000,000","12,000,000","12,000,000","12,000,000","11,000,000",,,,,,,,,,,,,,,,,
AverageDilutionEarnings,"279,000,000","70,000,000",,"74,000,000","65,000,000","66,000,000",,"70,000,000","64,000,000","64,000,000",,,"64,000,000","65,000,000","66,000,000","67,000,000","74,000,000","62,000,000","62,000,000","63,000,000","60,000,000","61,000,000","63,000,000","63,000,000","63,000,000","64,000,000","65,000,000","70,000,000","59,000,000","70,000,000","60,000,000","71,000,000","57,000,000","67,000,000","58,000,000","68,000,000","54,000,000","65,000,000","57,000,000",,,,,,,,,,,,,,,,,,,,,,,,,,,,,,,,,,,,,,,,,,,,,,,,,,,,,,,,,,,,,,,,,,,,,,,,,,,,,,,,,,,,,,,,,,,,,,,,,,,,,,,,,,,,
DilutedNIAvailtoComStockholders,"14,510,000,000","4,223,000,000","4,042,000,000","2,906,000,000","3,269,000,000","3,854,000,000","4,211,000,000","2,800,000,000","2,917,000,000","3,717,000,000","3,528,000,000","-5,504,000,000","2,745,000,000","3,194,000,000","3,199,000,000","1,891,000,000","2,511,000,000","2,495,000,000","2,853,000,000","2,215,000,000","2,522,000,000","7,875,000,000","2,714,000,000","1,951,000,000","2,750,000,000","3,206,000,000","2,601,000,000","521,000,000","2,153,000,000","2,372,000,000","1,990,000,000","2,579,000,000","2,609,000,000","3,428,000,000","3,027,000,000","1,875,000,000","2,566,000,000","4,057,000,000","2,814,000,000","3,812,000,000","2,349,000,000","1,571,000,000","2,969,000,000","2,444,000,000","2,822,000,000","3,217,000,000","3,028,000,000","2,115,000,000","2,536,000,000","4,609,000,000","3,257,000,000","2,418,000,000","2,568,000,000","4,957,000,000","3,301,000,000","2,966,000,000","2,669,000,000","3,227,000,000","3,037,000,000","2,223,000,000","2,474,000,000","2,823,000,000","2,659,000,000","1,857,000,000","2,176,000,000","2,510,000,000","2,029,000,000","1,459,000,000","1,688,000,000","2,006,000,000","1,968,000,000","1,340,000,000","1,496,000,000","1,786,000,000","1,728,000,000","924,000,000","1,242,000,000","1,463,000,000","1,432,000,000","880,000,000","1,008,000,000","1,268,000,000","1,072,000,000","-350,000,000","863,000,000","1,164,000,000","1,124,000,000","488,000,000","725,000,000","1,097,000,000","1,117,000,000","387,000,000","1,012,000,000","1,113,000,000","1,142,000,000","661,000,000","935,000,000","1,020,000,000","1,061,000,000","585,000,000","855,000,000","918,000,000","953,000,000","529,000,000","734,000,000","810,000,000","870,000,000","447,000,000","605,000,000","724,000,000","766,000,000","380,000,000","456,000,000","628,000,000","645,000,000","-2,222,000,000","492,000,000","566,000,000","407,000,000","317,000,000","450,000,000","498,000,000","513,000,000","279,000,000","399,000,000","474,000,000","543,000,000","272,000,000","392,000,000","339,000,000",,,,,,,,,,,,,,,,,
BasicEPS,,"1.72","1.66","1.16","1.3","1.53","1.69","1.1","1.15","1.47","1.41","-2.12","1.07","1.25","1.26","0.73","0.97","0.96","1.09","0.84","0.96","3.01","0.99","0.71","1","1.16","0.93","0.17","0.77","0.85","0.71","0.92","0.94","1.24","1.09","0.66","0.92","1.46","1","1.29","0.85","0.59","1.08",,"1.01","1.17","1.07",,"0.88","1.58","1.11",,"0.88","1.68","1.1",,"0.87","1.04","0.97",,"0.78","0.89","0.84",,"0.67","0.76","0.82",,"0.67","0.79","0.77",,"0.58","0.69","0.665",,"0.48","0.565","0.55",,"0.39","0.49","0.415",,"0.33","0.445","0.43",,"0.275","0.415","0.425",,"0.38","0.42","0.43",,"0.345","0.38","0.395",,"0.315","0.335","0.35",,"0.27","0.295","0.32",,"0.22","0.265","0.28",,"0.165","0.23","0.24",,"0.18","0.21","0.15",,"0.17","0.185","0.19",,"0.145","0.17","0.2",,"0.145","0.125","0.21",,"0.12","0.12","0.15",,"0.1","0.05","0.07",,"0.07","0.07","0.105",,"0.065","0.065","0.095"
DilutedEPS,,"1.66","1.61","1.13","1.26","1.47","1.63","1.07","1.12","1.41","1.36","-2.12","1.04","1.22","1.22","0.72","0.95","0.93","1.06","0.82","0.93","2.88","0.96","0.69","0.97","1.12","0.91","0.17","0.75","0.82","0.69","0.89","0.9","1.18","1.04","0.64","0.88","1.39","0.96","1.24","0.82","0.57","1.03",,"0.96","1.11","1.02",,"0.83","1.49","1.06",,"0.84","1.58","1.03",,"0.82","0.98","0.92",,"0.74","0.84","0.79",,"0.63","0.72","0.77",,"0.63","0.74","0.73",,"0.545","0.65","0.63",,"0.455","0.53","0.52",,"0.37","0.465","0.395",,"0.315","0.42","0.41",,"0.26","0.39","0.4",,"0.36","0.39","0.4",,"0.325","0.355","0.365",,"0.295","0.315","0.325",,"0.255","0.28","0.295",,"0.205","0.25","0.265",,"0.165","0.215","0.225",,"0.17","0.195","0.14",,"0.155","0.175","0.18",,"0.14","0.16","0.19",,"0.135","0.12","0.2",,"0.12","0.12","0.15",,"0.1","0.05","0.07",,"0.07","0.07","0.105",,"0.065","0.065","0.095"
BasicAverageShares,,"2,413,400,000","2,428,100,000","2,505,172,414","2,459,100,000","2,518,954,248","2,486,100,000","2,545,454,545","2,536,521,739","2,487,000,000","2,504,000,000","2,472,169,811","2,509,100,000","2,499,700,000","2,495,800,000","2,590,410,959","2,588,659,794","2,533,900,000","2,617,431,193","2,636,904,762","2,563,300,000","2,596,600,000","2,674,700,000","2,747,887,324","2,688,700,000","2,718,900,000","2,720,100,000","3,064,705,882","2,796,103,896","2,790,588,235","2,710,600,000","2,803,260,870","2,713,100,000","2,719,200,000","2,735,200,000","2,840,909,091","2,741,500,000","2,735,200,000","2,748,600,000","2,814,728,682","2,745,800,000","2,756,200,000","2,755,900,000",,"2,844,554,455","2,848,717,949","2,879,439,252",,"2,937,500,000","2,948,734,177","2,921,100,000",,"2,919,800,000","2,958,800,000","3,012,400,000",,"3,067,900,000","3,094,800,000","3,117,600,000",,"3,156,000,000","3,161,700,000","3,211,900,000",,"3,269,600,000","3,307,700,000","2,433,000,000",,"2,511,000,000","2,528,900,000","2,540,700,000",,"2,578,400,000","2,591,000,000","2,598,496,241",,"2,791,600,000","2,594,000,000","2,603,636,364",,"2,595,800,000","2,803,000,000","2,583,132,530",,"2,596,800,000","2,822,000,000","2,613,953,488",,"2,628,000,000","2,643,373,494","2,633,000,000",,"2,658,800,000","2,660,200,000","2,664,800,000",,"2,689,800,000","2,692,000,000","2,696,600,000",,"2,725,600,000","2,728,800,000","2,735,200,000",,"2,746,000,000","2,746,000,000","2,746,400,000",,"2,742,800,000","2,740,800,000","2,738,800,000",,"2,763,636,364","2,730,434,783","2,687,500,000",,"2,733,333,333","2,695,238,095","2,713,333,333",,"2,647,058,824","2,691,891,892","2,700,000,000",,"2,751,724,138","2,788,235,294","2,715,000,000",,"2,703,448,276","2,712,000,000","2,639,568,000",,"2,701,280,000","2,709,856,000","2,709,856,000",,"2,709,984,000","2,707,152,000","2,704,480,000",,"2,692,256,000","2,692,256,000","2,692,256,000",,"2,681,344,000","2,681,344,000","2,678,864,000"
DilutedAverageShares,,"2,544,200,000","2,558,900,000","2,573,100,000","2,590,300,000","2,615,400,000","2,625,300,000","2,612,100,000","2,613,300,000","2,630,100,000","2,647,500,000","2,509,600,000","2,637,700,000","2,623,000,000","2,612,100,000","2,620,900,000","2,645,600,000","2,669,600,000","2,690,600,000","2,695,600,000","2,705,500,000","2,737,600,000","2,822,900,000","2,811,000,000","2,835,000,000","2,864,600,000","2,867,500,000","3,064,705,882","2,882,500,000","2,885,200,000","2,888,000,000","2,891,900,000","2,894,100,000","2,908,500,000","2,924,300,000","2,937,100,000","2,930,700,000","2,919,100,000","2,931,700,000","2,930,000,000","2,937,800,000","2,949,700,000","2,945,800,000",,"2,999,300,000","3,000,200,000","3,025,600,000",,"3,103,900,000","3,118,500,000","3,109,600,000",,"3,104,600,000","3,170,800,000","3,239,500,000",,"3,301,200,000","3,341,500,000","3,354,200,000",,"3,397,300,000","3,406,500,000","3,413,300,000",,"3,510,500,000","3,547,000,000","2,649,700,000",,"2,718,700,000","2,741,000,000","2,756,000,000",,"2,790,000,000","2,800,800,000","2,797,800,000",,"2,791,600,000","2,805,200,000","2,814,600,000",,"2,811,400,000","2,803,000,000","2,801,600,000",,"2,809,800,000","2,822,000,000","2,821,600,000",,"2,853,400,000","2,812,820,513","2,870,400,000",,"2,896,600,000","2,902,800,000","2,909,000,000",,"2,935,000,000","2,940,600,000","2,947,800,000",,"2,972,000,000","2,977,200,000","2,981,200,000",,"2,988,800,000","2,992,000,000","2,992,000,000",,"3,000,000,000","2,982,400,000","2,977,600,000",,"2,763,636,364","2,920,930,233","2,866,666,667",,"2,894,117,647","2,902,564,103","2,907,142,857",,"2,903,225,806","2,845,714,286","2,850,000,000",,"2,850,000,000","2,962,500,000","2,857,894,737",,"2,903,703,704","2,825,000,000","2,639,568,000",,"2,701,280,000","2,709,856,000","2,709,856,000",,"2,709,984,000","2,707,152,000","2,704,480,000",,"2,692,256,000","2,692,256,000","2,692,256,000",,"2,681,344,000","2,681,344,000","2,678,864,000"
TotalOperatingIncomeAsReported,"17,516,000,000","5,168,000,000","5,023,000,000","3,540,000,000","3,785,000,000","5,380,000,000","5,281,000,000","3,481,000,000","3,453,000,000","4,482,000,000","4,290,000,000","-5,192,000,000","3,229,000,000","3,896,000,000","3,554,000,000","2,677,000,000","3,296,000,000","4,003,000,000","3,735,000,000","2,949,000,000","3,360,000,000","3,875,000,000","3,771,000,000","2,502,000,000","3,318,000,000","3,853,000,000","3,768,000,000","930,000,000","3,135,000,000","3,947,000,000","2,940,000,000","3,127,000,000","3,458,000,000","4,552,000,000","4,151,000,000","2,633,000,000","3,405,000,000","4,492,000,000","3,951,000,000","3,063,000,000","3,299,000,000","2,739,000,000","4,334,000,000","3,285,000,000","3,772,000,000","4,260,000,000","4,501,000,000","2,950,000,000","3,968,000,000","4,655,000,000","4,448,000,000","3,573,000,000","3,730,000,000","4,251,000,000","4,685,000,000","3,840,000,000","4,111,000,000","4,714,000,000","4,418,000,000","3,401,000,000","3,646,000,000","4,350,000,000","4,054,000,000","2,949,000,000","3,351,000,000","3,892,000,000","3,057,000,000","2,299,000,000","2,688,000,000","3,070,000,000","2,870,000,000","2,139,000,000","2,303,000,000","2,742,000,000","2,643,000,000","1,469,000,000","1,957,000,000","2,248,000,000","2,179,000,000","1,398,000,000","1,654,000,000","1,864,000,000","1,762,000,000","-56,000,000","1,302,000,000","1,711,000,000","1,779,000,000","945,000,000","1,320,000,000","1,842,000,000","1,847,000,000","877,000,000","1,665,000,000","1,837,000,000","1,874,000,000","1,112,000,000","1,516,000,000","1,688,000,000","1,739,000,000","1,037,000,000","1,383,000,000","1,521,000,000","1,547,000,000","835,000,000","1,193,000,000","1,352,000,000","1,435,000,000","678,000,000","1,057,000,000","1,190,000,000","1,254,000,000","549,000,000","923,000,000","1,023,000,000","1,085,000,000","-1,924,000,000","760,000,000","907,000,000","713,000,000","414,000,000","687,000,000","868,000,000","898,000,000","411,000,000","594,000,000","799,000,000","898,000,000","466,000,000","598,000,000","454,000,000",,,,,,,,,,,,,,,,,
TotalExpenses,"60,830,000,000","15,785,000,000","15,315,000,000","15,406,000,000","14,324,000,000","14,365,000,000","14,037,000,000","14,217,000,000","13,761,000,000","13,758,000,000","13,508,000,000","13,941,000,000","13,233,000,000","13,542,000,000","13,136,000,000","13,826,000,000","12,985,000,000","13,392,000,000","12,918,000,000","13,130,000,000","12,245,000,000","12,981,000,000","12,747,000,000","13,600,000,000","12,437,000,000","13,062,000,000","12,759,000,000","14,832,000,000","15,007,000,000","16,214,000,000","16,879,000,000","15,891,000,000","17,101,000,000","17,728,000,000","17,054,000,000","17,714,000,000","17,193,000,000","17,683,000,000","16,788,000,000","17,149,000,000","16,873,000,000","17,842,000,000","17,583,000,000","17,575,000,000","16,458,000,000","17,087,000,000","15,621,000,000","15,976,000,000","15,210,000,000","16,372,000,000","15,359,000,000","15,089,000,000","14,687,000,000","16,117,000,000","17,341,000,000","17,426,000,000","16,352,000,000","16,861,000,000","15,781,000,000","15,871,000,000","15,048,000,000","15,375,000,000","14,731,000,000","14,893,000,000","13,899,000,000","14,445,000,000","11,736,000,000","11,959,000,000","11,599,000,000","11,382,000,000","10,874,000,000","10,823,000,000","10,726,000,000","10,479,000,000","9,552,000,000","9,451,000,000","8,699,000,000","8,757,000,000","8,617,000,000","8,771,000,000","8,246,000,000","8,539,000,000","8,004,000,000","9,638,000,000","8,209,000,000","8,471,000,000","8,190,000,000","8,716,000,000","8,463,000,000","8,746,000,000","8,072,000,000","8,573,000,000","7,566,000,000","8,097,000,000","7,636,000,000","8,164,000,000","7,365,000,000","7,953,000,000","7,616,000,000","7,911,000,000","7,388,000,000","7,621,000,000","7,356,000,000","7,745,000,000","7,394,000,000","7,738,000,000","7,592,000,000","7,816,000,000","7,255,000,000","7,277,000,000","6,907,000,000","6,954,000,000","6,518,000,000","6,765,000,000","6,479,000,000","9,289,000,000","6,590,000,000","6,932,000,000","7,166,000,000","6,753,000,000","6,796,000,000","6,639,000,000","6,307,000,000","6,311,000,000","6,201,000,000","6,058,000,000","5,754,000,000","5,750,000,000","5,525,000,000","5,571,000,000",,,,,,,,,,,,,,,,,
NetIncomeFromContinuingAndDiscontinuedOperation,"14,510,000,000","4,223,000,000","4,112,000,000","2,906,000,000","3,269,000,000","3,854,000,000","4,277,000,000","2,800,000,000","2,917,000,000","3,717,000,000","3,593,000,000","-5,241,000,000","2,745,000,000","3,194,000,000","3,199,000,000","1,891,000,000","2,511,000,000","2,495,000,000","2,853,000,000","2,215,000,000","2,522,000,000","7,875,000,000","2,714,000,000","1,951,000,000","2,750,000,000","3,206,000,000","2,601,000,000","521,000,000","2,153,000,000","2,372,000,000","1,990,000,000","2,579,000,000","2,609,000,000","3,428,000,000","3,027,000,000","1,875,000,000","2,566,000,000","4,057,000,000","2,814,000,000","3,631,000,000","2,411,000,000","1,690,000,000","3,024,000,000","2,510,000,000","2,873,000,000","3,333,000,000","3,081,000,000","2,185,000,000","2,585,000,000","4,659,000,000","3,307,000,000","2,471,000,000","2,613,000,000","5,004,000,000","3,348,000,000","3,016,000,000","2,710,000,000","3,270,000,000","3,079,000,000","2,268,000,000","2,512,000,000","2,862,000,000","2,698,000,000","1,898,000,000","2,211,000,000","2,546,000,000","2,029,000,000","1,497,000,000","1,720,000,000","2,039,000,000","2,001,000,000","1,374,000,000","1,528,000,000","1,818,000,000","1,761,000,000","955,000,000","1,273,000,000","1,494,000,000","1,464,000,000","910,000,000","1,039,000,000","1,299,000,000","1,104,000,000","-320,000,000","893,000,000","1,194,000,000","1,155,000,000","516,000,000","753,000,000","1,126,000,000","1,147,000,000","414,000,000","1,040,000,000","1,142,000,000","1,167,000,000","687,000,000","961,000,000","1,046,000,000","1,087,000,000","611,000,000","881,000,000","944,000,000","979,000,000","554,000,000","760,000,000","836,000,000","896,000,000","472,000,000","631,000,000","750,000,000","792,000,000","406,000,000","482,000,000","653,000,000","670,000,000","-1,268,000,000","516,000,000","590,000,000","431,000,000","339,000,000","474,000,000","523,000,000","536,000,000","304,000,000","424,000,000","490,000,000","555,000,000","284,000,000","404,000,000","350,000,000",,,,,,,,,,,,,,,,,
NormalizedIncome,"14,510,000,000","4,223,000,000","4,112,000,000","2,906,000,000","3,269,000,000","3,854,000,000","4,277,000,000","2,800,000,000","2,917,000,000","3,717,000,000","3,593,000,000","-5,241,000,000","2,745,000,000","3,194,000,000","3,199,000,000","1,891,000,000","2,511,000,000","2,495,000,000","2,853,000,000","2,215,000,000","2,522,000,000","2,540,000,000","2,832,000,000","2,001,000,000","2,304,000,000","2,883,000,000","2,743,000,000","623,000,000","2,440,000,000","2,949,000,000","2,663,830,000","2,501,000,000","2,609,000,000","3,428,000,000","3,027,000,000","2,105,846,674.632","2,566,000,000","4,057,000,000","2,814,000,000","2,358,306,024.096","2,342,646,375.902","2,565,477,104.874","3,047,630,769.231","2,406,624,024.961","2,816,976,105.466","3,300,941,809.291","3,088,914,759.458","2,286,025,983.951","2,573,318,713.45","3,111,779,438.002","3,010,360,181.644","2,440,902,557.856","2,516,056,782.334","2,894,411,735.206","3,107,069,827.034","2,959,110,360.36","2,702,786,797.977","3,131,005,091.875","2,939,242,944.497","2,172,557,356.608","2,391,941,176.471","2,806,719,315.403","2,572,705,882.353","1,854,593,139.063","2,155,177,372.963","2,498,710,188.473","1,977,438,873.626","1,462,350,495.985","1,679,144,893.112","2,000,659,829.06","1,874,151,515.152","1,362,896,969.697","1,481,592,021.759","1,797,892,448.513","1,733,289,535.799","938,109,801.032","1,247,622,306.034","1,443,262,964.663","1,393,470,533.209","877,650,695.518","1,012,152,454.78","1,163,263,322.884","1,089,071,911.494","-350,000,000","740,010,566.038","996,899,494.666","1,085,143,863.77","421,800,000","720,755,667.506","1,092,515,451.895","1,117,421,203.438","370,800,000","1,004,438,709.677","1,102,415,944.541","1,133,977,928.693","650,378,084.896","927,445,530.726","1,015,158,092.848","1,053,784,301.977","571,738,955.823","845,892,481.203","914,335,195.531","942,230,046.948","458,791,234.141","710,305,143.854","802,064,012.49","855,569,141.194","394,866,566.717","627,636,460.554","689,171,699.741","727,281,553.398","314,089,126.56","533,785,123.967","584,776,119.403","610,246,679.317","-1,369,388,663.968","441,315,789.474","524,737,430.168","380,823,880.597","201,217,303.823","361,547,586.207","465,667,478.685","495,258,907.363","217,832,199.546","347,217,948.718","443,517,786.561","509,982,618.772","228,449,877.751","346,285,714.286","212,062,615.101",,,,,,,,,,,,,,,,,
InterestIncome,"47,000,000","10,000,000","11,000,000","15,000,000","11,000,000","9,000,000","10,000,000","22,000,000","39,000,000","36,000,000","58,000,000","52,000,000","52,000,000","63,000,000","53,000,000","63,000,000","69,000,000","66,000,000","49,000,000","48,000,000","46,000,000","42,000,000","35,000,000","47,000,000","33,000,000","58,000,000","44,000,000","48,000,000","38,000,000","34,000,000","31,000,000","27,000,000","29,000,000","23,000,000","21,000,000","28,000,000",,,,,,,,,,,,,,,,,,,,,,,,,,,,,,,,,,,,,,,,,,,,,,,,,,,,,,,,,,,,,,,,,,,,,,,,,,,,,,,,,,,,,,,,,,,,,,,,,,,,,,,,,,,,,,,
InterestExpense,"438,000,000","106,000,000","109,000,000","117,000,000","106,000,000","143,000,000","136,000,000","157,000,000","100,000,000","100,000,000","108,000,000","111,000,000","131,000,000","138,000,000","129,000,000","136,000,000","133,000,000","122,000,000","115,000,000","116,000,000","96,000,000","122,000,000","131,000,000","150,000,000","146,000,000","143,000,000","140,000,000","147,000,000","149,000,000","160,000,000","169,000,000","178,000,000","179,000,000","187,000,000","165,000,000","163,000,000","163,000,000","169,000,000","172,000,000","182,000,000","179,000,000","201,000,000","207,000,000","212,000,000","202,000,000","209,000,000","208,000,000","212,000,000","223,000,000","224,000,000","287,000,000","329,000,000","336,000,000",,,,,,,,,,,,,,,,,,,,,,,,,,,,,,,,,,,,,,,,,,,,,,,,,,,,,,,,,,,,,,,,,,,,,,,,,,,,,,,,,,,,,,,,,,,,,,
NetInterestIncome,"-391,000,000","-96,000,000","-98,000,000","-102,000,000","-95,000,000","-134,000,000","-126,000,000","-135,000,000","-61,000,000","-64,000,000","-50,000,000","-59,000,000","-79,000,000","-75,000,000","-76,000,000","-73,000,000","-64,000,000","-56,000,000","-66,000,000","-68,000,000","-50,000,000","-80,000,000","-96,000,000","-103,000,000","-113,000,000","-85,000,000","-96,000,000","-99,000,000","-111,000,000","-126,000,000","-138,000,000","-151,000,000","-150,000,000","-164,000,000","-144,000,000","-76,000,000","-163,000,000","-169,000,000","-172,000,000","-182,000,000","-179,000,000","-201,000,000","-207,000,000","-212,000,000","-202,000,000","-209,000,000","-208,000,000","-212,000,000","-223,000,000","-224,000,000","-287,000,000","-329,000,000","-336,000,000",,,,,,,,,,,,,,,,,,,,,,,,,,,,,,,,,,,,,,,,,,,,,,,,,,,,,,,,,,,,,,,,,,,,,,,,,,,,,,,,,,,,,,,,,,,,,,
EBIT,"18,153,000,000","5,345,000,000","5,144,000,000","3,681,000,000","3,983,000,000","5,020,000,000","5,433,000,000","3,618,000,000","3,598,000,000","4,632,000,000","4,451,000,000","-4,954,000,000","3,409,000,000","4,054,000,000","4,069,000,000","2,425,000,000","3,386,000,000","4,155,000,000","3,866,000,000","3,043,000,000","3,432,000,000","3,378,000,000","3,869,000,000","2,836,000,000","3,372,000,000","3,946,000,000","3,794,000,000","1,416,000,000","3,226,000,000","4,000,000,000","2,992,000,000","3,292,000,000","3,507,000,000","4,618,000,000","4,177,000,000","2,674,000,000","3,451,000,000","5,387,000,000","3,998,000,000","3,087,000,000","3,366,000,000","2,909,000,000","4,302,000,000","3,417,000,000","3,843,000,000","4,299,000,000","4,490,000,000","2,829,000,000","3,985,000,000","4,708,000,000","4,471,000,000","3,613,000,000","3,823,000,000","4,251,000,000","4,685,000,000","3,840,000,000","4,111,000,000","4,714,000,000","4,418,000,000","3,401,000,000","3,646,000,000","4,350,000,000","4,054,000,000","2,949,000,000","3,351,000,000","3,892,000,000","3,057,000,000","2,299,000,000","2,688,000,000","3,070,000,000","2,870,000,000","2,139,000,000","2,303,000,000","2,742,000,000","2,643,000,000","1,469,000,000","1,957,000,000","2,248,000,000","2,179,000,000","1,398,000,000","1,654,000,000","1,864,000,000","1,762,000,000","-56,000,000","1,302,000,000","1,711,000,000","1,779,000,000","945,000,000","1,320,000,000","1,842,000,000","1,847,000,000","877,000,000","1,665,000,000","1,837,000,000","1,874,000,000","1,112,000,000","1,516,000,000","1,688,000,000","1,739,000,000","1,037,000,000","1,383,000,000","1,521,000,000","1,547,000,000","835,000,000","1,193,000,000","1,352,000,000","1,435,000,000","678,000,000","1,057,000,000","1,190,000,000","1,254,000,000","549,000,000","923,000,000","1,023,000,000","1,085,000,000","-1,924,000,000","760,000,000","907,000,000","713,000,000","414,000,000","687,000,000","868,000,000","898,000,000","411,000,000","594,000,000","799,000,000","898,000,000","466,000,000","598,000,000","454,000,000","5,575,000,000","-13,926,000,000","5,430,000,000","5,268,000,000","5,267,000,000","-12,567,000,000","4,860,000,000","4,839,000,000","4,664,000,000","-12,026,000,000","4,222,000,000","4,255,000,000","4,356,000,000","-10,246,000,000","4,081,000,000","3,865,000,000","3,605,000,000"
EBITDA,"20,941,000,000"
ReconciledCostOfRevenue,"39,742,000,000","10,664,000,000","10,365,000,000","9,791,000,000","8,922,000,000","9,253,000,000","9,142,000,000","8,942,000,000","8,716,000,000","8,869,000,000","8,723,000,000","8,938,000,000","8,427,000,000","8,919,000,000","8,484,000,000","9,029,000,000","8,343,000,000","8,667,000,000","8,229,000,000","8,299,000,000","7,836,000,000","8,298,000,000","8,102,000,000","8,382,000,000","7,915,000,000","8,460,000,000","8,152,000,000","9,257,000,000","9,327,000,000","10,083,000,000","10,552,000,000","9,919,000,000","10,601,000,000","11,130,000,000","10,810,000,000","10,854,000,000","10,344,000,000","10,880,000,000","10,350,000,000","10,497,000,000","10,237,000,000","11,125,000,000","11,061,000,000","10,787,000,000","10,005,000,000","10,287,000,000","9,689,000,000","9,560,000,000","9,225,000,000","9,736,000,000","9,398,000,000","9,267,000,000","9,161,000,000","9,850,000,000","10,905,000,000","10,808,000,000","9,974,000,000","10,394,000,000","9,519,000,000","9,476,000,000","9,057,000,000","9,287,000,000","8,865,000,000","8,894,000,000","8,340,000,000","8,732,000,000","7,159,000,000","7,289,000,000","7,033,000,000","6,871,000,000","6,611,000,000","6,479,000,000","6,394,000,000","6,324,000,000","5,879,000,000","5,768,000,000","5,394,000,000","5,490,000,000","5,489,000,000","5,469,000,000","5,070,000,000","5,339,000,000","5,111,000,000","6,203,000,000","5,175,000,000","5,417,000,000","5,307,000,000","5,418,000,000","5,327,000,000","5,563,000,000","5,206,000,000","5,705,000,000","4,944,000,000","5,375,000,000","5,182,000,000","5,306,000,000","5,228,000,000","5,322,000,000","5,208,000,000","5,328,000,000","4,918,000,000","5,068,000,000","5,002,000,000","5,260,000,000","5,026,000,000","5,265,000,000","5,211,000,000","5,316,000,000","4,879,000,000","4,832,000,000","4,596,000,000","4,233,000,000","3,923,000,000","4,114,000,000","3,951,000,000","3,783,000,000","4,095,000,000","4,214,000,000","4,451,000,000","4,142,000,000","4,114,000,000","4,107,000,000","3,910,000,000","3,990,000,000","3,800,000,000","3,780,000,000","3,555,000,000","3,595,000,000","3,456,000,000","3,598,000,000",,,,,,,,,,,,,,,,,
ReconciledDepreciation,"2,788,000,000","684,000,000","711,000,000","710,000,000","683,000,000","671,000,000","671,000,000","814,000,000","799,000,000","677,000,000","723,000,000","820,000,000","711,000,000","650,000,000","643,000,000","750,000,000","716,000,000","676,000,000","692,000,000","720,000,000","665,000,000","707,000,000","728,000,000","839,000,000","785,000,000","723,000,000","731,000,000","808,000,000","786,000,000","746,000,000","794,000,000","824,000,000","791,000,000","755,000,000","771,000,000","794,000,000","740,000,000","738,000,000","710,000,000","777,000,000","971,000,000","713,000,000","743,000,000","735,000,000","703,000,000","711,000,000","689,000,000","780,000,000","799,000,000","758,000,000","771,000,000","854,000,000","725,000,000","693,000,000","810,000,000","896,000,000","767,000,000","751,000,000","752,000,000","763,000,000","878,000,000","705,000,000","784,000,000","736,000,000","733,000,000","710,000,000","448,000,000","481,000,000","475,000,000","448,000,000","480,000,000","454,000,000","422,000,000","450,000,000","407,000,000","472,000,000","387,000,000","434,000,000","410,000,000","505,000,000","404,000,000","402,000,000","382,000,000","838,000,000","457,000,000","473,000,000","503,000,000","603,000,000","507,000,000","563,000,000","518,000,000","892,000,000","415,000,000","442,000,000","399,000,000","425,000,000","399,000,000","386,000,000","388,000,000","475,000,000","345,000,000","338,000,000","329,000,000","383,000,000","324,000,000","328,000,000","323,000,000","339,000,000","311,000,000","299,000,000","304,000,000","292,000,000","285,000,000","280,000,000","277,000,000","321,000,000","257,000,000","283,000,000","279,000,000","273,000,000","268,000,000","261,000,000","249,000,000","232,000,000","241,000,000","247,000,000","236,000,000","229,000,000","210,000,000","214,000,000",,,,,,,,,,,,,,,,,
NetIncomeFromContinuingOperationNetMinorityInterest,"14,510,000,000","4,223,000,000","4,112,000,000","2,906,000,000","3,269,000,000","3,854,000,000","4,277,000,000","2,800,000,000","2,917,000,000","3,717,000,000","3,593,000,000","-5,241,000,000","2,745,000,000","3,194,000,000","3,199,000,000","1,891,000,000","2,511,000,000","2,495,000,000","2,853,000,000","2,215,000,000","2,522,000,000","2,540,000,000","2,832,000,000","2,001,000,000","2,304,000,000","2,883,000,000","2,743,000,000","623,000,000","2,440,000,000","2,949,000,000","1,973,000,000","2,501,000,000","2,609,000,000","3,428,000,000","3,027,000,000","1,875,000,000","2,566,000,000","4,057,000,000","2,814,000,000","2,177,000,000","2,377,000,000","1,690,000,000","3,024,000,000","2,510,000,000","2,873,000,000","3,333,000,000","3,081,000,000","2,185,000,000","2,585,000,000","3,149,000,000","3,027,000,000","2,471,000,000","2,585,000,000","2,962,000,000","3,348,000,000","3,016,000,000","2,710,000,000","3,270,000,000","3,079,000,000","2,268,000,000","2,512,000,000","2,862,000,000","2,698,000,000","1,898,000,000","2,211,000,000","2,546,000,000","2,029,000,000","1,497,000,000","1,720,000,000","2,039,000,000","2,001,000,000","1,374,000,000","1,528,000,000","1,818,000,000","1,761,000,000","955,000,000","1,273,000,000","1,494,000,000","1,464,000,000","910,000,000","1,039,000,000","1,299,000,000","1,104,000,000","-320,000,000","893,000,000","1,194,000,000","1,155,000,000","516,000,000","753,000,000","1,126,000,000","1,147,000,000","414,000,000","1,040,000,000","1,142,000,000","1,167,000,000","687,000,000","961,000,000","1,046,000,000","1,087,000,000","611,000,000","881,000,000","944,000,000","979,000,000","554,000,000","760,000,000","836,000,000","896,000,000","472,000,000","631,000,000","750,000,000","792,000,000","406,000,000","482,000,000","653,000,000","670,000,000","-1,268,000,000","516,000,000","590,000,000","431,000,000","339,000,000","474,000,000","523,000,000","536,000,000","304,000,000","424,000,000","490,000,000","555,000,000","284,000,000","404,000,000","350,000,000",,,,,,,,,,,,,,,,,
TotalUnusualItemsExcludingGoodwill,"0",,,,,,,"0",,,,"-8,345,000,000",,,,,,,,,,,,"0",,,,"-2,028,000,000",,,"-973,000,000","0",,,,"-308,000,000","0","0",,"-238,000,000","45,000,000","-1,384,000,000","-32,000,000","132,000,000","71,000,000","39,000,000","-11,000,000","-121,000,000","17,000,000","53,000,000","23,000,000","40,000,000","93,000,000","91,000,000","337,000,000","67,000,000","10,000,000","192,000,000","193,000,000","135,000,000","169,000,000","79,000,000","180,000,000","62,000,000","79,000,000","68,000,000","74,000,000","49,000,000","60,000,000","55,000,000","182,000,000","16,000,000","67,000,000","29,000,000","40,000,000","24,000,000","37,000,000","74,000,000","103,000,000","46,000,000","40,000,000","200,000,000","22,000,000","50,000,000","227,000,000","294,000,000","103,000,000","157,000,000","51,000,000","51,000,000","45,000,000","72,000,000","53,000,000","60,000,000","50,000,000","54,000,000","50,000,000","47,000,000","51,000,000","64,000,000","53,000,000","45,000,000","56,000,000","149,000,000","75,000,000","52,000,000","62,000,000","109,000,000","5,000,000","94,000,000","101,000,000","127,000,000","-78,000,000","105,000,000","94,000,000","158,000,000","110,000,000","99,000,000","78,000,000","202,000,000","172,000,000","90,000,000","64,000,000","125,000,000","113,000,000","72,000,000","70,000,000","80,000,000","85,000,000","214,000,000",,,,,,,,,,,,,,,,,
TotalUnusualItems,"0",,,,,,,"0",,,,"-8,345,000,000",,,,,,,,,,,,"0",,,,"-2,028,000,000",,,"-973,000,000","0",,,,"-308,000,000","0","0",,"-238,000,000","45,000,000","-1,384,000,000","-32,000,000","132,000,000","71,000,000","39,000,000","-11,000,000","-121,000,000","17,000,000","53,000,000","23,000,000","40,000,000","93,000,000","91,000,000","337,000,000","67,000,000","10,000,000","192,000,000","193,000,000","135,000,000","169,000,000","79,000,000","180,000,000","62,000,000","79,000,000","68,000,000","74,000,000","49,000,000","60,000,000","55,000,000","182,000,000","16,000,000","67,000,000","29,000,000","40,000,000","24,000,000","37,000,000","74,000,000","103,000,000","46,000,000","40,000,000","200,000,000","22,000,000","50,000,000","227,000,000","294,000,000","103,000,000","157,000,000","51,000,000","51,000,000","45,000,000","72,000,000","53,000,000","60,000,000","50,000,000","54,000,000","50,000,000","47,000,000","51,000,000","64,000,000","53,000,000","45,000,000","56,000,000","149,000,000","75,000,000","52,000,000","62,000,000","109,000,000","5,000,000","94,000,000","101,000,000","127,000,000","-78,000,000","105,000,000","94,000,000","158,000,000","110,000,000","99,000,000","78,000,000","202,000,000","172,000,000","90,000,000","64,000,000","125,000,000","113,000,000","72,000,000","70,000,000","80,000,000","85,000,000","214,000,000",,,,,,,,,,,,,,,,,
NormalizedEBITDA,"20,941,000,000","6,029,000,000","5,855,000,000","4,391,000,000","4,666,000,000","5,691,000,000","6,104,000,000","4,432,000,000","4,397,000,000","5,309,000,000","5,174,000,000","-4,134,000,000","4,120,000,000","4,704,000,000","4,712,000,000","3,175,000,000","4,102,000,000","4,831,000,000","4,558,000,000","3,763,000,000","4,097,000,000","4,085,000,000","4,597,000,000","3,675,000,000","4,157,000,000","4,669,000,000","4,525,000,000","2,224,000,000","4,012,000,000","4,746,000,000","4,759,000,000","4,116,000,000","4,298,000,000","5,373,000,000","4,948,000,000","3,776,000,000","4,191,000,000","6,125,000,000","4,708,000,000","4,102,000,000","4,292,000,000","5,006,000,000","5,077,000,000","4,020,000,000","4,475,000,000","4,971,000,000","5,190,000,000","3,730,000,000","4,767,000,000","5,413,000,000","5,219,000,000","4,427,000,000","4,455,000,000","4,853,000,000","5,158,000,000","4,669,000,000","4,868,000,000","5,273,000,000","4,977,000,000","4,029,000,000","4,355,000,000","4,976,000,000","4,658,000,000","3,623,000,000","4,005,000,000","4,534,000,000","3,431,000,000","2,731,000,000","3,103,000,000","3,463,000,000","3,168,000,000","2,577,000,000","2,658,000,000","3,163,000,000","3,010,000,000","1,917,000,000","2,307,000,000","2,608,000,000","2,486,000,000","1,857,000,000","2,018,000,000","2,066,000,000","2,122,000,000","732,000,000","1,532,000,000","1,890,000,000","2,179,000,000","1,391,000,000","1,776,000,000","2,354,000,000","2,320,000,000","1,697,000,000","2,027,000,000","2,219,000,000","2,223,000,000","1,483,000,000","1,865,000,000","2,027,000,000","2,076,000,000","1,448,000,000","1,675,000,000","1,814,000,000","1,820,000,000","1,069,000,000","1,442,000,000","1,628,000,000","1,696,000,000","908,000,000","1,363,000,000","1,395,000,000","1,457,000,000","714,000,000","1,422,000,000","1,198,000,000","1,268,000,000","-1,761,000,000","923,000,000","1,091,000,000","914,000,000","485,000,000","783,000,000","1,039,000,000","1,083,000,000","518,000,000","722,000,000","974,000,000","1,064,000,000","615,000,000","723,000,000","454,000,000","5,575,000,000","-13,926,000,000","5,430,000,000","5,268,000,000","5,267,000,000","-12,567,000,000","4,860,000,000","4,839,000,000","4,664,000,000","-12,026,000,000","4,222,000,000","4,255,000,000","4,356,000,000","-10,246,000,000","4,081,000,000","3,865,000,000","3,605,000,000"
TaxRateForCalcs,"0.18","0.19","0.181","0.184","0.162","0.203","0.187","0.195","0.155","0.174","0.167","0.27","0.153","0.179","0.185","0.174","0.219","0.365","0.235","0.248","0.234","0.213","0.231","0.252","0.276","0.236","0.24","0.4","0.196","0.225","0.29","0.184","0.208","0.216","0.238","0.25","0.212","0.219","0.254","0.238","0.237","0.367","0.262","0.217","0.211","0.178","0.28","0.165","0.313","0.298","0.277","0.248","0.259","0.257","0.285","0.151","0.279","0.276","0.276","0.293","0.29","0.3","0.304","0.3","0.293","0.305","0.303","0.293","0.319","0.303","0.303","0.306","0.307","0.307","0.307","0.296","0.314","0.314","0.315","0.297","0.329","0.321","0.321","0.4","0.326","0.33","0.322","0.4","0.368","0.343","0.343","0.4","0.329","0.34","0.34","0.322","0.329","0.344","0.349","0.387","0.338","0.341","0.343","0.361","0.337","0.347","0.348","0.292","0.327","0.353","0.359","0.276","0.336","0.35","0.364","0.358","0.321","0.341","0.357","0.318","0.346","0.363","0.363","0.311","0.321","0.354","0.357","0.306","0.321","0.355",,,,,,,,,,,,,,,,,
TaxEffectOfUnusualItems,"0","0","0","0","0","0","0","0","0","0","0","0","0","0","0","0","0","0","0","0","0","0","0","0","0","0","0","0","0","0","-282,170,000","0","0","0","0","-77,153,325.368","0","0","0","-56,693,975.904","10,646,375.902","-508,522,895.126","-8,369,230.769","28,624,024.961","14,976,105.466","6,941,809.291","-3,085,240.542","-19,974,016.049","5,318,713.45","15,779,438.002","6,360,181.644","9,902,557.856","24,056,782.334","23,411,735.206","96,069,827.034","10,110,360.36","2,786,797.977","53,005,091.875","53,242,944.497","39,557,356.608","48,941,176.471","23,719,315.403","54,705,882.353","18,593,139.063","23,177,372.963","20,710,188.473","22,438,873.626","14,350,495.985","19,144,893.112","16,659,829.06","55,151,515.152","4,896,969.697","20,592,021.759","8,892,448.513","12,289,535.799","7,109,801.032","11,622,306.034","23,262,964.663","32,470,533.209","13,650,695.518","13,152,454.78","64,263,322.884","7,071,911.494","20,000,000","74,010,566.038","96,899,494.666","33,143,863.77","62,800,000","18,755,667.506","17,515,451.895","15,421,203.438","28,800,000","17,438,709.677","20,415,944.541","16,977,928.693","17,378,084.896","16,445,530.726","16,158,092.848","17,784,301.977","24,738,955.823","17,892,481.203","15,335,195.531","19,230,046.948","53,791,234.141","25,305,143.854","18,064,012.49","21,569,141.194","31,866,566.717","1,636,460.554","33,171,699.741","36,281,553.398","35,089,126.56","-26,214,876.033","36,776,119.403","34,246,679.317","56,611,336.032","35,315,789.474","33,737,430.168","27,823,880.597","64,217,303.823","59,547,586.207","32,667,478.685","23,258,907.363","38,832,199.546","36,217,948.718","25,517,786.561","24,982,618.772","24,449,877.751","27,285,714.286","76,062,615.101",,,,,,,,,,,,,,,,,