name,ttm,12/31/2021,09/30/2021,06/30/2021,03/31/2021,12/31/2020,09/30/2020,06/30/2020,03/31/2020,12/31/2019,09/30/2019,06/30/2019,03/31/2019,12/31/2018,09/30/2018,06/30/2018,03/31/2018,12/31/2017,09/30/2017,06/30/2017,03/31/2017,12/31/2016,09/30/2016,06/30/2016,03/31/2016,12/31/2015,09/30/2015,06/30/2015,03/31/2015,12/31/2014,09/30/2014,06/30/2014,03/31/2014,12/31/2013,09/30/2013,06/30/2013,03/31/2013,12/31/2012,09/30/2012,06/30/2012,03/31/2012,12/31/2011,09/30/2011,06/30/2011,03/31/2011,12/31/2010,09/30/2010,06/30/2010,03/31/2010,12/31/2009,09/30/2009,06/30/2009,03/31/2009,12/31/2008,09/30/2008,06/30/2008,03/31/2008,12/31/2007,09/30/2007,06/30/2007,03/31/2007,12/31/2006,09/30/2006,06/30/2006,03/31/2006,12/31/2005,09/30/2005,06/30/2005,03/31/2005,12/31/2004,09/30/2004,06/30/2004,03/31/2004,12/31/2003,09/30/2003,06/30/2003,03/31/2003,12/31/2002,09/30/2002,06/30/2002,03/31/2002,12/31/2001,09/30/2001,06/30/2001,03/31/2001,12/31/2000,09/30/2000,06/30/2000,03/31/2000,12/31/1999,09/30/1999,06/30/1999,03/31/1999,12/31/1998,09/30/1998,06/30/1998,03/31/1998,12/31/1997,09/30/1997,06/30/1997,03/31/1997,12/31/1996,09/30/1996,06/30/1996,03/31/1996,12/31/1995,09/30/1995,06/30/1995,03/31/1995,12/31/1994,09/30/1994,06/30/1994,03/31/1994,12/31/1993,09/30/1993,06/30/1993,03/31/1993,12/31/1992,09/30/1992,06/30/1992,03/31/1992,12/31/1991,09/30/1991,06/30/1991,03/31/1991,12/31/1990,09/30/1990,06/30/1990,03/31/1990,12/31/1989,09/30/1989,06/30/1989,03/31/1989,12/31/1988,09/30/1988,06/30/1988,03/31/1988,12/31/1987,09/30/1987,06/30/1987,03/31/1987,12/31/1986,09/30/1986,06/30/1986,03/31/1986,12/31/1985,09/30/1985
TotalRevenue,"13,926,882,000","4,358,558,000","3,479,050,000","3,359,484,000","2,729,791,000","3,192,364,000","2,954,957,000","2,593,781,000","2,294,980,000","3,016,913,000","2,710,365,000","2,488,985,000","1,996,693,000","2,999,150,000","2,649,366,000","2,569,722,000","1,970,093,000","2,793,556,000","2,130,019,000","2,020,846,000","1,628,828,000","2,493,079,000","1,942,905,000","1,799,914,000","1,432,578,000","2,061,628,000","1,506,747,000","1,280,291,000","1,133,298,000","1,822,558,000","1,594,725,000","1,286,187,000","1,118,894,000","1,655,339,000","1,582,078,000","1,279,422,000","1,162,756,000","1,566,966,000","1,302,591,000","1,069,405,000","881,036,000","1,262,345,000","1,141,931,000","927,212,000","805,202,000","1,185,270,000","1,057,764,000","1,305,898,000","1,020,358,000","1,730,823,000","1,091,094,000","678,580,000","587,420,000","1,650,285,000","1,564,589,000","1,625,765,000","1,448,819,000","2,898,617,000","2,471,798,000","2,021,246,000","1,871,433,000","4,388,906,000","3,563,959,000","3,358,967,000","2,962,576,000","5,007,467,000","3,841,503,000","3,290,971,000","2,554,594,000","4,186,462,000","2,967,086,000","2,518,920,000","2,038,748,000","3,138,348,000","2,399,803,000","1,958,185,000","1,552,590,000","2,548,009,000","1,859,506,000","1,685,563,000","1,378,741,000","2,002,120,000","1,481,935,000","1,023,326,000","832,112,000","1,346,765,000","1,053,883,000","982,584,000","775,819,000","1,240,600,000","973,100,000","834,200,000","682,500,000","906,900,000","759,300,000","679,700,000","520,600,000","846,100,000","669,900,000","576,300,000","431,700,000","738,300,000","625,200,000","588,400,000","432,500,000","667,400,000","543,300,000","485,500,000","332,900,000","534,800,000","452,600,000","427,900,000","340,600,000","480,600,000","431,600,000","405,000,000","315,600,000","439,400,000","357,300,000","316,100,000","257,100,000","353,800,000","309,200,000","296,600,000","254,200,000","322,300,000","299,600,000","282,400,000","247,700,000","284,300,000","290,700,000","289,200,000","274,000,000","390,300,000","297,700,000","274,700,000","216,500,000","234,700,000","189,700,000","200,900,000","160,100,000","266,500,000","233,600,000","201,800,000","135,100,000","231,500,000","188,700,000"
	OperatingRevenue,"13,926,882,000","4,358,558,000","3,479,050,000","3,359,484,000","2,729,791,000","3,192,364,000","2,954,957,000","2,593,781,000","2,294,980,000","3,016,913,000","2,710,365,000","2,488,985,000","1,996,693,000","2,999,150,000","2,649,366,000","2,569,722,000","1,970,093,000","2,793,556,000","2,130,019,000","2,020,846,000","1,628,828,000","2,493,079,000","1,942,905,000","1,799,914,000","1,432,578,000","2,061,628,000","1,506,747,000","1,280,291,000","1,133,298,000","1,822,558,000","1,594,725,000","1,286,187,000","1,118,894,000","1,655,339,000","1,582,078,000","1,279,422,000","1,162,756,000","1,566,966,000","1,302,591,000","1,069,405,000","881,036,000","1,262,345,000","1,141,931,000","927,212,000","805,202,000","1,185,270,000","1,057,764,000","1,305,898,000","1,020,358,000","1,730,823,000","1,091,094,000","678,580,000","587,420,000","1,650,285,000","1,564,589,000","1,625,765,000","1,448,819,000","2,898,617,000","2,471,798,000","2,021,246,000","1,871,433,000","4,388,328,000","3,563,385,000","3,358,522,000","2,962,576,000","5,007,467,000","3,841,503,000","3,290,971,000","2,554,594,000","4,186,462,000","2,967,086,000","2,518,920,000","2,038,748,000","3,138,348,000","2,399,803,000","1,958,185,000","1,552,590,000","2,548,009,000","1,859,506,000","1,685,563,000","1,378,741,000","2,002,120,000","1,481,935,000","1,023,326,000","832,112,000","1,346,765,000","1,053,883,000","982,584,000","775,819,000","1,240,600,000","973,100,000","834,200,000","682,500,000","906,900,000","759,300,000","679,700,000","520,600,000","846,100,000","669,900,000","576,300,000","431,700,000","738,300,000","625,200,000","588,400,000","432,500,000","667,400,000","543,300,000","485,500,000","332,900,000","534,800,000","452,600,000","427,900,000","340,600,000","480,600,000","431,600,000","405,000,000","315,600,000","439,400,000","357,300,000","316,100,000","257,100,000","353,800,000","309,200,000","296,600,000","254,200,000","322,300,000","299,600,000","282,400,000","247,700,000","284,300,000","290,700,000","289,200,000","274,000,000","390,300,000","297,700,000","274,700,000","216,500,000","234,700,000","189,700,000","200,900,000","160,100,000","266,500,000","233,600,000","201,800,000","135,100,000","231,500,000","188,700,000"
CostOfRevenue,"10,144,460,000","3,164,022,000","2,533,392,000","2,447,101,000","1,999,945,000","2,383,423,000","2,195,050,000","1,934,628,000","1,744,828,000","2,315,521,000","2,068,486,000","1,905,270,000","1,526,290,000","2,370,246,000","2,008,433,000","1,932,540,000","1,503,701,000","2,180,569,000","1,619,032,000","1,666,014,000","1,249,273,000","1,682,150,000","1,523,945,000","1,405,092,000","1,117,476,000","1,555,598,000","1,146,777,000","979,359,000","877,064,000","1,398,131,000","1,221,531,000","981,638,000","836,936,000","1,273,380,000","1,253,314,000","1,034,563,000","946,076,000","1,333,610,000","1,065,343,000","897,317,000","767,572,000","1,138,261,000","964,131,000","832,518,000","706,433,000","1,158,980,000","981,087,000","1,151,791,000","884,204,000","1,838,357,000","1,135,669,000","766,327,000","925,738,000","1,888,917,000","1,662,401,000","1,644,608,000","1,948,668,000","2,946,197,000","2,839,149,000","2,404,757,000","1,686,564,000","4,296,215,000","3,257,832,000","2,961,432,000","2,565,625,000","4,100,524,000","3,243,482,000","2,830,367,000","2,221,219,000","3,453,220,000","2,565,221,000","2,226,571,000","1,833,347,000","2,620,533,000","2,151,697,000","1,765,827,000","1,422,091,000","2,160,487,000","1,675,702,000","1,540,585,000","1,269,892,000","1,750,235,000","1,347,659,000","924,784,000","770,504,000","1,204,011,000","955,079,000","902,828,000","733,262,000","1,127,000,000","895,300,000","773,400,000","641,600,000","844,000,000","707,200,000","641,100,000","503,200,000","815,300,000","638,100,000","552,400,000","429,400,000","698,100,000","595,600,000","559,100,000","422,300,000","627,500,000","514,000,000","466,900,000","332,400,000","496,200,000","422,900,000","399,900,000","320,100,000",,,,,,,,,,,,,,,,,,,,,,,,,,,,,,,,,,
GrossProfit,"3,782,422,000","1,194,536,000","945,658,000","912,383,000","729,846,000","808,941,000","759,907,000","659,153,000","550,152,000","701,392,000","641,879,000","583,715,000","470,403,000","628,904,000","640,933,000","637,182,000","466,392,000","612,987,000","510,987,000","354,832,000","379,555,000","810,929,000","418,960,000","394,822,000","315,102,000","506,030,000","359,970,000","300,932,000","256,234,000","424,427,000","373,194,000","304,549,000","281,958,000","381,959,000","328,764,000","244,859,000","216,680,000","233,356,000","237,248,000","172,088,000","113,464,000","124,084,000","177,800,000","94,694,000","98,769,000","26,290,000","76,677,000","154,107,000","136,154,000","-107,534,000","-44,575,000","-87,747,000","-338,318,000","-238,632,000","-97,812,000","-18,843,000","-499,849,000","-47,580,000","-367,351,000","-383,511,000","184,869,000","92,691,000","306,127,000","397,535,000","396,951,000","906,943,000","598,021,000","460,604,000","333,375,000","733,242,000","401,865,000","292,349,000","205,401,000","517,815,000","248,106,000","192,358,000","130,499,000","387,522,000","183,804,000","144,978,000","108,849,000","251,885,000","134,276,000","98,542,000","61,608,000","142,754,000","98,804,000","79,756,000","42,557,000","113,600,000","77,800,000","60,800,000","40,900,000","62,900,000","52,100,000","38,600,000","17,400,000","30,800,000","31,800,000","23,900,000","2,300,000","40,200,000","29,600,000","29,300,000","10,200,000","39,900,000","29,300,000","18,600,000","500,000","38,600,000","29,700,000","28,000,000","20,500,000",,,,,,,,,,,,,,,,,,,,,,,,,,,,,,,,,,
OperatingExpense,"1,225,200,000","347,151,000","324,118,000","277,254,000","276,678,000","284,699,000","276,298,000","201,903,000","268,226,000","265,146,000","274,225,000","262,990,000","256,177,000","295,767,000","256,207,000","229,506,000","244,343,000","205,057,000","240,945,000","219,661,000","239,718,000","394,245,000","186,458,000","195,783,000","194,465,000","142,212,000","162,586,000","133,344,000","164,537,000","149,249,000","150,394,000","233,042,000","148,162,000","152,981,000","141,912,000","153,806,000","132,901,000","145,041,000","128,466,000","127,461,000","126,589,000","89,551,000","137,960,000","138,380,000","142,446,000","150,738,000","425,643,000","157,415,000","161,306,000","202,074,000","221,538,000","122,263,000","123,407,000","228,993,000","194,092,000","194,612,000","196,953,000","323,933,000","674,987,000","367,947,000","326,441,000",,,,"12,350,000",,,,,,,,,,,,,,,,,,,,,"4,528,000","2,171,000","3,905,000","3,626,000","4,900,000","2,500,000","3,000,000","3,100,000","800,000","2,400,000","100,000","1,700,000","2,600,000","1,600,000","3,300,000","300,000","1,200,000","2,200,000","1,700,000","1,600,000","500,000","2,100,000","2,500,000","1,200,000","9,100,000","200,000","2,000,000","1,900,000","488,800,000","346,900,000","314,700,000","268,000,000","378,400,000","303,900,000","267,300,000","214,700,000","298,200,000","258,400,000","250,500,000","215,900,000","294,400,000","248,200,000","228,400,000","188,200,000",,,,,,,,,,,,,,,,,,
	SellingGeneralAndAdministration,"1,208,698,000","344,220,000","320,506,000","272,286,000","271,686,000","279,657,000","271,257,000","196,858,000","263,669,000","261,546,000","270,625,000","259,440,000","252,727,000","292,317,000","252,757,000","226,056,000","240,893,000","201,607,000","237,495,000","216,211,000","236,268,000","390,795,000","183,008,000","192,333,000","191,015,000","138,987,000","159,361,000","130,119,000","161,312,000","146,024,000","147,136,000","229,767,000","144,887,000","149,706,000","138,637,000","150,531,000","129,626,000","141,766,000","125,191,000","124,186,000","123,314,000","117,147,000","121,610,000","138,380,000","142,446,000","150,738,000","425,643,000","157,415,000","161,306,000","202,074,000","221,538,000","122,263,000","123,407,000","228,993,000","194,092,000","194,612,000","196,953,000","323,933,000","674,987,000","367,947,000","326,441,000",,,,"12,350,000",,,,,,,,,,,,,,,,,,,,,,,,,,,,,,,,,,,,,,,,,,,,,,,,,,,,,,,,,,,,,,,,,,,,,,,,,,,,,,,,,,
	DepreciationAmortizationDepletionIncomeStatement,"16,502,000","2,931,000","3,612,000","4,968,000","4,992,000","5,042,000","5,041,000","5,045,000","4,557,000","3,600,000","3,600,000","3,550,000","3,450,000","3,450,000","3,450,000","3,450,000","3,450,000","3,450,000","3,450,000","3,450,000","3,450,000","3,450,000","3,450,000","3,450,000","3,450,000","3,225,000","3,225,000","3,225,000","3,225,000","3,225,000","3,258,000","3,275,000","3,275,000","3,275,000","3,275,000","3,275,000","3,275,000","3,275,000","3,275,000","3,275,000","3,275,000",,"3,275,000",,,,"10,574,000",,,,,,,,,,,,,,,,,,,,,,,,,,,,,,,,,,,,,,,"4,528,000","2,171,000","3,905,000","3,626,000","4,900,000","2,500,000","3,000,000","3,100,000","800,000","2,400,000","100,000","1,700,000","2,600,000","1,600,000","3,300,000","300,000","1,200,000","2,200,000","1,700,000","1,600,000","500,000","2,100,000","2,500,000","1,200,000","9,100,000","200,000","2,000,000","1,900,000",,,,,,,,,,,,,,,,,,,,,,,,,,,,,,,,,,
		DepreciationAndAmortizationInIncomeStatement,"16,502,000","2,931,000","3,612,000","4,968,000","4,992,000","5,042,000","5,041,000","5,045,000","4,557,000","3,600,000","3,600,000","3,550,000","3,450,000","3,450,000","3,450,000","3,450,000","3,450,000","3,450,000","3,450,000","3,450,000","3,450,000","3,450,000","3,450,000","3,450,000","3,450,000","3,225,000","3,225,000","3,225,000","3,225,000","3,225,000","3,258,000","3,275,000","3,275,000","3,275,000","3,275,000","3,275,000","3,275,000","3,275,000","3,275,000","3,275,000","3,275,000",,"3,275,000",,,,"10,574,000",,,,,,,,,,,,,,,,,,,,,,,,,,,,,,,,,,,,,,,"4,528,000","2,171,000","3,905,000","3,626,000","4,900,000","2,500,000","3,000,000","3,100,000","800,000","2,400,000","100,000","1,700,000","2,600,000","1,600,000","3,300,000","300,000","1,200,000","2,200,000","1,700,000","1,600,000","500,000","2,100,000","2,500,000","1,200,000","9,100,000","200,000","2,000,000","1,900,000",,,,,,,,,,,,,,,,,,,,,,,,,,,,,,,,,,
			Amortization,"16,502,000","2,931,000","3,612,000","4,968,000","4,992,000","5,042,000","5,041,000","5,045,000","4,557,000","3,600,000","3,600,000","3,550,000","3,450,000","3,450,000","3,450,000","3,450,000","3,450,000","3,450,000","3,450,000","3,450,000","3,450,000","3,450,000","3,450,000","3,450,000","3,450,000","3,225,000","3,225,000","3,225,000","3,225,000","3,225,000","3,258,000","3,275,000","3,275,000","3,275,000","3,275,000","3,275,000","3,275,000","3,275,000","3,275,000","3,275,000","3,275,000",,"3,275,000",,,,,,,,,,,,,,,,,,,,,,,,,,,,,,,,,,,,,,,,,,,,,,,,,,,,,,,,,,,,,,,,,,,,,,,,,,,,,,,,,,,,,,,,,,,,,,,,,,,,,,,,
				AmortizationOfIntangiblesIncomeStatement,"16,502,000","2,931,000","3,612,000","4,968,000","4,992,000","5,042,000","5,041,000","5,045,000","4,557,000","3,600,000","3,600,000","3,550,000","3,450,000","3,450,000","3,450,000","3,450,000","3,450,000","3,450,000","3,450,000","3,450,000","3,450,000","3,450,000","3,450,000","3,450,000","3,450,000","3,225,000","3,225,000","3,225,000","3,225,000","3,225,000","3,258,000","3,275,000","3,275,000","3,275,000","3,275,000","3,275,000","3,275,000","3,275,000","3,275,000","3,275,000","3,275,000",,"3,275,000",,,,,,,,,,,,,,,,,,,,,,,,,,,,,,,,,,,,,,,,,,,,,,,,,,,,,,,,,,,,,,,,,,,,,,,,,,,,,,,,,,,,,,,,,,,,,,,,,,,,,,,,
	OtherOperatingExpenses,,,,,,,,,,,,,,,,,,,,,,,,,,,,,,,,,,,,,,,,,,,"13,075,000",,,,,,,,,,,,,,,,,,,,,,,,,,,,,,,,,,,,,,,,,,,,,,,,,,,,,,,,,,,,,,,,,,,,,,,,,,,,,,,,,,,,,,,,,,,,,,,,,,,,,,,,
OperatingIncome,"2,557,222,000","847,385,000","621,540,000","635,129,000","453,168,000","524,242,000","483,609,000","457,250,000","281,926,000","436,246,000","367,654,000","320,725,000","214,226,000","333,137,000","384,726,000","407,676,000","222,049,000","407,930,000","270,042,000","135,171,000","139,837,000","416,684,000","232,502,000","199,039,000","120,637,000","363,818,000","197,384,000","167,588,000","91,697,000","275,178,000","222,800,000","71,507,000","133,796,000","228,978,000","186,852,000","91,053,000","83,779,000","88,315,000","108,782,000","44,627,000","-13,125,000","34,533,000","39,840,000","-43,686,000","-43,677,000","-124,448,000","-348,966,000","-3,308,000","-25,152,000","-309,608,000","-266,113,000","-210,010,000","-461,725,000","-467,625,000","-291,904,000","-213,455,000","-696,802,000","-371,513,000","-1,042,338,000","-751,458,000","-141,572,000","92,691,000","306,127,000","397,535,000","384,601,000","809,664,000","598,021,000","460,604,000","333,375,000","640,808,000","401,865,000","292,349,000","205,401,000","439,183,000","248,106,000","192,358,000","130,499,000","324,352,000","183,804,000","144,978,000","108,849,000","192,223,000","134,276,000","98,542,000","61,608,000","138,226,000","96,633,000","75,851,000","38,931,000","108,700,000","75,300,000","57,800,000","37,800,000","62,100,000","49,700,000","38,500,000","15,700,000","28,200,000","30,200,000","20,600,000","2,000,000","39,000,000","27,400,000","27,600,000","8,600,000","39,400,000","27,200,000","16,100,000","-700,000","29,500,000","29,500,000","26,000,000","18,600,000","-8,200,000","84,700,000","90,300,000","47,600,000","61,000,000","53,400,000","48,800,000","42,400,000","55,600,000","50,800,000","46,100,000","38,300,000","27,900,000","51,400,000","54,000,000","59,500,000","-582,600,000","290,700,000","289,200,000","274,000,000","-694,700,000","297,700,000","274,700,000","216,500,000","-575,800,000","189,700,000","200,900,000","160,100,000","-533,200,000","233,600,000","201,800,000","135,100,000","-515,900,000","188,700,000"
NetNonOperatingInterestIncomeExpense,"1,451,000","297,000","321,000","335,000","496,000","587,000","666,000","-1,674,000","3,010,000","3,618,000","3,407,000","4,325,000","4,805,000","4,195,000","1,690,000","670,000","421,000","488,000","384,000","465,000","696,000","417,000","722,000","663,000","749,000","459,000","301,000","648,000","912,000","977,000","995,000","912,000","898,000","906,000","865,000","946,000","966,000","1,128,000","1,018,000","966,000","982,000","1,028,000","800,000","828,000","1,086,000","1,419,000","1,812,000","1,274,000","2,297,000","261,000","1,383,000","2,211,000","0",,,,,,,,,,,,,,,,,,,,,,,,,,,,,,,,,,,,,,,,,,,,,,,,,,,,,,,,,,,,,,,,,,,,,,,,,,,,,,,,,,,,,,,,,,,,,,
	InterestIncomeNonOperating,"1,953,000","412,000","436,000","473,000","631,000","813,000","891,000","1,326,000","3,807,000","3,765,000","3,554,000","4,471,000","4,949,000","4,353,000","1,842,000","835,000","564,000","620,000","485,000","599,000","833,000","577,000","887,000","849,000","923,000","649,000","504,000","856,000","1,099,000","1,201,000","1,205,000","1,115,000","1,111,000","1,074,000","1,036,000","1,112,000","1,173,000","1,331,000","1,219,000","1,164,000","1,199,000","1,351,000","1,122,000","1,145,000","1,437,000","1,859,000","2,601,000","2,292,000","2,779,000","1,178,000","1,814,000","2,647,000",,,,,,,,,,,,,,,,,,,,,,,,,,,,,,,,,,,,,,,,,,,,,,,,,,,,,,,,,,,,,,,,,,,,,,,,,,,,,,,,,,,,,,,,,,,,,,,
	InterestExpenseNonOperating,"502,000","115,000","115,000","138,000","135,000","226,000","225,000","3,000,000","797,000","147,000","147,000","146,000","144,000","158,000","152,000","165,000","143,000","132,000","101,000","134,000","137,000","160,000","165,000","186,000","174,000","190,000","203,000","208,000","187,000","224,000","210,000","203,000","213,000","168,000","171,000","166,000","207,000","203,000","201,000","198,000","217,000","323,000","322,000","317,000","351,000","440,000","789,000","1,018,000","482,000","917,000","431,000","436,000","0",,,,,,,,,,,,,,,,,,,,,,,,,,,,,,,,,,,,,,,,,,,,,,,,,,,,,,,,,,,,,,,,,,,,,,,,,,,,,,,,,,,,,,,,,,,,,,
OtherIncomeExpense,"-48,828,000","8,235,000","-1,459,000","4,009,000","-59,612,000","-1,079,000","-108,000","1,433,000","-21,167,000","-3,913,000","-4,915,000","-4,274,000","-2,328,000","-7,841,000","-1,728,000","824,000","1,721,000","348,000","-2,177,000","-13,089,000","-1,268,000","-3,379,000","-20,889,000","-10,122,000","-3,173,000","9,041,000","-18,409,000","-609,000","3,196,000","-9,034,000","1,133,000","-4,738,000","-4,665,000","2,536,000","-12,995,000","-53,669,000","-2,395,000","-38,230,000","-3,894,000","-5,667,000","-1,348,000","-44,636,000","-243,140,000","-7,200,000","-2,801,000","-67,446,000","-676,683,000","-3,692,000","8,347,000","-607,878,000","-93,989,000","20,870,000","-50,521,000","-12,100,000","-2,687,000","-1,772,000","3,746,000","-82,320,000","-51,575,000","-55,151,000","-976,000","-110,168,000","-10,039,000","-9,365,000","32,943,000","21,033,000","15,681,000","23,841,000","14,795,000","26,362,000","16,146,000","10,383,000","7,223,000","14,069,000","11,559,000","4,475,000","8,660,000","3,199,000","2,290,000","3,244,000","3,685,000","2,166,000","947,000","25,000","2,000,000","968,000","2,317,000","1,639,000","531,000","4,000,000","600,000","300,000","1,900,000",,"-3,100,000","200,000","2,200,000",,,,,,,,,,,,,,,,,,,,,,,,,,,,,,,,,,,,,,,,,,,,,,,,,,
	EarningsFromEquityInterest,"17,199,000","11,579,000","604,000","4,190,000","827,000","642,000","336,000","334,000","567,000","370,000","211,000","129,000","37,000","578,000","886,000","265,000","961,000","2,169,000","415,000","-5,763,000","1,193,000","3,848,000","485,000","3,829,000","170,000","2,891,000","2,192,000","1,164,000","1,107,000","925,000","281,000","1,311,000","5,891,000","848,000","785,000","395,000","-898,000","223,000","284,000","1,556,000","1,996,000","1,297,000","-303,000","1,193,000","1,109,000","1,167,000","-3,704,000","5,542,000","-94,000","7,544,000","-4,170,000","-2,505,000","-50,521,000","-12,100,000","-2,687,000","-1,772,000","3,746,000","-82,320,000","-51,575,000","-55,151,000","-976,000","-64,889,000","1,881,000","-1,212,000","32,943,000","21,033,000","15,681,000","23,841,000","14,795,000","26,362,000","16,146,000","10,383,000","7,223,000","14,069,000","11,559,000","4,475,000","8,660,000","3,199,000","2,290,000","3,244,000","3,685,000","2,166,000","947,000","25,000","2,000,000",,,,,,,,,,,,,,,,,,,,,,,,,,,,,,,,,,,,,,,,,,,,,,,,,,,,,,,,,,,,,,
	SpecialIncomeCharges,"-73,752,000","-5,482,000","-3,567,000","-1,866,000","-62,837,000","-4,055,000","-1,692,000","-2,311,000","-24,522,000","-5,312,000","-2,455,000","-7,359,000","-2,917,000","-9,594,000","-3,136,000","-1,652,000","-2,609,000","-1,970,000","-2,680,000","-5,063,000","-1,655,000","-4,818,000","-2,541,000","-7,414,000","-3,041,000","-1,388,000","-522,000","-1,241,000","-1,869,000","-1,556,000","-1,391,000","-1,688,000","-10,048,000","-1,720,000","-4,669,000","-23,322,000","-341,000","-19,604,000","-4,178,000","-7,223,000","-3,344,000","-45,933,000","-242,837,000","-8,393,000","-3,910,000","11,880,000","-672,979,000","-9,234,000","8,441,000","-615,422,000","-89,819,000","23,375,000",,,,,,,,,,"-45,279,000","-11,920,000","-8,153,000",,,,,,,,,,,,,,,,,,,,,,"968,000","2,317,000","1,639,000","531,000","4,000,000","600,000","300,000","1,900,000",,"-3,100,000","200,000","2,200,000",,,,,,,,,,,,,,,,,,,,,,,,,,,,,,,,,,,,,,,,,,,,,,,,,,
		ImpairmentOfCapitalAssets,"0","0","0","0","0","0","0","0","20,190,000",,,,,,,,,,,,,,,,,,,,,,,,,,,,,"0","0",,,,"240,541,000","0",,"0","654,923,000","1,375,000",,,,,,,,,,,,,,,,,,,,,,,,,,,,,,,,,,,,,,,,,,,,,,,,,,,,,,,,,,,,,,,,,,,,,,,,,,,,,,,,,,,,,,,,,,,,,,,,,,,
		WriteOff,"12,283,000","5,482,000","3,567,000","1,866,000","1,368,000","4,055,000","1,692,000","2,311,000","4,332,000","5,228,000","2,455,000","2,516,000","2,917,000","9,594,000","3,136,000","1,652,000","2,609,000","1,970,000","2,680,000","5,063,000","1,655,000","4,161,000","2,541,000","7,414,000","3,041,000","1,388,000","522,000","1,241,000","1,869,000","1,556,000","1,391,000","1,688,000","1,464,000","1,720,000","811,000","250,000","341,000","480,000","893,000","166,000","739,000",,"2,296,000","3,709,000","623,000","1,609,000","1,133,000","2,309,000","543,000",,"17,209,000",,,,,,,,,,,,,,,,,,,,,,,,,,,,,,,,,,,,,,,,,,,,,,,,,,,,,,,,,,,,,,,,,,,,,,,,,,,,,,,,,,,,,,,,,,,,,,,,
		OtherSpecialCharges,"61,469,000","0",,,"61,469,000",,,,,"84,000",,"4,843,000",,,,,,,,,,,,,,,,,,"0",,,"8,584,000","0","3,858,000","23,072,000",,"19,124,000","3,285,000","7,057,000","2,605,000",,,"4,684,000","3,287,000",,"16,923,000","5,550,000","-8,984,000",,"72,610,000",,,,,,,,,,,,,,,,,,,,,,,,,,,,,,,,,,,,,,,,,,,,,,,,,,,,,,,,,,,,,,,,,,,,,,,,,,,,,,,,,,,,,,,,,,,,,,,,
	OtherNonOperatingIncomeExpenses,"7,725,000","2,138,000","1,504,000","1,685,000","2,398,000","2,334,000","1,248,000","3,410,000","2,788,000","1,029,000","-2,671,000","2,956,000","552,000","1,175,000","522,000","2,211,000","3,369,000","149,000","88,000","-2,263,000","-806,000","-2,409,000","-18,833,000","-6,537,000","-302,000","7,538,000","-20,079,000","-532,000","3,958,000","-8,403,000","2,243,000","-4,361,000","-508,000","3,408,000","-9,111,000","-30,742,000","-1,156,000","-41,728,000",,,,,,,,,,,,,,,,,,,,,,,,,,,,,,,,,,,,,,,,,,,,,,,,,,,,,,,,,,,,,,,,,,,,,,,,,,,,,,,,,,,,,,,,,,,,,,,,,,,,,,,,,,,,,
PretaxIncome,"2,509,845,000","855,917,000","620,402,000","639,473,000","394,052,000","523,750,000","484,167,000","457,009,000","263,769,000","435,951,000","366,146,000","320,776,000","216,703,000","329,491,000","384,688,000","409,170,000","224,191,000","408,766,000","268,249,000","122,547,000","139,265,000","413,722,000","212,335,000","189,580,000","118,213,000","373,318,000","179,276,000","167,627,000","95,805,000","267,121,000","224,928,000","67,681,000","130,029,000","232,420,000","174,722,000","38,330,000","82,350,000","51,213,000","105,906,000","39,926,000","-13,491,000","-9,075,000","-202,500,000","-53,333,000","-45,392,000","-190,475,000","-1,023,837,000","-5,726,000","-14,508,000","-917,225,000","-358,719,000","-186,929,000","-512,246,000","-479,725,000","-294,591,000","-215,227,000","-693,056,000","-453,833,000","-1,093,913,000","-806,609,000","-142,548,000","-18,055,000","295,514,000","387,725,000","417,544,000","830,697,000","613,702,000","484,445,000","348,170,000","667,170,000","418,011,000","302,732,000","212,624,000","399,999,000","259,665,000","196,833,000","139,159,000","281,972,000","186,094,000","148,222,000","112,534,000","194,389,000","135,223,000","98,567,000","63,608,000","139,194,000","98,950,000","77,490,000","39,462,000","112,800,000","76,000,000","58,100,000","39,600,000","62,500,000","46,700,000","38,600,000","17,900,000","28,200,000","30,200,000","20,600,000","2,000,000","38,900,000","27,400,000","27,600,000","8,600,000","39,500,000","27,300,000","16,000,000","-700,000","29,500,000","29,500,000","26,100,000","18,600,000","36,300,000","29,300,000","32,200,000","15,600,000","26,500,000","24,200,000","17,000,000","10,200,000","22,200,000","14,400,000","8,100,000",,"3,500,000","5,900,000","9,200,000","12,900,000",,,,,,,,,,,,,,,,,,
TaxProvision,"563,525,000","192,652,000","144,853,000","136,074,000","89,945,000","85,639,000","67,769,000","108,389,000","60,058,000","100,153,000","93,042,000","79,735,000","49,946,000","91,843,000","95,153,000","85,081,000","53,440,000","331,352,000","90,710,000","21,798,000","47,747,000","140,549,000","83,865,000","71,820,000","34,913,000","145,290,000","71,507,000","64,303,000","40,834,000","50,027,000","84,383,000","25,801,000","55,210,000","12,367,000","-2,107,162,000","1,913,000","588,000","-7,529,000","-10,727,000","-2,510,000","-1,825,000","-22,896,000","-73,202,000","2,052,000","-5,866,000","-25,047,000","-28,721,000","-82,029,000","-2,020,000","-800,328,000","2,668,000","2,536,000","2,572,000","-141,560,000","-14,204,000","-56,810,000","3,088,000","439,490,000","-306,042,000","-299,058,000","-56,876,000","-9,754,000","104,064,000","143,873,000","154,899,000","303,613,000","225,983,000","180,680,000","129,850,000","247,858,000","158,861,000","115,023,000","80,787,000","152,013,000","98,630,000","74,833,000","52,858,000","109,928,000","72,585,000","57,814,000","43,894,000","74,853,000","52,072,000","37,948,000","24,489,000","53,598,000","38,091,000","29,830,000","15,193,000","43,000,000","28,500,000","21,000,000","15,600,000","24,400,000","18,200,000","15,000,000","7,000,000","10,900,000","11,600,000","7,900,000","800,000","13,600,000","11,000,000","11,200,000","3,500,000","16,000,000","11,000,000","6,500,000","-300,000","12,200,000","11,600,000","10,200,000","7,300,000","11,700,000","9,600,000","9,700,000","4,700,000","2,700,000","1,400,000","1,000,000","700,000","1,300,000","900,000","200,000",,"-200,000","700,000","700,000","700,000",,,,,,,,,,,,,,,,,,
NetIncomeCommonStockholders,"1,929,985,000","657,376,000","471,707,000","499,374,000","301,655,000","434,234,000","413,011,000","345,753,000","201,901,000","332,413,000","270,395,000","238,647,000","165,039,000","235,082,000","286,385,000","320,505,000","168,833,000","76,578,000","175,600,000","99,677,000","90,595,000","271,051,000","127,331,000","116,686,000","82,611,000","226,548,000","107,072,000","102,664,000","54,617,000","215,591,000","139,601,000","41,591,000","74,302,000","218,244,000","2,265,727,000","36,417,000","81,762,000","58,742,000","116,633,000","42,436,000","-11,666,000","13,821,000","-129,298,000","-55,385,000","-39,526,000","-165,428,000","-995,116,000","76,303,000","-12,488,000","-116,897,000","-361,387,000","-189,465,000","-514,818,000","-338,165,000","-280,387,000","-158,417,000","-696,144,000","-874,661,000","-787,871,000","-507,551,000","-85,672,000","-8,412,000","190,219,000","243,019,000","262,645,000","574,539,000","395,421,000","303,711,000","218,242,000","397,373,000","269,936,000","187,603,000","131,629,000","247,894,000","168,886,000","121,717,000","86,137,000","171,884,000","123,446,000","90,203,000","68,112,000","119,441,000","82,787,000","59,794,000","39,371,000","85,593,000","30,892,000","47,692,000","24,336,000","69,700,000","47,100,000","37,200,000","24,400,000","38,400,000","28,600,000","23,800,000","11,300,000","17,000,000","19,700,000","13,900,000","2,200,000","26,700,000","127,600,000","18,200,000","7,100,000","25,400,000","18,800,000","10,700,000","3,500,000","43,600,000","16,400,000","87,900,000","15,000,000","21,200,000","19,700,000","22,500,000","15,900,000","23,200,000","21,300,000","16,000,000","9,500,000","20,900,000","11,600,000","7,900,000","300,000","3,700,000","5,200,000","8,500,000","12,200,000",,,,,,,,,,,,,,,,,,
	NetIncome,"1,946,320,000","663,265,000","475,549,000","503,399,000","304,107,000","438,111,000","416,398,000","348,620,000","203,711,000","335,798,000","273,104,000","241,041,000","166,757,000","237,648,000","289,535,000","324,089,000","170,751,000","77,414,000","177,539,000","100,749,000","91,518,000","273,173,000","128,470,000","117,760,000","83,300,000","228,028,000","107,769,000","103,324,000","54,971,000","217,094,000","140,545,000","41,880,000","74,819,000","220,053,000","2,281,884,000","36,417,000","81,762,000","58,742,000","116,633,000","42,436,000","-11,666,000","13,821,000","-129,298,000","-55,385,000","-39,526,000","-165,428,000","-995,116,000","76,303,000","-12,488,000","-116,897,000","-361,387,000","-189,465,000","-514,818,000","-338,165,000","-280,387,000","-158,417,000","-696,144,000","-874,661,000","-787,871,000","-507,551,000","-85,672,000","-8,412,000","190,219,000","243,019,000","262,645,000","574,539,000","395,421,000","303,711,000","218,242,000","397,373,000","269,936,000","187,603,000","131,629,000","247,894,000","168,886,000","121,717,000","86,137,000","171,884,000","123,446,000","90,203,000","68,112,000","119,441,000","82,787,000","59,794,000","39,371,000","85,593,000","30,892,000","47,692,000","24,336,000","69,700,000","47,100,000","37,200,000","24,400,000","38,400,000","28,600,000","23,800,000","11,300,000","17,000,000","19,700,000","13,900,000","2,200,000","26,700,000","127,600,000","18,200,000","7,100,000","25,400,000","18,800,000","10,700,000","3,500,000","43,600,000","16,400,000","87,900,000","15,000,000","21,200,000","19,700,000","22,500,000","15,900,000","23,200,000","21,300,000","16,000,000","9,500,000","20,900,000","11,600,000","7,900,000","300,000","3,700,000","5,200,000","8,500,000","12,200,000",,,,,,,,,,,,,,,,,,
		NetIncomeIncludingNoncontrollingInterests,"1,946,320,000","663,265,000","475,549,000","503,399,000","304,107,000","438,111,000","416,398,000","348,620,000","203,711,000","335,798,000","273,104,000","241,041,000","166,757,000","237,648,000","289,535,000","324,089,000","170,751,000","77,414,000","177,539,000","100,749,000","91,518,000","273,173,000","128,470,000","117,760,000","83,300,000","228,028,000","107,769,000","103,324,000","54,971,000","217,094,000","140,545,000","41,880,000","74,819,000","220,053,000","2,281,884,000","36,417,000","81,762,000","58,742,000","116,633,000","42,436,000","-11,666,000","13,821,000","-129,298,000","-55,385,000","-39,526,000","-165,428,000","-995,116,000","76,303,000","-12,488,000","-116,897,000","-361,387,000","-189,465,000","-514,818,000","-338,165,000","-280,387,000","-158,417,000","-696,144,000","-874,661,000","-787,871,000","-507,551,000","-85,672,000","-8,412,000","190,219,000","243,019,000","262,645,000","574,539,000","395,421,000","303,711,000","218,242,000","397,373,000","269,936,000","187,603,000","131,629,000","247,894,000","168,886,000","121,717,000","86,137,000","171,884,000","123,446,000","90,203,000","68,112,000","119,441,000","82,787,000","59,794,000","39,371,000","85,593,000","30,892,000","47,692,000","24,336,000","69,700,000","47,100,000","37,200,000","24,400,000","38,400,000","28,600,000","23,800,000","11,300,000","17,000,000","19,700,000","13,900,000","2,200,000","26,700,000","127,600,000","18,200,000","7,100,000","25,400,000","18,800,000","10,700,000","3,500,000","43,600,000","16,400,000","87,900,000","15,000,000","21,200,000","19,700,000","22,500,000","15,900,000","23,200,000","21,300,000","16,000,000","9,500,000","20,900,000","11,600,000","7,900,000","300,000","3,700,000","5,200,000","8,500,000","12,200,000","9,500,000","12,200,000","23,400,000","10,800,000","20,700,000","5,000,000","6,100,000","1,300,000","-7,000,000","3,800,000","8,100,000","2,600,000","9,100,000","7,900,000","2,700,000","1,000,000","8,300,000","6,200,000"
			NetIncomeContinuousOperations,"1,946,320,000","663,265,000","475,549,000","503,399,000","304,107,000","438,111,000","416,398,000","348,620,000","203,711,000","335,798,000","273,104,000","241,041,000","166,757,000","237,648,000","289,535,000","324,089,000","170,751,000","77,414,000","177,539,000","100,749,000","91,518,000","273,173,000","128,470,000","117,760,000","83,300,000","228,028,000","107,769,000","103,324,000","54,971,000","217,094,000","140,545,000","41,880,000","74,819,000","220,053,000","2,281,884,000","36,417,000","81,762,000","58,742,000","116,633,000","42,436,000","-11,666,000","13,821,000","-129,298,000","-55,385,000","-39,526,000","-165,428,000","-995,116,000","76,303,000","-12,488,000","-116,897,000","-361,387,000","-189,465,000","-514,818,000","-338,165,000","-280,387,000","-158,417,000","-696,144,000","-893,323,000","-787,871,000","-507,551,000","-85,672,000","-8,301,000","191,450,000","243,852,000","262,645,000","527,084,000","387,719,000","303,765,000","218,320,000","419,312,000","259,150,000","187,709,000","131,837,000","247,986,000","161,035,000","122,000,000","86,301,000","172,044,000","113,509,000","90,408,000","68,640,000","119,536,000","83,151,000","60,619,000","39,119,000","85,596,000","60,859,000","47,660,000","24,269,000","69,800,000","47,500,000","37,100,000","24,000,000","38,100,000","28,500,000","23,600,000","10,900,000","17,300,000","18,600,000","12,700,000","1,200,000","25,300,000","16,400,000","16,400,000","5,100,000","23,500,000","16,300,000","9,500,000","-400,000","17,300,000","17,900,000","15,900,000","11,300,000","24,600,000","19,700,000","22,500,000","10,900,000","23,800,000","22,800,000","16,000,000","9,500,000","20,900,000","13,500,000","7,900,000","300,000","3,700,000","5,200,000","8,500,000","12,200,000","9,500,000","12,200,000","23,400,000","10,800,000","20,700,000","5,000,000","6,100,000","1,300,000","-7,000,000","3,800,000","8,100,000","2,600,000","9,100,000","7,900,000","2,700,000","1,000,000","8,300,000","6,200,000"
			NetIncomeDiscontinuousOperations,,,,,,,,,,,,,,,,,,,,,,,,,,,,,,,,,,,,,,,,,,,,,,,,,,,,,,,,,,,,,,"-111,000","-1,231,000","-833,000",,"47,455,000","7,702,000","-54,000","-78,000","-21,939,000","10,786,000","-106,000","-208,000","-92,000","7,851,000","-283,000","-164,000","-160,000","9,937,000","-205,000","-528,000","-95,000","-364,000","-825,000","252,000","-3,000","-29,967,000","32,000","67,000",,"-400,000","100,000","400,000","300,000","100,000","200,000","400,000","-300,000","1,100,000","1,200,000","1,000,000","1,400,000","111,200,000","1,800,000","2,000,000","1,900,000","2,500,000","1,200,000","3,900,000","26,300,000",,"72,000,000","4,700,000",,,,,,,,,,,,,,,,,,,,,,,,,,,,,,,,,,
			NetIncomeExtraordinary,,,,,,,,,,,,,,,,,,,,,,,,,,,,,,,,,,,,,,,,,,,,,,,,,,,,,,,,,,,,,,,,,,,,,,,,,,,,,,,,,,,,,,,,,,,,,,,,,,,,,,,,,,,,,,,,,,"0",,,"5,000,000",,,,,,,,,,,,,,,,,,,,,,,,,,,,,,
			NetIncomeFromTaxLossCarryforward,,,,,,,,,,,,,,,,,,,,,,,,,,,,,,,,,,,,,,,,,,,,,,,,,,,,,,,,,,,,,,,,,,,,,,,,,,,,,,,,,,,,,,,,,,,,,,,,,,,,,,,,,,,,,,"0","-1,500,000",,"-1,000,000",,,,,"-600,000","-1,500,000",,,"0","-1,900,000",,,,,,,,,,,,,,,,,,,,,,,,
	OtherunderPreferredStockDividend,"16,335,000","5,889,000","3,842,000","4,025,000","2,452,000","3,877,000","3,387,000","2,867,000","1,810,000","3,385,000","2,709,000","2,394,000","1,718,000","2,566,000","3,150,000","3,584,000","1,918,000","836,000","1,939,000","1,072,000","923,000","2,122,000","1,139,000","1,074,000","689,000","1,480,000","697,000","660,000","354,000","1,503,000","944,000","289,000","517,000","1,809,000","16,157,000",,,,,,,,,,,,,,,,,,,,,,,,,,,,,,,,,,,,,,,,,,,,,,,,,,,,,,,,,,,,,,,,,,,,,,,,,,,,,,,,,,,,,,,,,,,,,,,,,,,,,,,,,,,,,,,,
AverageDilutionEarnings,"37,000","13,000","10,000","9,000","5,000","12,000","7,000","7,000","7,000","8,000","6,000","7,000","3,000","17,000","12,000","16,000","8,000","2,000","9,000","4,000","5,000","7,000","5,000","6,000","3,000","8,000","4,000","4,000","1,000","12,000","8,000","2,000","4,000","188,000","131,000",,,,,,,,,,,,,,,,,,,,,,,,,,,,,,,,,,,,,,,,,,,,,,,,,,,,,,,,,,,,,,,,,,,,,,,,,,,,,,,,,,,,,,,,,,,,,,,,,,,,,,,,,,,,,,,,
DilutedNIAvailtoComStockholders,"1,930,022,000","657,389,000","471,717,000","499,383,000","301,660,000","434,246,000","413,018,000","345,760,000","201,908,000","332,421,000","270,401,000","238,654,000","165,042,000","235,099,000","286,397,000","320,521,000","168,841,000","76,580,000","175,609,000","99,681,000","90,600,000","271,058,000","127,336,000","116,692,000","82,614,000","226,556,000","107,076,000","102,668,000","54,618,000","215,603,000","139,609,000","41,593,000","74,306,000","218,432,000","2,265,858,000","36,417,000","81,762,000","58,742,000","116,633,000","42,436,000","-11,666,000","13,821,000","-129,298,000","-55,385,000","-39,526,000","-165,428,000","-995,116,000","76,303,000","-12,488,000","-116,897,000","-361,387,000","-189,465,000","-514,818,000","-338,165,000","-280,387,000","-158,417,000","-696,144,000","-874,661,000","-787,871,000","-507,551,000","-85,672,000","-8,412,000","190,219,000","243,019,000","262,645,000","574,539,000","395,421,000","303,711,000","218,242,000","397,373,000","269,936,000","187,603,000","131,629,000","247,894,000","168,886,000","121,717,000","86,137,000","171,884,000","123,446,000","90,203,000","68,112,000","119,441,000","82,787,000","59,794,000","39,371,000","85,593,000","30,892,000","47,692,000","24,336,000","69,700,000","47,100,000","37,200,000","24,400,000","38,400,000","28,600,000","23,800,000","11,300,000","17,000,000","19,700,000","13,900,000","2,200,000","26,700,000","127,600,000","18,200,000","7,100,000","25,400,000","18,800,000","10,700,000","3,500,000","43,600,000","16,400,000","87,900,000","15,000,000","21,200,000","19,700,000","22,500,000","15,900,000","23,200,000","21,300,000","16,000,000","9,500,000","20,900,000","11,600,000","7,900,000","300,000","3,700,000","5,200,000","8,500,000","12,200,000",,,,,,,,,,,,,,,,,,
BasicEPS,,"2.61","1.83","1.91","1.14","1.62","1.54","1.29","0.75","1.23","0.99","0.86","0.59","0.84","1.01","1.12","0.59","0.26","0.59","0.32","0.29","0.83","0.37","0.34","0.24","0.65","0.31","0.28","0.15","0.58","0.37","0.11","0.19","0.58","5.92","0.09","0.21","0.15","0.31","0.11","-0.03",,"-0.34","-0.15","-0.1",,"-2.602","0.199","-0.033",,"-0.95","-0.74","-2.02",,"-1.11","-0.63","-2.75",,"-3.12","-2.01","-0.34",,"0.76","0.96","1.04",,"1.54","1.185","0.855",,"1.065","0.745","0.525",,"0.69","0.503","0.355",,"0.508","0.373","0.285",,"0.388","0.355","0.238",,"0.19","0.29","0.143",,"0.273","0.215","0.14",,"0.165","0.138","0.068",,"0.115","0.083","0.013",,"0.645","0.09","0.035",,"0.088","0.048","0.015",,"0.075","0.395","0.068",,"0.09","0.103","0.073",,"0.098","0.075","0.048",,"0.06","0.04","0.003",,"0.028","0.045","0.058",,"0.058","0.11","0.053",,"0.025","0.03","0.008",,"0.018","0.04","0.013",,"0.038","0.013","0.005",,"0.03"
DilutedEPS,,"2.61","1.82","1.9","1.13","1.62","1.54","1.29","0.74","1.22","0.99","0.86","0.59","0.84","1.01","1.12","0.59","0.26","0.58","0.32","0.28","0.83","0.37","0.34","0.24","0.64","0.3","0.28","0.15","0.58","0.37","0.11","0.19","0.57","5.87","0.09","0.21","0.15","0.3","0.11","-0.03",,"-0.34","-0.15","-0.1",,"-2.63","0.199","-0.033",,"-1.15","-0.74","-2.02",,"-1.11","-0.63","-2.75",,"-3.12","-2.01","-0.34",,"0.74","0.94","1.01",,"1.5","1.15","0.83",,"1.035","0.725","0.51",,"0.673","0.488","0.348",,"0.498","0.363","0.278",,"0.38","0.345","0.23",,"0.185","0.288","0.143",,"0.268","0.213","0.138",,"0.16","0.135","0.065",,"0.115","0.083","0.013",,"0.645","0.09","0.035",,"0.088","0.048","0.015",,"0.075","0.395","0.068",,"0.09","0.103","0.073",,"0.095","0.073","0.045",,"0.06","0.04","0.003",,"0.028","0.045","0.058",,"0.058","0.11","0.053",,"0.025","0.03","0.008",,"0.018","0.04","0.013",,"0.038","0.013","0.005",,"0.03"
BasicAverageShares,,"251,636,000","258,147,000","262,099,000","265,407,000","267,561,000","268,363,000","268,324,000","270,000,000","270,843,000","272,992,000","276,652,000","277,637,000","278,964,000","283,489,000","285,276,000","286,683,000","292,174,000","298,538,000","312,315,000","317,756,000","325,975,000","340,171,000","345,240,000","347,815,000","348,699,000","350,147,000","361,009,000","366,748,000","369,533,000","373,531,000","376,072,000","383,991,000","379,879,000","382,883,000","385,389,000","384,228,000","383,404,000","381,355,000","380,655,000","380,502,000",,"380,025,000","379,781,000","379,544,000",,"382,384,000","377,747,000","382,547,000",,"254,672,000","254,764,000","254,578,000",,"253,582,000","253,454,000","253,166,000",,"252,264,000","252,093,000","251,919,000",,"251,287,000","252,618,000","253,684,000",,"256,081,000","255,874,000","254,868,000",,"253,132,000","252,508,000","250,602,000",,"244,496,000","242,736,000","242,668,000",,"243,168,000","242,000,000","239,452,000",,"213,684,000","167,948,000","167,180,000",,"161,904,000","164,212,000","170,784,000",,"172,844,037","173,023,256","174,285,714",,"173,333,333","173,090,909","167,407,407",,"171,304,348","168,484,848","176,000,000",,"202,857,143","202,857,143","202,857,143",,"214,857,143","225,263,158","233,333,333",,"218,666,667","222,531,646","222,222,222",,"218,888,889","219,512,195","219,310,345",,"218,461,538","213,333,333","200,000,000",,"193,333,333","197,500,000","188,632,000",,"189,090,909","188,888,889","212,173,913",,"202,240,000","200,640,000","200,640,000",,"198,080,000","198,080,000","190,880,000",,"190,720,000","189,904,000","189,904,000",,"189,552,000","189,552,000","188,520,000",,"188,520,000"
DilutedAverageShares,,"252,224,000","258,899,000","262,747,000","266,012,000","268,227,000","268,961,000","269,025,000","271,218,000","271,475,000","273,632,000","277,584,000","278,640,000","280,212,000","284,672,000","286,654,000","288,026,000","293,492,000","300,228,000","313,880,000","320,085,000","327,809,000","342,421,000","347,999,000","350,477,000","351,746,000","353,372,000","364,241,000","370,110,000","373,267,000","377,292,000","379,664,000","387,806,000","383,724,000","386,103,000","391,180,000","390,321,000","389,304,000","384,570,000","382,203,000","380,502,000",,"380,025,000","379,781,000","379,544,000",,"382,384,000","380,412,000","382,547,000",,"312,996,000","254,764,000","254,578,000",,"253,582,000","253,454,000","253,166,000",,"252,264,000","252,093,000","251,919,000",,"257,215,000","258,947,000","260,738,000",,"263,908,000","263,678,000","262,754,000",,"260,970,000","258,712,000","257,658,000",,"251,556,000","249,888,000","248,076,000",,"247,800,000","249,436,000","245,888,000",,"218,072,000","173,460,000","171,996,000",,"166,108,000","166,276,000","171,484,000",,"176,074,766","175,058,824","177,454,545",,"178,750,000","176,296,296","173,846,154",,"171,304,348","168,484,848","176,000,000",,"202,857,143","202,857,143","202,857,143",,"214,857,143","225,263,158","233,333,333",,"218,666,667","222,531,646","222,222,222",,"218,888,889","219,512,195","219,310,345",,"224,210,526","220,689,655","211,111,111",,"193,333,333","197,500,000","188,632,000",,"189,090,909","188,888,889","212,173,913",,"202,240,000","200,640,000","200,640,000",,"198,080,000","198,080,000","190,880,000",,"190,720,000","189,904,000","189,904,000",,"189,552,000","189,552,000","188,520,000",,"188,520,000"
TotalExpenses,"11,369,660,000","3,511,173,000","2,857,510,000","2,724,355,000","2,276,623,000","2,668,122,000","2,471,348,000","2,136,531,000","2,013,054,000","2,580,667,000","2,342,711,000","2,168,260,000","1,782,467,000","2,666,013,000","2,264,640,000","2,162,046,000","1,748,044,000","2,385,626,000","1,859,977,000","1,885,675,000","1,488,991,000","2,076,395,000","1,710,403,000","1,600,875,000","1,311,941,000","1,697,810,000","1,309,363,000","1,112,703,000","1,041,601,000","1,547,380,000","1,371,925,000","1,214,680,000","985,098,000","1,426,361,000","1,395,226,000","1,188,369,000","1,078,977,000","1,478,651,000","1,193,809,000","1,024,778,000","894,161,000","1,227,812,000","1,102,091,000","970,898,000","848,879,000","1,309,718,000","1,406,730,000","1,309,206,000","1,045,510,000","2,040,431,000","1,357,207,000","888,590,000","1,049,145,000","2,117,910,000","1,856,493,000","1,839,220,000","2,145,621,000","3,270,130,000","3,514,136,000","2,772,704,000","2,013,005,000","4,296,215,000","3,257,832,000","2,961,432,000","2,577,975,000","4,197,803,000","3,243,482,000","2,830,367,000","2,221,219,000","3,545,654,000","2,565,221,000","2,226,571,000","1,833,347,000","2,699,165,000","2,151,697,000","1,765,827,000","1,422,091,000","2,223,657,000","1,675,702,000","1,540,585,000","1,269,892,000","1,809,897,000","1,347,659,000","924,784,000","770,504,000","1,208,539,000","957,250,000","906,733,000","736,888,000","1,131,900,000","897,800,000","776,400,000","644,700,000","844,800,000","709,600,000","641,200,000","504,900,000","817,900,000","639,700,000","555,700,000","429,700,000","699,300,000","597,800,000","560,800,000","423,900,000","628,000,000","516,100,000","469,400,000","333,600,000","505,300,000","423,100,000","401,900,000","322,000,000","488,800,000","346,900,000","314,700,000","268,000,000","378,400,000","303,900,000","267,300,000","214,700,000","298,200,000","258,400,000","250,500,000","215,900,000","294,400,000","248,200,000","228,400,000","188,200,000",,,,,,,,,,,,,,,,,,
NetIncomeFromContinuingAndDiscontinuedOperation,"1,946,320,000","663,265,000","475,549,000","503,399,000","304,107,000","438,111,000","416,398,000","348,620,000","203,711,000","335,798,000","273,104,000","241,041,000","166,757,000","237,648,000","289,535,000","324,089,000","170,751,000","77,414,000","177,539,000","100,749,000","91,518,000","273,173,000","128,470,000","117,760,000","83,300,000","228,028,000","107,769,000","103,324,000","54,971,000","217,094,000","140,545,000","41,880,000","74,819,000","220,053,000","2,281,884,000","36,417,000","81,762,000","58,742,000","116,633,000","42,436,000","-11,666,000","13,821,000","-129,298,000","-55,385,000","-39,526,000","-165,428,000","-995,116,000","76,303,000","-12,488,000","-116,897,000","-361,387,000","-189,465,000","-514,818,000","-338,165,000","-280,387,000","-158,417,000","-696,144,000","-874,661,000","-787,871,000","-507,551,000","-85,672,000","-8,412,000","190,219,000","243,019,000","262,645,000","574,539,000","395,421,000","303,711,000","218,242,000","397,373,000","269,936,000","187,603,000","131,629,000","247,894,000","168,886,000","121,717,000","86,137,000","171,884,000","123,446,000","90,203,000","68,112,000","119,441,000","82,787,000","59,794,000","39,371,000","85,593,000","30,892,000","47,692,000","24,336,000","69,700,000","47,100,000","37,200,000","24,400,000","38,400,000","28,600,000","23,800,000","11,300,000","17,000,000","19,700,000","13,900,000","2,200,000","26,700,000","127,600,000","18,200,000","7,100,000","25,400,000","18,800,000","10,700,000","3,500,000","43,600,000","17,900,000","87,900,000","16,000,000","24,600,000","19,700,000","22,500,000","10,900,000","23,800,000","22,800,000","16,000,000","9,500,000","20,900,000","13,500,000","7,900,000","300,000","3,700,000","5,200,000","8,500,000","12,200,000",,,,,,,,,,,,,,,,,,
NormalizedIncome,"2,003,477,800","667,513,097.339","478,284,889","504,867,542","352,617,164","441,502,962.014","417,853,120","350,383,293","222,641,984","339,889,650.153","274,935,430","246,567,609","169,003,090","244,567,748.679","291,896,408","325,397,384","172,739,058","78,596,000","179,313,160","104,910,786","92,605,335","276,354,236.468","130,007,305","122,364,094","85,443,905","228,875,810.349","108,082,722","104,088,942.903","56,092,400","218,358,588.947","141,414,158.553","42,924,509.39","81,350,200","221,681,479.305","2,284,918,850","58,572,900","82,100,613","71,484,600","119,348,700","47,130,950","-8,774,360.833","43,677,450","25,755,523.091","-49,929,550","-36,121,288.597","-175,745,808.846","-341,015,620.19","82,305,100","-19,753,729.804","283,127,300","-303,004,650","-204,658,750","-514,818,000","-338,165,000","-280,387,000","-158,417,000","-696,144,000","-893,323,000","-787,871,000","-507,551,000","-85,672,000","18,866,400","199,172,422.626","248,979,668.724","262,645,000","527,084,000","387,719,000","303,765,000","218,320,000","419,312,000","259,150,000","187,709,000","131,837,000","247,986,000","161,035,000","122,000,000","86,301,000","172,044,000","113,509,000","90,408,000","68,640,000","119,536,000","83,151,000","60,619,000","39,119,000","85,000,737.79","59,433,933.775","46,651,937.798","23,942,436.749","67,324,822.695","47,125,000","36,908,433.735","22,848,484.848","38,100,000","30,391,862.955","23,477,720.207","9,560,335.196","17,300,000","18,600,000","12,700,000","1,200,000","25,300,000","16,400,000","16,400,000","5,100,000","23,500,000","16,300,000","9,500,000","-400,000","17,300,000","17,900,000","15,900,000","11,300,000","24,600,000","19,700,000","22,500,000","10,900,000","23,800,000","22,800,000","16,000,000","9,500,000","20,900,000","13,500,000","7,900,000","300,000","3,700,000","5,200,000","8,500,000","12,200,000",,,,,,,,,,,,,,,,,,
InterestIncome,"1,953,000","412,000","436,000","473,000","631,000","813,000","891,000","1,326,000","3,807,000","3,765,000","3,554,000","4,471,000","4,949,000","4,353,000","1,842,000","835,000","564,000","620,000","485,000","599,000","833,000","577,000","887,000","849,000","923,000","649,000","504,000","856,000","1,099,000","1,201,000","1,205,000","1,115,000","1,111,000","1,074,000","1,036,000","1,112,000","1,173,000","1,331,000","1,219,000","1,164,000","1,199,000","1,351,000","1,122,000","1,145,000","1,437,000","1,859,000","2,601,000","2,292,000","2,779,000","1,178,000","1,814,000","2,647,000",,,,,,,,,,,,,,,,,,,,,,,,,,,,,,,,,,,,,,,,,,,,,,,,,,,,,,,,,,,,,,,,,,,,,,,,,,,,,,,,,,,,,,,,,,,,,,,
InterestExpense,"502,000","115,000","115,000","138,000","135,000","226,000","225,000","3,000,000","797,000","147,000","147,000","146,000","144,000","158,000","152,000","165,000","143,000","132,000","101,000","134,000","137,000","160,000","165,000","186,000","174,000","190,000","203,000","208,000","187,000","224,000","210,000","203,000","213,000","168,000","171,000","166,000","207,000","203,000","201,000","198,000","217,000","323,000","322,000","317,000","351,000","440,000","789,000","1,018,000","482,000","917,000","431,000","436,000","0",,,,,,,,,,,,,,,,,,,,,,,,,,,,,,,,,,,,,,,,,,,,,,,,,,,,,,,,,,,,,,,,,,,,,,,,,,,,,,,,,,,,,,,,,,,,,,
NetInterestIncome,"1,451,000","297,000","321,000","335,000","496,000","587,000","666,000","-1,674,000","3,010,000","3,618,000","3,407,000","4,325,000","4,805,000","4,195,000","1,690,000","670,000","421,000","488,000","384,000","465,000","696,000","417,000","722,000","663,000","749,000","459,000","301,000","648,000","912,000","977,000","995,000","912,000","898,000","906,000","865,000","946,000","966,000","1,128,000","1,018,000","966,000","982,000","1,028,000","800,000","828,000","1,086,000","1,419,000","1,812,000","1,274,000","2,297,000","261,000","1,383,000","2,211,000","0",,,,,,,,,,,,,,,,,,,,,,,,,,,,,,,,,,,,,,,,,,,,,,,,,,,,,,,,,,,,,,,,,,,,,,,,,,,,,,,,,,,,,,,,,,,,,,
EBIT,"2,510,347,000","856,032,000","620,517,000","639,611,000","394,187,000","523,976,000","484,392,000","460,009,000","264,566,000","436,098,000","366,293,000","320,922,000","216,847,000","329,649,000","384,840,000","409,335,000","224,334,000","408,898,000","268,350,000","122,681,000","139,402,000","413,882,000","212,500,000","189,766,000","118,387,000","373,508,000","179,479,000","167,835,000","95,992,000","267,345,000","225,138,000","67,884,000","130,242,000","232,588,000","174,893,000","38,496,000","82,557,000","51,416,000","106,107,000","40,124,000","-13,274,000","-8,752,000","-202,178,000","-53,016,000","-45,041,000","-190,035,000","-1,023,048,000","-4,708,000","-14,026,000","-916,308,000","-358,288,000","-186,493,000","-512,246,000","-467,625,000","-291,904,000","-213,455,000","-696,802,000","-371,513,000","-1,042,338,000","-751,458,000","-141,572,000","92,691,000","306,127,000","397,535,000","384,601,000","809,664,000","598,021,000","460,604,000","333,375,000","640,808,000","401,865,000","292,349,000","205,401,000","439,183,000","248,106,000","192,358,000","130,499,000","324,352,000","183,804,000","144,978,000","108,849,000","192,223,000","134,276,000","98,542,000","61,608,000","138,226,000","96,633,000","75,851,000","38,931,000","108,700,000","75,300,000","57,800,000","37,800,000","62,100,000","49,700,000","38,500,000","15,700,000","28,200,000","30,200,000","20,600,000","2,000,000","39,000,000","27,400,000","27,600,000","8,600,000","39,400,000","27,200,000","16,100,000","-700,000","29,500,000","29,500,000","26,000,000","18,600,000","-8,200,000","84,700,000","90,300,000","47,600,000","61,000,000","53,400,000","48,800,000","42,400,000","55,600,000","50,800,000","46,100,000","38,300,000","27,900,000","51,400,000","54,000,000","59,500,000","-582,600,000","290,700,000","289,200,000","274,000,000","-694,700,000","297,700,000","274,700,000","216,500,000","-575,800,000","189,700,000","200,900,000","160,100,000","-533,200,000","233,600,000","201,800,000","135,100,000","-515,900,000","188,700,000"
EBITDA,"2,580,300,000"
ReconciledCostOfRevenue,"10,091,009,000","3,150,023,000","2,519,388,000","2,433,804,000","1,987,795,000","2,370,920,000","2,183,093,000","1,923,284,000","1,734,236,000","2,305,424,000","2,058,281,000","1,895,533,000","1,516,530,000","2,360,984,000","1,999,327,000","1,923,719,000","1,495,261,000","2,171,710,000","1,609,816,000","1,656,650,000","1,239,514,000","1,671,811,000","1,513,882,000","1,394,950,000","1,107,813,000","1,546,320,000","1,138,136,000","971,793,000","869,227,000","1,390,356,000","1,214,829,000","971,679,000","834,541,000","1,268,202,000","1,248,539,000","1,030,093,000","942,012,000","1,329,136,000","1,061,168,000","893,157,000","763,454,000","1,138,261,000","959,750,000","832,518,000","706,433,000","1,158,980,000","981,087,000","1,151,791,000","884,204,000","1,838,357,000","1,135,669,000","766,327,000","925,738,000","1,888,917,000","1,662,401,000","1,644,608,000","1,948,668,000","2,946,197,000","2,839,149,000","2,404,757,000","1,686,564,000","4,296,215,000","3,257,832,000","2,961,432,000","2,565,625,000","4,100,524,000","3,243,482,000","2,830,367,000","2,221,219,000","3,453,220,000","2,565,221,000","2,226,571,000","1,833,347,000","2,620,533,000","2,151,697,000","1,765,827,000","1,422,091,000","2,160,487,000","1,675,702,000","1,540,585,000","1,269,892,000","1,750,235,000","1,347,659,000","924,784,000","770,504,000","1,204,011,000","955,079,000","902,828,000","733,262,000","1,127,000,000","895,300,000","773,400,000","641,600,000","844,000,000","707,200,000","641,100,000","503,200,000","815,300,000","638,100,000","552,400,000","429,400,000","698,100,000","595,600,000","559,100,000","422,300,000","627,500,000","513,800,000","467,100,000","332,400,000","496,200,000","422,900,000","399,900,000","320,100,000",,,,,,,,,,,,,,,,,,,,,,,,,,,,,,,,,,
ReconciledDepreciation,"69,953,000","16,930,000","17,616,000","18,265,000","17,142,000","17,545,000","16,998,000","16,389,000","15,149,000","13,697,000","13,805,000","13,287,000","13,210,000","12,712,000","12,556,000","12,271,000","11,890,000","12,309,000","12,666,000","12,814,000","13,209,000","13,789,000","13,513,000","13,592,000","13,113,000","12,503,000","11,866,000","10,791,000","11,062,000","11,000,000","9,960,000","13,234,000","5,670,000","8,453,000","8,050,000","7,745,000","7,339,000","7,749,000","7,450,000","7,435,000","7,393,000","7,469,000","7,656,000","8,003,000","8,970,000","10,730,000","10,574,000","11,470,000","12,886,000","14,904,000","14,539,000","11,825,000","12,978,000","16,439,000","18,713,000","19,113,000","19,715,000","19,743,000","20,836,000","21,613,000","21,660,000","25,166,000","20,522,000","19,624,000","18,363,000","16,702,000","16,112,000","14,965,000","13,733,000","12,255,000","12,015,000","11,866,000","10,160,000","11,137,000","10,365,000","11,130,000","7,528,000","6,560,000","2,105,000","10,131,000","10,988,000","12,252,000","10,687,000","4,892,000","5,045,000","4,528,000","2,171,000","3,905,000","3,626,000","4,900,000","2,500,000","3,000,000","3,100,000","800,000","2,400,000","100,000","1,700,000","2,600,000","1,600,000","3,300,000","300,000","1,200,000","2,200,000","1,700,000","1,600,000","500,000","2,300,000","2,300,000","1,200,000","9,100,000","200,000","2,000,000","1,900,000",,,,,,,,,,,,,,,,,,,,,,,,,,,,,,,,,,
NetIncomeFromContinuingOperationNetMinorityInterest,"1,946,320,000","663,265,000","475,549,000","503,399,000","304,107,000","438,111,000","416,398,000","348,620,000","203,711,000","335,798,000","273,104,000","241,041,000","166,757,000","237,648,000","289,535,000","324,089,000","170,751,000","77,414,000","177,539,000","100,749,000","91,518,000","273,173,000","128,470,000","117,760,000","83,300,000","228,028,000","107,769,000","103,324,000","54,971,000","217,094,000","140,545,000","41,880,000","74,819,000","220,053,000","2,281,884,000","36,417,000","81,762,000","58,742,000","116,633,000","42,436,000","-11,666,000","13,821,000","-129,298,000","-55,385,000","-39,526,000","-165,428,000","-995,116,000","76,303,000","-12,488,000","-116,897,000","-361,387,000","-189,465,000","-514,818,000","-338,165,000","-280,387,000","-158,417,000","-696,144,000","-893,323,000","-787,871,000","-507,551,000","-85,672,000","-8,301,000","191,450,000","243,852,000","262,645,000","527,084,000","387,719,000","303,765,000","218,320,000","419,312,000","259,150,000","187,709,000","131,837,000","247,986,000","161,035,000","122,000,000","86,301,000","172,044,000","113,509,000","90,408,000","68,640,000","119,536,000","83,151,000","60,619,000","39,119,000","85,596,000","60,859,000","47,660,000","24,269,000","69,800,000","47,500,000","37,100,000","24,000,000","38,100,000","28,500,000","23,600,000","10,900,000","17,300,000","18,600,000","12,700,000","1,200,000","25,300,000","16,400,000","16,400,000","5,100,000","23,500,000","16,300,000","9,500,000","-400,000","17,300,000","17,900,000","15,900,000","11,300,000","24,600,000","19,700,000","22,500,000","10,900,000","23,800,000","22,800,000","16,000,000","9,500,000","20,900,000","13,500,000","7,900,000","300,000","3,700,000","5,200,000","8,500,000","12,200,000",,,,,,,,,,,,,,,,,,
TotalUnusualItemsExcludingGoodwill,"-73,752,000","-5,482,000","-3,567,000","-1,866,000","-62,837,000","-4,055,000","-1,692,000","-2,311,000","-24,522,000","-5,312,000","-2,455,000","-7,359,000","-2,917,000","-9,594,000","-3,136,000","-1,652,000","-2,609,000","-1,970,000","-2,680,000","-5,063,000","-1,655,000","-4,818,000","-2,541,000","-7,414,000","-3,041,000","-1,388,000","-522,000","-1,241,000","-1,869,000","-1,556,000","-1,391,000","-1,688,000","-10,048,000","-1,720,000","-4,669,000","-23,322,000","-341,000","-19,604,000","-4,178,000","-7,223,000","-3,344,000","-45,933,000","-242,837,000","-8,393,000","-3,910,000","11,880,000","-672,979,000","-9,234,000","8,441,000","-615,422,000","-89,819,000","23,375,000",,,,,,,,,,"-45,279,000","-11,920,000","-8,153,000",,,,,,,,,,,,,,,,,,,,,,"968,000","2,317,000","1,639,000","531,000","4,000,000","600,000","300,000","1,900,000",,"-3,100,000","200,000","2,200,000",,,,,,,,,,,,,,,,,,,,,,,,,,,,,,,,,,,,,,,,,,,,,,,,,,
TotalUnusualItems,"-73,752,000","-5,482,000","-3,567,000","-1,866,000","-62,837,000","-4,055,000","-1,692,000","-2,311,000","-24,522,000","-5,312,000","-2,455,000","-7,359,000","-2,917,000","-9,594,000","-3,136,000","-1,652,000","-2,609,000","-1,970,000","-2,680,000","-5,063,000","-1,655,000","-4,818,000","-2,541,000","-7,414,000","-3,041,000","-1,388,000","-522,000","-1,241,000","-1,869,000","-1,556,000","-1,391,000","-1,688,000","-10,048,000","-1,720,000","-4,669,000","-23,322,000","-341,000","-19,604,000","-4,178,000","-7,223,000","-3,344,000","-45,933,000","-242,837,000","-8,393,000","-3,910,000","11,880,000","-672,979,000","-9,234,000","8,441,000","-615,422,000","-89,819,000","23,375,000",,,,,,,,,,"-45,279,000","-11,920,000","-8,153,000",,,,,,,,,,,,,,,,,,,,,,"968,000","2,317,000","1,639,000","531,000","4,000,000","600,000","300,000","1,900,000",,"-3,100,000","200,000","2,200,000",,,,,,,,,,,,,,,,,,,,,,,,,,,,,,,,,,,,,,,,,,,,,,,,,,
NormalizedEBITDA,"2,654,052,000","878,444,000","641,700,000","659,742,000","474,166,000","545,576,000","503,082,000","478,709,000","304,237,000","455,107,000","382,553,000","341,568,000","232,974,000","351,955,000","400,532,000","423,258,000","238,833,000","423,177,000","283,696,000","140,558,000","154,266,000","432,489,000","228,554,000","210,772,000","134,541,000","387,399,000","191,867,000","179,867,000","108,923,000","279,901,000","236,489,000","82,806,000","145,960,000","242,761,000","187,612,000","69,563,000","90,237,000","78,769,000","117,735,000","54,782,000","-2,537,000","44,650,000","48,315,000","-36,620,000","-32,161,000","-191,185,000","-339,495,000","15,996,000","-9,581,000","-285,982,000","-253,930,000","-198,043,000","-499,268,000","-451,186,000","-273,191,000","-194,342,000","-677,087,000","-351,770,000","-1,021,502,000","-729,845,000","-119,912,000","163,136,000","338,569,000","425,312,000","402,964,000","826,366,000","614,133,000","475,569,000","347,108,000","653,063,000","413,880,000","304,215,000","215,561,000","450,320,000","258,471,000","203,488,000","138,027,000","330,912,000","185,909,000","155,109,000","119,837,000","204,475,000","144,963,000","103,434,000","66,653,000","141,786,000","96,487,000","78,117,000","42,026,000","109,600,000","77,200,000","60,500,000","39,000,000","62,900,000","55,200,000","38,400,000","15,200,000","30,800,000","31,800,000","23,900,000","2,300,000","40,200,000","29,600,000","29,300,000","10,200,000","39,900,000","29,500,000","18,600,000","500,000","38,600,000","29,700,000","28,000,000","20,500,000","-8,200,000","84,700,000","90,300,000","47,600,000","61,000,000","53,400,000","48,800,000","42,400,000","55,600,000","50,800,000","46,100,000","38,300,000","27,900,000","51,400,000","54,000,000","59,500,000","-582,600,000","290,700,000","289,200,000","274,000,000","-694,700,000","297,700,000","274,700,000","216,500,000","-575,800,000","189,700,000","200,900,000","160,100,000","-533,200,000","233,600,000","201,800,000","135,100,000","-515,900,000","188,700,000"
TaxRateForCalcs,"0.225","0.225","0.233","0.213","0.228","0.164","0.14","0.237","0.228","0.23","0.254","0.249","0.23","0.279","0.247","0.208","0.238","0.4","0.338","0.178","0.343","0.34","0.395","0.379","0.295","0.389","0.399","0.384","0.4","0.187","0.375","0.381","0.35","0.053","0.35","0.05","0.007","0.35","0.35","0.35","0.135","0.35","0.361","0.35","0.129","0.131","0.028","0.35","0.139","0.35","0.35","0.35","0.35","0.295","0.048","0.264","0.35","0.35","0.28","0.371","0.399","0.4","0.352","0.371","0.371","0.365","0.368","0.373","0.373","0.372","0.38","0.38","0.38","0.38","0.38","0.38","0.38","0.39","0.39","0.39","0.39","0.385","0.385","0.385","0.385","0.385","0.385","0.385","0.385","0.381","0.375","0.361","0.394","0.39","0.39","0.389","0.391","0.387","0.384","0.383","0.4","0.35","0.4","0.4","0.4","0.4","0.4","0.4","0.4","0.4","0.393","0.391","0.392","0.322","0.328","0.301","0.301","0.102","0.058","0.059","0.069","0.059","0.063","0.025","0.4","0.4","0.119","0.076","0.054",,,,,,,,,,,,,,,,,,
TaxEffectOfUnusualItems,"-16,594,200","-1,233,902.661","-831,111","-397,458","-14,326,836","-663,037.986","-236,880","-547,707","-5,591,016","-1,220,349.847","-623,570","-1,832,391","-670,910","-2,674,251.321","-774,592","-343,616","-620,942","-788,000","-905,840","-901,214","-567,665","-1,636,763.532","-1,003,695","-2,809,906","-897,095","-540,189.651","-208,278","-476,057.097","-747,600","-291,411.053","-521,841.447","-643,490.61","-3,516,800","-91,520.695","-1,634,150","-1,166,100","-2,387","-6,861,400","-1,462,300","-2,528,050","-452,360.833","-16,076,550","-87,783,476.909","-2,937,550","-505,288.597","1,562,191.154","-18,878,620.19","-3,231,900","1,175,270.196","-215,397,700","-31,436,650","8,181,250","0","0","0","0","0","0","0","0","0","-18,111,600","-4,197,577.374","-3,025,331.276","0","0","0","0","0","0","0","0","0","0","0","0","0","0","0","0","0","0","0","0","0","372,737.79","891,933.775","630,937.798","204,436.749","1,524,822.695","225,000","108,433.735","748,484.848","0","-1,208,137.045","77,720.207","860,335.196","0","0","0","0","0","0","0","0","0","0","0","0","0","0","0","0","0","0","0","0","0","0","0","0","0","0","0","0","0","0","0","0",,,,,,,,,,,,,,,,,,