name,ttm,12/31/2021,09/30/2021,06/30/2021,03/31/2021,12/31/2020,09/30/2020,06/30/2020,03/31/2020,12/31/2019,09/30/2019,06/30/2019,03/31/2019,12/31/2018,09/30/2018,06/30/2018,03/31/2018,12/31/2017,09/30/2017,06/30/2017,03/31/2017,12/31/2016,09/30/2016,06/30/2016,03/31/2016,12/31/2015,09/30/2015,06/30/2015,03/31/2015,12/31/2014,09/30/2014,06/30/2014,03/31/2014,12/31/2013,09/30/2013,06/30/2013,03/31/2013,12/31/2012,09/30/2012,06/30/2012,03/31/2012,12/31/2011,09/30/2011,06/30/2011,03/31/2011,12/31/2010,09/30/2010,06/30/2010,03/31/2010,12/31/2009,09/30/2009,06/30/2009,03/31/2009,12/31/2008,09/30/2008,06/30/2008,03/31/2008,12/31/2007,09/30/2007,06/30/2007,03/31/2007,12/31/2006,09/30/2006,06/30/2006,03/31/2006,12/31/2005,09/30/2005,06/30/2005,03/31/2005,12/31/2004,09/30/2004,06/30/2004,03/31/2004,12/31/2003,09/30/2003,06/30/2003,03/31/2003,12/31/2002,09/30/2002,06/30/2002,03/31/2002,12/31/2001,09/30/2001,06/30/2001,03/31/2001,12/31/2000,09/30/2000,06/30/2000,03/31/2000,12/31/1999,09/30/1999,06/30/1999,03/31/1999
TotalRevenue,"7,730,300,000","2,043,200,000","2,000,100,000","1,879,900,000","1,807,200,000","1,714,200,000","1,693,700,000","1,541,600,000","1,708,700,000","1,720,000,000","1,750,700,000","1,759,900,000","1,733,700,000","1,746,500,000","1,809,900,000","1,767,500,000","1,690,600,000","1,684,300,000","1,640,100,000","1,584,000,000","1,536,500,000","1,476,600,000","1,484,000,000","1,417,400,000","1,401,000,000","1,390,900,000","1,470,800,000","1,454,300,000","1,425,700,000","1,433,947,000","1,518,940,000","1,468,388,000","1,431,325,000","1,264,431,000","845,440,000","800,230,000","755,207,000","736,579,000","723,473,000","712,468,000","671,357,000","654,306,000","670,824,000","665,481,000","629,500,000","626,651,000","642,764,000","615,459,000","550,732,000","532,257,000","553,573,000","549,381,000","512,378,000","546,051,000","620,785,000","616,183,000","577,474,000","580,178,000","591,041,000","585,628,000","559,159,000","553,054,000","575,041,000","551,095,000","507,856,000","472,651,000","512,187,000","519,325,000","489,437,000","492,650,000","498,753,000","467,393,000","431,267,000","431,197,000","444,599,000","436,470,000","423,268,000","418,192,000","455,570,000","447,390,000","414,706,000","413,112,000","455,214,000","466,964,000","454,666,000","524,865,000","468,177,000","472,700,000","456,127,000","445,800,000","272,200,000","272,200,000","272,200,000"
	OperatingRevenue,"7,730,300,000","2,043,200,000","2,000,100,000","1,879,900,000","1,807,200,000","1,714,200,000","1,693,700,000","1,541,600,000","1,708,700,000","1,720,000,000","1,750,700,000","1,759,900,000","1,733,700,000","1,746,500,000","1,809,900,000","1,767,500,000","1,690,600,000","1,684,300,000","1,640,100,000","1,584,000,000","1,536,500,000","1,476,600,000","1,484,000,000","1,417,400,000","1,401,000,000","1,390,900,000","1,470,800,000","1,454,300,000","1,425,700,000","1,433,947,000","1,518,940,000","1,468,388,000","1,431,325,000","1,264,431,000","845,440,000","800,230,000","755,207,000","736,579,000","723,473,000","712,468,000","671,357,000","654,306,000","670,824,000","665,481,000","629,500,000","626,651,000","642,764,000","615,459,000","550,732,000","532,257,000","553,573,000","549,381,000","512,378,000","546,051,000","620,785,000","616,183,000","577,474,000","580,178,000","591,041,000","585,628,000","559,159,000","553,054,000","575,041,000","551,095,000","507,856,000","472,651,000","512,187,000","519,325,000","489,437,000","492,650,000","498,753,000","467,393,000","431,267,000","431,197,000","444,599,000","436,470,000","423,268,000","418,192,000","455,570,000","447,390,000","414,706,000","413,112,000","455,214,000","466,964,000","454,666,000","524,865,000","468,177,000","472,700,000","456,127,000","445,800,000","272,200,000","272,200,000","272,200,000"
CostOfRevenue,"5,857,300,000","1,533,300,000","1,489,400,000","1,431,100,000","1,403,500,000","1,380,900,000","1,348,300,000","1,215,800,000","1,343,700,000","1,336,700,000","1,339,300,000","1,332,000,000","1,312,300,000","1,321,100,000","1,366,700,000","1,346,900,000","1,334,500,000","1,312,600,000","1,242,800,000","1,219,400,000","1,198,000,000","1,149,500,000","1,154,500,000","1,097,300,000","1,102,400,000","1,105,800,000","1,142,500,000","1,130,600,000","1,148,700,000","1,136,992,000","1,198,607,000","1,157,580,000","1,129,921,000","1,005,612,000","619,626,000","608,107,000","572,776,000","562,629,000","560,921,000","554,360,000","526,338,000","520,149,000","533,077,000","528,580,000","496,359,000","479,367,000","476,312,000","483,794,000","463,933,000","444,719,000","443,041,000","430,882,000","402,370,000","431,890,000","488,890,000","488,960,000","459,395,000","447,862,000","451,483,000","445,518,000","446,172,000","429,581,000","440,353,000","438,957,000","434,278,000","415,533,000","431,686,000","423,410,000","416,171,000","407,707,000","399,022,000","394,569,000","391,051,000","363,746,000","365,747,000","357,544,000","350,630,000","336,347,000","368,953,000","363,700,000","340,294,000","323,376,000","346,372,000","354,783,000","347,488,000","359,243,000","293,754,000","308,494,000","312,643,000",,,,
GrossProfit,"1,873,000,000","509,900,000","510,700,000","448,800,000","403,700,000","333,300,000","345,400,000","325,800,000","365,000,000","383,300,000","411,400,000","427,900,000","421,400,000","425,400,000","443,200,000","420,600,000","356,100,000","371,700,000","397,300,000","364,600,000","338,500,000","327,100,000","329,500,000","320,100,000","298,600,000","285,100,000","328,300,000","323,700,000","277,000,000","296,955,000","320,333,000","310,808,000","301,404,000","258,819,000","225,814,000","192,123,000","182,431,000","173,950,000","162,552,000","158,108,000","145,019,000","134,157,000","137,747,000","136,901,000","133,141,000","147,284,000","166,452,000","131,665,000","86,799,000","87,538,000","110,532,000","-118,499,000","110,008,000","114,161,000","131,895,000","127,223,000","118,079,000","132,316,000","139,558,000","140,110,000","112,987,000","123,473,000","134,688,000","112,138,000","73,578,000","57,118,000","80,501,000","95,915,000","73,266,000","84,943,000","99,731,000","72,824,000","40,216,000","67,451,000","78,852,000","78,926,000","72,638,000","81,845,000","86,617,000","83,690,000","74,412,000","89,736,000","108,842,000","112,181,000","107,178,000","165,622,000","174,423,000","164,206,000","143,484,000",,,,
OperatingExpense,"576,800,000","141,100,000","144,500,000","146,300,000","145,000,000","130,300,000","127,100,000","136,300,000","145,900,000","137,000,000","136,900,000","143,700,000","140,000,000","129,700,000","134,200,000","137,700,000","134,900,000","133,700,000","130,200,000","130,200,000","128,400,000","125,100,000","116,900,000","114,800,000","113,900,000","105,400,000","112,700,000","121,900,000","113,700,000","110,493,000","119,645,000","122,848,000","116,514,000","99,741,000","77,612,000","74,025,000","75,224,000","-31,758,000","70,480,000","74,250,000","119,591,000","66,350,000","66,567,000","69,042,000","67,238,000","67,291,000","66,925,000","63,919,000","62,418,000","58,344,000","61,338,000","62,477,000","60,401,000","62,373,000","63,190,000","63,050,000","60,933,000","57,274,000","58,068,000","59,866,000","56,291,000","54,626,000","57,897,000","54,332,000","48,880,000","43,205,000","50,371,000","50,275,000","46,823,000","24,239,000","47,531,000","42,912,000","42,541,000","33,769,000","49,325,000","45,611,000","42,485,000","43,601,000","42,973,000","47,130,000","41,242,000","-220,262,000","43,478,000","42,627,000","41,218,000","78,727,000","75,690,000","74,869,000","73,610,000",,,,
	SellingGeneralAndAdministration,"576,800,000","141,100,000","144,500,000","146,300,000","145,000,000","130,300,000","127,100,000","136,300,000","145,900,000","137,000,000","136,900,000","143,700,000","140,000,000","129,700,000","134,200,000","137,700,000","134,900,000","133,700,000","130,200,000","130,200,000","128,400,000","125,100,000","116,900,000","114,800,000","113,900,000","105,400,000","112,700,000","121,900,000","117,300,000","110,493,000","119,645,000","122,848,000","116,514,000","99,741,000","77,612,000","74,025,000","75,224,000","71,928,000","68,519,000","70,604,000","68,830,000","65,087,000","65,338,000","64,544,000","63,505,000","60,897,000","62,746,000","60,039,000","56,907,000","55,624,000","57,446,000","58,212,000","56,743,000","58,988,000","60,520,000","57,499,000","57,280,000","56,049,000","55,991,000","57,569,000","54,847,000","53,683,000","54,975,000","51,883,000","48,880,000","46,531,000","50,371,000","50,275,000","46,823,000","47,840,000","47,531,000","42,912,000","42,541,000","42,188,000","46,681,000","42,507,000","42,485,000","43,601,000","42,973,000","44,929,000","41,712,000","40,100,000","40,942,000","42,135,000","40,999,000","42,054,000","38,512,000","38,006,000","36,108,000",,,,
		GeneralAndAdministrativeExpense,,,,,,,,,,,,,,,,,,,,,,,,,,,,,,,,,,,"77,612,000","74,025,000","75,224,000","72,000,000",,,,,,,,,,,,,,,,,,,,,,,,,,,,,,,,,,,,,,,,,,,,,,,,,,,,,,,
			OtherGandA,,,,,,,,,,,,,,,,,,,,,,,,,,,,,,,,,,,"77,612,000","74,025,000","75,224,000","72,000,000",,,,,,,,,,,,,,,,,,,,,,,,,,,,,,,,,,,,,,,,,,,,,,,,,,,,,,,
	DepreciationAmortizationDepletionIncomeStatement,,,,,,,,,,,,,,,,,,,,,,,,,,,,,,,,,,,,,,,,,,,,,,,,,,,,,,,,,,,,,,,,,,,,,,,,,,,,,,,,,,,,,,"36,673,000","37,178,000","36,863,000","37,502,000",,,,
		DepreciationAndAmortizationInIncomeStatement,,,,,,,,,,,,,,,,,,,,,,,,,,,,,,,,,,,,,,,,,,,,,,,,,,,,,,,,,,,,,,,,,,,,,,,,,,,,,,,,,,,,,,"36,673,000","37,178,000","36,863,000","37,502,000",,,,
	OtherTaxes,,,,,,,,,,,,,,,,,,,,,,"0","0","0","0","0","0","0","-3,600,000",,,,,"0",,,"0",,,,,"0","0",,,,,,,,,,,,,,,,,,,,,,,,,,,,,,,,,,,,,,,,,,,,,,,,,,
	OtherOperatingExpenses,,,,,,,,,,,,,,,,,,,,,,,,,,,,,,,,,,,,,,,"1,961,000","3,646,000","50,761,000","1,263,000","1,229,000","4,498,000","3,733,000","6,394,000","4,179,000","3,880,000","5,511,000","2,720,000","3,892,000","4,265,000","3,658,000","3,385,000","2,670,000","5,551,000","3,653,000","1,225,000","2,077,000","2,297,000","1,444,000","943,000","2,922,000","2,449,000",,,,,,,,,,,"2,644,000","3,104,000",,,,"2,201,000","-470,000",,"2,536,000","492,000","219,000",,,,,,,,
OperatingIncome,"1,296,200,000","368,800,000","366,200,000","302,500,000","258,700,000","203,000,000","218,300,000","189,500,000","219,100,000","246,300,000","274,500,000","284,200,000","281,400,000","295,700,000","309,000,000","282,900,000","221,200,000","238,000,000","267,100,000","234,400,000","210,100,000","202,000,000","212,600,000","205,300,000","184,700,000","179,700,000","215,600,000","201,800,000","163,300,000","186,462,000","200,688,000","187,960,000","184,890,000","159,078,000","148,202,000","118,098,000","107,207,000","205,708,000","92,072,000","83,858,000","25,428,000","67,807,000","71,180,000","67,859,000","65,903,000","79,993,000","99,527,000","67,746,000","24,381,000","29,194,000","49,194,000","56,022,000","49,607,000","51,788,000","68,705,000","64,173,000","57,146,000","75,042,000","81,490,000","80,244,000","56,696,000","68,847,000","76,791,000","57,806,000","24,698,000","13,913,000","30,130,000","45,640,000","26,443,000","60,704,000","52,200,000","29,912,000","-2,325,000","33,682,000","29,527,000","33,315,000","30,153,000","38,244,000","43,644,000","36,560,000","33,170,000","309,998,000","65,364,000","69,554,000","65,960,000","86,895,000","98,733,000","89,337,000","69,874,000","-635,300,000","272,200,000","272,200,000","272,200,000"
NetNonOperatingInterestIncomeExpense,"-152,400,000","-80,200,000","-23,900,000","-24,900,000","-23,500,000","-24,400,000","-24,400,000","-25,100,000","-19,600,000","-60,800,000","-21,600,000","-22,400,000","-24,100,000","-22,200,000","-24,400,000","-24,300,000","-26,300,000","-28,000,000","-25,400,000","-25,200,000","-24,000,000","-24,300,000","-23,400,000","-22,500,000","-21,600,000","-22,300,000","-21,700,000","-22,200,000","-19,200,000","-23,089,000","-23,111,000","-21,409,000","-20,791,000","-27,942,000","-11,850,000","-9,232,000","-9,251,000","-9,371,000","-30,590,000","-13,256,000","-9,683,000","-9,294,000","-6,727,000","-6,321,000","-6,903,000","-7,559,000","-7,903,000","-8,093,000","-8,723,000","-8,954,000","-8,961,000","-8,830,000","-8,738,000",,,,,,,,,,,,,,,,,,,,,,,,,,,,,,,,,,,,,,,,
	InterestExpenseNonOperating,"152,400,000","80,200,000","23,900,000","24,900,000","23,500,000","24,400,000","24,400,000","25,100,000","19,600,000","60,800,000","21,600,000","22,400,000","24,100,000","22,200,000","24,400,000","24,300,000","26,300,000","28,000,000","25,400,000","25,200,000","24,000,000","24,300,000","23,400,000","22,500,000","21,600,000","22,300,000","21,700,000","22,200,000","19,200,000","23,089,000","23,111,000","21,409,000","20,791,000","27,942,000","11,850,000","9,232,000","9,251,000","9,371,000","30,590,000","13,256,000",,,,,,,,,,,,"8,800,000",,,,,,,,,,,,,,,,,,,,,,,,,,,,,,,,,,,,,,,,,
	TotalOtherFinanceCost,,,,,,,,,,"60,800,000","21,600,000","22,400,000","24,100,000","22,200,000","24,400,000","24,300,000","26,300,000","28,000,000","25,400,000","25,200,000","24,000,000","24,300,000","23,400,000","22,500,000","21,600,000","22,300,000","21,700,000","22,200,000","19,200,000","23,089,000","23,111,000","21,409,000","20,791,000","27,942,000","11,850,000","9,232,000","9,251,000","9,400,000","30,600,000","13,300,000","9,683,000","9,294,000","6,727,000","6,321,000","6,903,000","7,559,000","7,903,000","8,093,000","8,723,000","8,954,000","8,961,000","8,830,000","8,738,000",,,,,,,,,,,,,,,,,,,,,,,,,,,,,,,,,,,,,,,,
OtherIncomeExpense,"-35,100,000","-8,200,000","-8,400,000","-2,900,000","-15,600,000","-13,200,000","-8,200,000","-72,800,000","-9,400,000","-13,100,000","-13,600,000","-5,800,000","-8,000,000","-9,000,000","-10,500,000","-13,300,000","-8,300,000","14,000,000","-24,800,000","-600,000","-7,000,000","-9,100,000","-6,200,000","-5,100,000","-3,900,000","-3,800,000","3,800,000","-4,200,000","-6,200,000","-13,296,000","-12,310,000","-7,712,000","-23,982,000","-37,947,000","-6,242,000","-10,828,000","-3,961,000","-107,289,000",,,"95,500,000",,,,,"16,369,000","-111,869,000",,"9,235,000","41,605,000","47,137,000","79,695,000",,,"-2,670,000","-5,551,000","-3,653,000","-1,225,000","-2,077,000","-2,317,000","-1,444,000","-943,000","-2,922,000","-2,449,000","-2,215,000","-2,601,000","-3,828,000","8,640,000","1,089,000","26,976,000","-2,345,000","256,000","-1,286,000","-18,731,000","-2,644,000","-3,104,000","-2,671,000","-2,729,000","-3,609,000","-2,201,000","470,000","-1,059,000","-2,536,000","-492,000","-219,000","60,094,000","-2,165,000","-800,000","2,867,000",,,,
	SpecialIncomeCharges,"-41,900,000","-11,200,000","-10,300,000","-5,900,000","-17,300,000","-12,500,000","-8,400,000","-73,500,000","-6,400,000","-7,300,000","-9,500,000","-4,500,000","-4,700,000","-6,300,000","-10,900,000","-11,300,000","-5,900,000","15,100,000","-25,400,000",,"-5,800,000","-14,400,000","-4,200,000","-3,700,000","-3,800,000","-4,700,000","3,100,000","-6,300,000","-5,200,000","-12,799,000","-10,164,000","-7,980,000","-24,057,000",,,,,,,,"95,500,000",,,"0","0","16,369,000","-111,869,000","0","9,235,000","41,605,000","47,137,000","79,695,000",,,"-2,670,000","-5,551,000","-3,653,000","-1,225,000","-2,077,000","-2,317,000","-1,444,000","-943,000","-2,922,000","-2,449,000","-2,215,000","-2,601,000","-3,828,000","8,640,000","1,089,000","26,976,000","-2,345,000","256,000","-1,286,000","-18,731,000","-2,644,000","-3,104,000","-2,671,000","-2,729,000","-3,609,000","-2,201,000","470,000","-1,059,000","-2,536,000","-492,000","-219,000","60,094,000","-2,165,000","-800,000","2,867,000",,,,
		RestructuringAndMergernAcquisition,"9,500,000","3,400,000","3,200,000","2,400,000","500,000","0","0","0","0","300,000","0","0","400,000","3,400,000","3,800,000","7,200,000","700,000","400,000","23,200,000",,"800,000","1,600,000","2,000,000","300,000","0","400,000","-1,400,000","2,600,000","4,200,000","9,611,000","7,310,000","5,182,000","5,197,000",,,,,,,,,,,,,,,,,,,,,,,,,,,,,,,,,,,,,,,,,,,,,,,,,,,,,,,,,,,,
		ImpairmentOfCapitalAssets,"0","0","0","0",,"0","0","55,200,000",,,,,,,,,,,,,,,,,,,,,,,,,,,,,,,,,,,,,,,,,,,,,,,,,,,,,,,,,,,,,,,,,,,,,,,,,,,,,,,,,,,,,
		OtherSpecialCharges,,,,"2,400,000","500,000",,,,,,,,,"0","500,000",,,"-9,600,000","-2,600,000",,"5,000,000","0",,"900,000",,,,,,"0",,,"17,600,000",,,,,,,,,,,,,,,,,,,,,,,,,,,,,,,,,,,,,,,,,,,,,,,,,,,,,,,,,,,,
		GainOnSaleOfBusiness,,,,,,,,,"-400,000","-300,000","0",,"0","0","0",,"0","0","0",,"2,300,000","-4,400,000","-1,600,000","-1,400,000","-2,000,000",,,,,,,,,,,,,,,,,,,,,,,,,,,,,,,,,,,,,,,,,,,,,,,,,,,,,,,,,,,,,,,,,,,,
		GainOnSaleOfPPE,"-32,400,000","-7,800,000","-7,100,000","-3,500,000","-16,800,000","-12,500,000","-8,400,000","-18,300,000","-6,400,000","-7,000,000","-9,500,000","-4,500,000","-4,300,000","-2,900,000","-6,600,000","-4,100,000","-5,200,000","5,900,000","-4,800,000",,"-2,300,000","-12,800,000","-2,200,000","-2,500,000","-3,800,000","-4,300,000","1,700,000","-3,700,000","-1,000,000","-3,188,000","-2,854,000","-2,798,000","-1,260,000",,,,,,,,,,,,,,,,,,,,,,,,,,,,,,,,,,,,,,,,,,,,,,,,,,,,,,,,,,,,
	OtherNonOperatingIncomeExpenses,"6,800,000","3,000,000","1,900,000","3,000,000","1,700,000","-700,000","200,000","700,000","-3,000,000","-5,800,000","-4,100,000","-1,300,000","-3,300,000","-2,700,000","400,000","-2,000,000","-2,400,000","-3,100,000","600,000","-600,000","-1,200,000","5,300,000","-2,000,000","-1,400,000","-100,000","900,000","700,000","2,100,000","-1,000,000","-497,000","-2,146,000","268,000","75,000","20,823,000","-6,242,000","-10,828,000","-3,961,000","-3,600,000",,,,,,,,,,,,,,,,,,,,,,,,,,,,,,,,,,,,,,,,,,,,,,,,,,,,,,,
PretaxIncome,"1,108,700,000","280,400,000","333,900,000","274,700,000","219,600,000","165,400,000","185,700,000","91,600,000","190,100,000","172,400,000","239,300,000","256,000,000","249,300,000","264,500,000","274,100,000","245,300,000","186,600,000","224,000,000","216,900,000","208,600,000","179,100,000","168,600,000","183,000,000","177,700,000","159,200,000","153,600,000","197,700,000","175,400,000","137,900,000","150,077,000","165,267,000","158,839,000","140,117,000","93,189,000","130,110,000","98,038,000","93,995,000","89,048,000","61,482,000","70,602,000","159,427,000","58,513,000","64,453,000","61,538,000","59,000,000","88,803,000","-20,245,000","59,653,000","24,893,000","61,845,000","87,370,000","126,887,000","40,869,000","42,690,000","60,634,000","55,976,000","50,843,000","69,265,000","75,743,000","73,296,000","49,564,000","61,749,000","68,946,000","49,596,000","14,433,000","1,038,000","19,220,000","47,204,000","20,538,000","56,880,000","42,425,000","22,624,000","-11,014,000","-1,121,000","-53,066,000","17,599,000","11,714,000","19,080,000","23,286,000","19,264,000","15,984,000","-25,444,000","47,545,000","50,698,000","46,398,000","121,584,000","66,683,000","56,386,000","42,499,000",,,,
TaxProvision,"267,600,000","63,900,000","83,200,000","67,400,000","53,100,000","41,800,000","46,600,000","34,900,000","48,400,000","36,200,000","59,500,000","62,400,000","62,500,000","59,900,000","67,400,000","58,700,000","46,500,000","-44,900,000","77,800,000","65,400,000","61,700,000","57,900,000","63,700,000","61,800,000","55,500,000","49,400,000","69,900,000","61,400,000","47,100,000","51,565,000","60,822,000","59,282,000","50,031,000","-133,836,000","45,930,000","33,573,000","33,382,000","28,017,000","21,691,000","25,448,000","141,583,000","19,048,000","22,676,000","22,170,000","21,583,000","33,912,000","-113,565,000","21,623,000","5,699,000","3,162,000","14,715,000","18,006,000","15,193,000","12,448,000","22,532,000","20,784,000","18,770,000","25,273,000","27,087,000","27,069,000","18,373,000","21,697,000","25,198,000","17,351,000","5,446,000","-617,000","8,654,000","19,444,000","7,919,000","20,613,000","16,752,000","8,998,000","-4,178,000","-1,298,000","-20,730,000","6,925,000","4,587,000","6,720,000","8,688,000","7,669,000","6,358,000","11,798,000","18,391,000","19,439,000","18,284,000","47,155,000","26,674,000","23,109,000","17,253,000",,,,
NetIncomeCommonStockholders,"834,700,000","215,000,000","249,000,000","205,500,000","165,200,000","122,700,000","138,100,000","56,200,000","140,500,000","135,200,000","178,500,000","192,100,000","185,400,000","203,000,000","205,100,000","185,200,000","139,000,000","266,700,000","138,000,000","142,000,000","116,400,000","109,700,000","118,200,000","114,700,000","102,600,000","103,000,000","126,300,000","112,600,000","89,600,000","97,193,000","102,994,000","98,043,000","88,684,000","227,025,000","84,180,000","64,465,000","60,613,000","61,031,000","39,791,000","45,154,000","17,844,000","39,465,000","41,777,000","39,368,000","37,417,000","54,891,000","93,320,000","38,030,000","19,194,000","58,683,000","72,655,000","108,881,000","25,676,000","30,242,000","38,102,000","35,192,000","32,073,000","43,992,000","48,656,000","46,227,000","31,191,000","40,052,000","43,748,000","32,245,000","8,987,000","1,655,000","10,566,000","27,760,000","12,619,000","36,267,000","25,673,000","13,626,000","-6,836,000","177,000","-32,336,000","10,674,000","7,127,000","12,360,000","14,598,000","11,595,000","9,626,000","18,386,000","29,154,000","31,259,000","27,619,000","63,369,000","40,009,000","33,277,000","6,609,000","10,300,000","7,000,000","7,000,000","7,000,000"
	NetIncome,"841,100,000","216,500,000","250,700,000","207,300,000","166,500,000","123,600,000","139,100,000","56,700,000","141,700,000","136,200,000","179,800,000","193,600,000","186,800,000","204,600,000","206,700,000","186,600,000","140,100,000","268,900,000","139,100,000","143,200,000","117,400,000","110,700,000","119,300,000","115,900,000","103,700,000","104,200,000","127,800,000","114,000,000","90,800,000","98,512,000","104,445,000","99,557,000","90,086,000","227,025,000","84,180,000","64,465,000","60,613,000","61,031,000","39,791,000","45,154,000","17,844,000","39,465,000","41,777,000","39,368,000","37,417,000","54,891,000","93,320,000","38,030,000","19,194,000","58,683,000","72,655,000","108,881,000","25,676,000","30,242,000","38,102,000","35,192,000","32,073,000","43,992,000","48,656,000","46,227,000","31,191,000","40,052,000","43,748,000","32,245,000","8,987,000","1,655,000","10,566,000","27,760,000","12,619,000","36,267,000","25,673,000","13,626,000","-6,836,000","177,000","-32,336,000","10,674,000","7,127,000","12,360,000","14,598,000","11,595,000","9,626,000","18,386,000","29,154,000","31,259,000","27,619,000","63,369,000","40,009,000","33,277,000","25,246,000","19,600,000","7,000,000","7,000,000","7,000,000"
		NetIncomeIncludingNoncontrollingInterests,"841,100,000","216,500,000","250,700,000","207,300,000","166,500,000","123,600,000","139,100,000","56,700,000","141,700,000","136,200,000","179,800,000","193,600,000","186,800,000","204,600,000","206,700,000","186,600,000","140,100,000","268,900,000","139,100,000","143,200,000","117,400,000","110,700,000","119,300,000","115,900,000","103,700,000","104,200,000","127,800,000","114,000,000","90,800,000","98,512,000","104,445,000","99,557,000","90,086,000","227,025,000","84,180,000","64,465,000","60,613,000","61,031,000","39,791,000","45,154,000","17,844,000","39,465,000","41,777,000","39,368,000","37,417,000","54,891,000","93,320,000","38,030,000","19,194,000","58,683,000","72,655,000","108,881,000","25,676,000","30,242,000","38,102,000","35,192,000","32,073,000","43,992,000","48,656,000","46,227,000","31,191,000","40,052,000","43,748,000","32,245,000","8,987,000","1,655,000","10,566,000","27,760,000","12,619,000","36,267,000","25,673,000","13,626,000","-6,836,000","177,000","-32,336,000","10,674,000","7,127,000","12,360,000","14,598,000","11,595,000","9,626,000","18,386,000","29,154,000","31,259,000","27,619,000","63,369,000","40,009,000","33,277,000","25,246,000","19,600,000","7,000,000","7,000,000","7,000,000"
			NetIncomeContinuousOperations,"841,100,000","216,500,000","250,700,000","207,300,000","166,500,000","123,600,000","139,100,000","56,700,000","141,700,000","136,200,000","179,800,000","193,600,000","186,800,000","204,600,000","206,700,000","186,600,000","140,100,000","268,900,000","139,100,000","143,200,000","117,400,000","110,700,000","119,300,000","115,900,000","103,700,000","104,200,000","127,800,000","114,000,000","90,800,000","98,512,000","104,445,000","99,557,000","90,086,000","227,025,000","84,180,000","64,465,000","60,613,000","61,031,000","39,791,000","45,154,000","17,844,000","39,465,000","41,777,000","39,368,000","37,417,000","54,891,000","93,320,000","38,030,000","19,194,000","58,683,000","72,655,000","108,881,000","25,676,000","30,242,000","38,102,000","35,192,000","32,073,000","43,992,000","48,656,000","46,227,000","31,191,000","40,052,000","43,748,000","32,245,000","8,987,000","1,655,000","10,566,000","27,760,000","12,619,000","36,267,000","25,673,000","13,626,000","-6,836,000","177,000","-32,336,000","10,674,000","7,127,000","12,360,000","14,598,000","11,595,000","9,626,000","18,995,000","29,154,000","31,259,000","28,114,000","74,429,000","40,009,000","33,277,000","25,246,000","26,500,000","7,000,000","7,000,000","7,000,000"
			NetIncomeExtraordinary,,,,,,,,,,,,,,,,,,,,,,,,,,,,,,,,,,,,,,,,,,,,,,,,,,,,,,,,,,,,,,,,,,,,,,,,,,,,,,,,,,"0",,,"-495,000",,,,,,,,
		MinorityInterests,,,,,,,,,,,,,,,"-1,600,000",,,,,,,,"0",,,,,,,,,,,,,,,,,,,,,,,,,,,,,,,,,,,,,,,,,,,,,,,,,,,,,,,,,,,,,,,,,,,,,,
	PreferredStockDividends,,,,,,,,,,,,,,,,,,,,,,,,,,,,,,,,,,,,,,,,,,,,,,,,,,,,,,,,,,,,,,,,,,,,,,,,,,,,,,,,,,,,,,"0",,,"18,637,000",,,,
	OtherunderPreferredStockDividend,"6,400,000","1,500,000","1,700,000","1,800,000","1,300,000","900,000","1,000,000","500,000","1,200,000","1,000,000","1,300,000","1,500,000","1,400,000","1,600,000","1,600,000","1,400,000","1,100,000","2,200,000","1,100,000","1,200,000","1,000,000","1,000,000","1,100,000","1,200,000","1,100,000","1,200,000","1,500,000","1,400,000","1,200,000","1,319,000","1,451,000","1,514,000","1,402,000",,,,,,,,,,,,,,,,,,,,,,,,,,,,,,,,,,,,,,,,,,,,,,,,,,,,,,,,,,,,
AverageDilutionEarnings,,,,,"-1,300,000","-800,000","-1,000,000",,"-1,200,000","-1,000,000","-1,300,000","-1,500,000",,,,,,,,,,,,,,,,,,,,,,,,,,,,,,,,,,,,,,,,,,,,,,,,,,,,,,,,,,,,,,,,,,,,,,,,,,,,,,,,,
DilutedNIAvailtoComStockholders,"834,700,000","215,000,000","249,000,000","205,500,000","165,200,000","122,700,000","138,100,000","56,200,000","140,500,000","135,200,000","178,500,000","192,100,000","185,400,000","203,000,000","205,100,000","185,200,000","139,000,000","266,700,000","138,000,000","142,000,000","116,400,000","109,700,000","118,200,000","114,700,000","102,600,000","103,000,000","126,300,000","112,600,000","89,600,000","97,193,000","102,994,000","98,043,000","88,684,000","227,025,000","84,180,000","64,465,000","60,613,000","61,031,000","39,791,000","45,154,000","17,844,000","39,465,000","41,777,000","39,368,000","37,417,000","54,891,000","93,320,000","38,030,000","19,194,000","58,683,000","72,655,000","108,881,000","25,676,000","30,242,000","38,102,000","35,192,000","32,073,000","43,992,000","48,656,000","46,227,000","31,191,000","40,052,000","43,748,000","32,245,000","8,987,000","1,655,000","10,566,000","27,760,000","12,619,000","36,267,000","25,673,000","13,626,000","-6,836,000","177,000","-32,336,000","10,674,000","7,127,000","12,360,000","14,598,000","11,595,000","9,626,000","18,386,000","29,154,000","31,259,000","27,619,000","63,369,000","40,009,000","33,277,000","6,609,000","10,300,000","7,000,000","7,000,000","7,000,000"
BasicEPS,,"2.29","2.64","2.18","1.75","1.3","1.47","0.6","1.5","1.44","1.9","2.05","1.98","2.17","2.19","1.98","1.48","2.85","1.47","1.52","1.25","1.17","1.27","1.23","1.09","1.07","1.31","1.16","0.92","1","1.06","1.01","0.92","2.35","0.87","0.67","0.63","0.63","0.41","0.47","0.18",,"0.42","0.39","0.37",,"0.92","0.37","0.19",,"0.71","1.07","0.25",,"0.37","0.34","0.31",,"0.46","0.44","0.3",,"0.42","0.31","0.09",,"0.1","0.26","0.12",,"0.24","0.13","-0.06",,"-0.31","0.1","0.07",,"0.14","0.11","0.09",,"0.27","0.29","0.26",,"0.38","0.31","0.07",,"0.05","0.05","0.05"
DilutedEPS,,"2.28","2.63","2.17","1.75","1.3","1.46","0.59","1.49","1.43","1.89","2.04","1.97","2.16","2.18","1.97","1.48","2.84","1.47","1.52","1.24","1.17","1.26","1.23","1.09","1.07","1.31","1.16","0.92","1","1.06","1.01","0.92","2.33","0.86","0.66","0.62","0.63","0.41","0.46","0.18",,"0.42","0.39","0.37",,"0.91","0.37","0.19",,"0.71","1.07","0.25",,"0.37","0.34","0.31",,"0.46","0.44","0.3",,"0.42","0.31","0.09",,"0.1","0.26","0.12",,"0.24","0.13","-0.06",,"-0.31","0.1","0.07",,"0.14","0.11","0.09",,"0.27","0.29","0.25",,"0.37","0.31","0.06",,"0.05","0.05","0.05"
BasicAverageShares,,"94,541,485","94,962,121","94,266,055","95,142,857","95,000,000","93,945,578","93,666,667","94,466,667","94,583,333","94,631,579","94,439,024","93,636,364","93,548,387","93,652,968","93,535,354","93,918,919","93,614,035","93,877,551","93,421,053","93,120,000","93,675,214","93,070,866","93,252,033","94,128,440","97,476,636","97,557,252","98,275,862","98,695,652","98,500,000","98,490,566","98,613,861","97,934,783","96,700,000","96,800,000","96,400,000","96,400,000","96,300,000","96,400,000","96,300,000","96,600,000",,"99,000,000","100,100,000","100,700,000",,"101,800,000","102,000,000","101,928,000",,"101,713,000","101,500,000","101,362,000",,"102,562,000","103,100,000","103,787,000",,"104,648,000","104,567,000","104,166,000",,"103,672,000","103,421,000","103,355,000",,"107,672,000","107,418,000","107,019,000",,"106,602,000","106,157,000","105,845,000",,"104,303,000","104,419,000","104,580,000",,"104,775,000","105,527,000","105,476,000",,"106,628,000","106,583,000","106,414,000",,"105,964,000","105,850,000","101,583,000",,"140,000,000","140,000,000","140,000,000"
DilutedAverageShares,,"94,541,485","94,962,121","94,600,000","95,142,857","95,000,000","94,500,000","94,400,000","94,466,667","94,583,333","94,631,579","94,439,024","94,000,000","94,000,000","94,000,000","93,800,000","93,918,919","93,800,000","93,877,551","93,600,000","93,600,000","93,675,214","93,600,000","93,300,000","94,200,000","97,476,636","97,557,252","98,275,862","98,695,652","98,500,000","98,490,566","98,613,861","97,934,783","97,600,000","97,600,000","97,500,000","97,400,000","97,400,000","97,300,000","97,400,000","97,700,000",,"100,000,000","101,100,000","101,900,000",,"102,700,000","102,900,000","102,876,000",,"102,536,000","102,200,000","102,143,000",,"103,590,000","103,890,000","104,654,000",,"105,604,000","105,518,000","105,065,000",,"104,583,000","104,334,000","104,238,000",,"108,311,000","108,225,000","108,053,000",,"107,765,000","107,454,000","105,845,000",,"106,037,000","106,221,000","106,427,000",,"106,863,000","107,810,000","107,760,000",,"109,315,000","109,117,000","108,959,000",,"108,295,000","108,193,000","104,856,000",,"140,000,000","140,000,000","140,000,000"
TotalOperatingIncomeAsReported,"1,241,400,000","355,700,000","352,800,000","294,600,000","238,300,000","189,200,000","209,500,000","116,100,000","209,100,000","235,100,000","262,800,000","280,400,000","275,400,000","286,700,000","298,500,000","269,600,000","212,900,000","252,000,000","242,300,000","233,800,000","203,100,000","192,900,000","206,400,000","200,200,000","180,800,000","175,900,000","219,400,000","197,600,000","157,100,000","173,166,000","188,378,000","180,248,000","160,908,000","121,131,000","141,960,000","107,270,000","103,246,000","98,419,000","92,072,000","83,858,000","-169,110,000","67,807,000","71,180,000","67,859,000","65,903,000","96,362,000","-12,342,000","67,746,000","33,616,000","70,799,000","96,331,000","135,717,000","49,607,000","51,788,000","68,705,000","64,173,000","57,146,000","75,042,000","81,490,000","80,244,000","56,696,000","68,847,000","76,791,000","57,806,000","24,698,000","13,913,000","30,130,000","45,640,000","26,443,000","60,704,000","52,200,000","29,912,000","-2,325,000","33,682,000","29,527,000","33,315,000","30,153,000","38,244,000","43,644,000","36,560,000","33,170,000","309,998,000","65,364,000","69,554,000","65,960,000","86,895,000","98,733,000","89,337,000","69,874,000",,,,
TotalExpenses,"6,434,100,000","1,674,400,000","1,633,900,000","1,577,400,000","1,548,500,000","1,511,200,000","1,475,400,000","1,352,100,000","1,489,600,000","1,473,700,000","1,476,200,000","1,475,700,000","1,452,300,000","1,450,800,000","1,500,900,000","1,484,600,000","1,469,400,000","1,446,300,000","1,373,000,000","1,349,600,000","1,326,400,000","1,274,600,000","1,271,400,000","1,212,100,000","1,216,300,000","1,211,200,000","1,255,200,000","1,252,500,000","1,262,400,000","1,247,485,000","1,318,252,000","1,280,428,000","1,246,435,000","1,105,353,000","697,238,000","682,132,000","648,000,000","530,871,000","631,401,000","628,610,000","645,929,000","586,499,000","599,644,000","597,622,000","563,597,000","546,658,000","543,237,000","547,713,000","526,351,000","503,063,000","504,379,000","493,359,000","462,771,000","494,263,000","552,080,000","552,010,000","520,328,000","505,136,000","509,551,000","505,384,000","502,463,000","484,207,000","498,250,000","493,289,000","483,158,000","458,738,000","482,057,000","473,685,000","462,994,000","431,946,000","446,553,000","437,481,000","433,592,000","397,515,000","415,072,000","403,155,000","393,115,000","379,948,000","411,926,000","410,830,000","381,536,000","103,114,000","389,850,000","397,410,000","388,706,000","437,970,000","369,444,000","383,363,000","386,253,000",,,,
NetIncomeFromContinuingAndDiscontinuedOperation,"841,100,000","216,500,000","250,700,000","207,300,000","166,500,000","123,600,000","139,100,000","56,700,000","141,700,000","136,200,000","179,800,000","193,600,000","186,800,000","204,600,000","206,700,000","186,600,000","140,100,000","268,900,000","139,100,000","143,200,000","117,400,000","110,700,000","119,300,000","115,900,000","103,700,000","104,200,000","127,800,000","114,000,000","90,800,000","98,512,000","104,445,000","99,557,000","90,086,000","227,025,000","84,180,000","64,465,000","60,613,000","61,031,000","39,791,000","45,154,000","17,844,000","39,465,000","41,777,000","39,368,000","37,417,000","54,891,000","93,320,000","38,030,000","19,194,000","58,683,000","72,655,000","108,881,000","25,676,000","30,242,000","38,102,000","35,192,000","32,073,000","43,992,000","48,656,000","46,227,000","31,191,000","40,052,000","43,748,000","32,245,000","8,987,000","1,655,000","10,566,000","27,760,000","12,619,000","36,267,000","25,673,000","13,626,000","-6,836,000","177,000","-32,336,000","10,674,000","7,127,000","12,360,000","14,598,000","11,595,000","9,626,000","18,995,000","29,154,000","31,259,000","28,114,000","74,429,000","40,009,000","33,277,000","25,246,000","26,500,000","7,000,000","7,000,000","7,000,000"
NormalizedIncome,"872,902,100","225,147,646.22","258,435,300","211,754,500","179,613,400","132,940,991.536","145,400,000","102,123,000","146,468,000","141,967,169.374","186,934,500","197,002,000","190,320,300","209,473,270.321","214,918,600","195,199,300","144,530,900","258,640,000","155,381,400","143,200,000","121,199,000","120,154,804.27","122,038,400","118,312,400","106,177,600","107,388,411.458","125,797,400","118,095,000","94,221,600","106,913,387.874","110,868,648","104,560,460","105,554,651","227,025,000","84,180,000","64,465,000","60,613,000","61,031,000","39,791,000","45,154,000","-44,231,000","39,465,000","41,777,000","39,368,000","37,417,000","44,772,977.197","166,034,850","38,030,000","12,073,259.631","19,205,172.932","33,456,891.553","40,495,181.949","25,676,000","30,242,000","39,779,810.14","38,681,902.673","34,377,401.176","44,770,029.308","49,990,229.064","47,688,307.015","32,099,720.119","40,663,654.213","45,602,083.718","33,837,225.28","10,366,214.647","3,215,600","12,862,800","22,576,000","11,949,894.391","19,066,954.43","27,092,049.735","13,471,816.124","-6,037,825.313","11,415,600","-30,724,866.996","12,556,612.421","8,752,082.551","14,127,842.767","16,860,483.123","12,919,781.717","9,342,953.203","19,630,400","30,709,043.517","31,562,353.742","28,246,698.953","37,641,788.475","41,308,000","33,757,000","23,525,800","26,500,000","7,000,000","7,000,000","7,000,000"
InterestExpense,"152,400,000","80,200,000","23,900,000","24,900,000","23,500,000","24,400,000","24,400,000","25,100,000","19,600,000","60,800,000","21,600,000","22,400,000","24,100,000","22,200,000","24,400,000","24,300,000","26,300,000","28,000,000","25,400,000","25,200,000","24,000,000","24,300,000","23,400,000","22,500,000","21,600,000","22,300,000","21,700,000","22,200,000","19,200,000","23,089,000","23,111,000","21,409,000","20,791,000","27,942,000","11,850,000","9,232,000","9,251,000","9,371,000","30,590,000","13,256,000",,,,,,,,,,,,"8,800,000",,,,,,,,,,,,,,,,,,,,,,,,,,,,,,,,,,,,,,,,,
NetInterestIncome,"-152,400,000","-80,200,000","-23,900,000","-24,900,000","-23,500,000","-24,400,000","-24,400,000","-25,100,000","-19,600,000","-60,800,000","-21,600,000","-22,400,000","-24,100,000","-22,200,000","-24,400,000","-24,300,000","-26,300,000","-28,000,000","-25,400,000","-25,200,000","-24,000,000","-24,300,000","-23,400,000","-22,500,000","-21,600,000","-22,300,000","-21,700,000","-22,200,000","-19,200,000","-23,089,000","-23,111,000","-21,409,000","-20,791,000","-27,942,000","-11,850,000","-9,232,000","-9,251,000","-9,371,000","-30,590,000","-13,256,000","-9,683,000","-9,294,000","-6,727,000","-6,321,000","-6,903,000","-7,559,000","-7,903,000","-8,093,000","-8,723,000","-8,954,000","-8,961,000","-8,830,000","-8,738,000",,,,,,,,,,,,,,,,,,,,,,,,,,,,,,,,,,,,,,,,
EBIT,"1,261,100,000","360,600,000","357,800,000","299,600,000","243,100,000","189,800,000","210,100,000","116,700,000","209,700,000","233,200,000","260,900,000","278,400,000","273,400,000","286,700,000","298,500,000","269,600,000","212,900,000","252,000,000","242,300,000","233,800,000","203,100,000","192,900,000","206,400,000","200,200,000","180,800,000","175,900,000","219,400,000","197,600,000","157,100,000","173,166,000","188,378,000","180,248,000","160,908,000","121,131,000","141,960,000","107,270,000","103,246,000","98,419,000","92,072,000","83,858,000","25,428,000","67,807,000","71,180,000","67,859,000","65,903,000","79,993,000","99,527,000","67,746,000","24,381,000","29,194,000","49,194,000","56,022,000","49,607,000","51,788,000","68,705,000","64,173,000","57,146,000","75,042,000","81,490,000","80,244,000","56,696,000","68,847,000","76,791,000","57,806,000","24,698,000","13,913,000","30,130,000","45,640,000","26,443,000","60,704,000","52,200,000","29,912,000","-2,325,000","33,682,000","29,527,000","33,315,000","30,153,000","38,244,000","43,644,000","36,560,000","33,170,000","309,998,000","65,364,000","69,554,000","65,960,000","86,895,000","98,733,000","89,337,000","69,874,000","-635,300,000","272,200,000","272,200,000","272,200,000"
EBITDA,"1,678,600,000"
ReconciledCostOfRevenue,"5,857,300,000","1,533,300,000","1,489,400,000","1,431,100,000","1,403,500,000","1,380,900,000","1,348,300,000","1,215,800,000","1,343,700,000","1,336,700,000","1,339,300,000","1,332,000,000","1,312,300,000","1,321,100,000","1,366,700,000","1,346,900,000","1,334,500,000","1,312,600,000","1,242,800,000","1,219,400,000","1,198,000,000","1,149,500,000","1,154,500,000","1,097,300,000","1,102,400,000","1,105,800,000","1,142,500,000","1,130,600,000","1,148,700,000","1,136,992,000","1,198,607,000","1,157,580,000","1,129,921,000","1,005,612,000","619,626,000","608,107,000","572,776,000","562,629,000","560,921,000","554,360,000","526,338,000","520,149,000","533,077,000","528,580,000","496,359,000","479,367,000","476,312,000","483,794,000","463,933,000","444,719,000","443,041,000","430,882,000","402,370,000","431,890,000","488,890,000","488,960,000","459,395,000","447,862,000","451,483,000","445,518,000","446,172,000","429,581,000","440,353,000","438,957,000","434,278,000","415,533,000","431,686,000","423,410,000","416,171,000","407,707,000","399,022,000","394,569,000","391,051,000","363,746,000","365,747,000","357,544,000","350,630,000","336,347,000","368,953,000","363,700,000","340,294,000","323,376,000","346,372,000","354,783,000","347,488,000","359,243,000","293,754,000","308,494,000","312,643,000",,,,
ReconciledDepreciation,"417,500,000","106,400,000","105,600,000","104,700,000","100,800,000","100,900,000","100,500,000","108,200,000","100,300,000","98,900,000","97,900,000","95,900,000","94,800,000","97,300,000","101,400,000","104,100,000","108,100,000","107,700,000","97,500,000","93,700,000","92,500,000","93,700,000","88,000,000","87,600,000","88,700,000","90,600,000","89,700,000","88,700,000","95,300,000","94,314,000","107,366,000","103,080,000","86,040,000","88,080,000","44,096,000","43,064,000","42,678,000","43,286,000","42,912,000","42,444,000","42,638,000","42,940,000","41,099,000","40,638,000","39,296,000","39,528,000","39,042,000","39,358,000","38,370,000","39,317,000","38,155,000","36,813,000","36,932,000","40,398,000","35,935,000","35,984,000","35,452,000","36,068,000","36,330,000","36,282,000","36,990,000","38,225,000","38,092,000","38,339,000","37,755,000","39,080,000","40,195,000","40,429,000","38,648,000","40,811,000","40,197,000","39,638,000","38,946,000","40,313,000","39,988,000","39,561,000","38,960,000","39,117,000","37,878,000","38,403,000","38,015,000","37,475,000","36,799,000","36,650,000","35,443,000","36,673,000","37,178,000","36,863,000","37,502,000",,,,
NetIncomeFromContinuingOperationNetMinorityInterest,"841,100,000","216,500,000","250,700,000","207,300,000","166,500,000","123,600,000","139,100,000","56,700,000","141,700,000","136,200,000","179,800,000","193,600,000","186,800,000","204,600,000","206,700,000","186,600,000","140,100,000","268,900,000","139,100,000","143,200,000","117,400,000","110,700,000","119,300,000","115,900,000","103,700,000","104,200,000","127,800,000","114,000,000","90,800,000","98,512,000","104,445,000","99,557,000","90,086,000","227,025,000","84,180,000","64,465,000","60,613,000","61,031,000","39,791,000","45,154,000","17,844,000","39,465,000","41,777,000","39,368,000","37,417,000","54,891,000","93,320,000","38,030,000","19,194,000","58,683,000","72,655,000","108,881,000","25,676,000","30,242,000","38,102,000","35,192,000","32,073,000","43,992,000","48,656,000","46,227,000","31,191,000","40,052,000","43,748,000","32,245,000","8,987,000","1,655,000","10,566,000","27,760,000","12,619,000","36,267,000","25,673,000","13,626,000","-6,836,000","177,000","-32,336,000","10,674,000","7,127,000","12,360,000","14,598,000","11,595,000","9,626,000","18,995,000","29,154,000","31,259,000","28,114,000","74,429,000","40,009,000","33,277,000","25,246,000","26,500,000","7,000,000","7,000,000","7,000,000"
TotalUnusualItemsExcludingGoodwill,"-41,900,000","-11,200,000","-10,300,000","-5,900,000","-17,300,000","-12,500,000","-8,400,000","-73,500,000","-6,400,000","-7,300,000","-9,500,000","-4,500,000","-4,700,000","-6,300,000","-10,900,000","-11,300,000","-5,900,000","17,100,000","-25,400,000",,"-5,800,000","-14,400,000","-4,200,000","-3,700,000","-3,800,000","-4,700,000","3,100,000","-6,300,000","-5,200,000","-12,799,000","-10,164,000","-7,980,000","-24,057,000",,,,,,,,"95,500,000",,,"0","0","16,369,000","-111,869,000","0","9,235,000","41,605,000","47,137,000","79,695,000",,,"-2,670,000","-5,551,000","-3,653,000","-1,225,000","-2,077,000","-2,317,000","-1,444,000","-943,000","-2,922,000","-2,449,000","-2,215,000","-2,601,000","-3,828,000","8,640,000","1,089,000","26,976,000","-2,345,000","256,000","-1,286,000","-18,731,000","-2,644,000","-3,104,000","-2,671,000","-2,729,000","-3,609,000","-2,201,000","470,000","-1,059,000","-2,536,000","-492,000","-219,000","60,094,000","-2,165,000","-800,000","2,867,000",,,,
TotalUnusualItems,"-41,900,000","-11,200,000","-10,300,000","-5,900,000","-17,300,000","-12,500,000","-8,400,000","-73,500,000","-6,400,000","-7,300,000","-9,500,000","-4,500,000","-4,700,000","-6,300,000","-10,900,000","-11,300,000","-5,900,000","17,100,000","-25,400,000",,"-5,800,000","-14,400,000","-4,200,000","-3,700,000","-3,800,000","-4,700,000","3,100,000","-6,300,000","-5,200,000","-12,799,000","-10,164,000","-7,980,000","-24,057,000",,,,,,,,"95,500,000",,,"0","0","16,369,000","-111,869,000","0","9,235,000","41,605,000","47,137,000","79,695,000",,,"-2,670,000","-5,551,000","-3,653,000","-1,225,000","-2,077,000","-2,317,000","-1,444,000","-943,000","-2,922,000","-2,449,000","-2,215,000","-2,601,000","-3,828,000","8,640,000","1,089,000","26,976,000","-2,345,000","256,000","-1,286,000","-18,731,000","-2,644,000","-3,104,000","-2,671,000","-2,729,000","-3,609,000","-2,201,000","470,000","-1,059,000","-2,536,000","-492,000","-219,000","60,094,000","-2,165,000","-800,000","2,867,000",,,,
NormalizedEBITDA,"1,720,500,000","478,200,000","473,700,000","410,200,000","361,200,000","303,200,000","319,000,000","298,400,000","316,400,000","339,400,000","368,300,000","378,800,000","372,900,000","390,300,000","410,800,000","385,000,000","326,900,000","342,600,000","365,200,000","327,500,000","301,400,000","301,000,000","298,600,000","291,500,000","273,300,000","271,200,000","306,000,000","292,600,000","257,600,000","280,279,000","305,908,000","291,308,000","271,005,000","209,211,000","186,056,000","150,334,000","145,924,000","141,705,000","134,984,000","126,302,000","-27,434,000","110,747,000","112,279,000","108,497,000","105,199,000","103,152,000","250,438,000","107,104,000","53,516,000","26,906,000","40,212,000","13,140,000","86,539,000","92,186,000","107,310,000","105,708,000","96,251,000","112,335,000","119,897,000","118,843,000","95,130,000","108,015,000","117,805,000","98,594,000","64,668,000","55,594,000","74,153,000","77,429,000","64,002,000","74,539,000","94,742,000","69,294,000","37,907,000","92,726,000","72,159,000","75,980,000","71,784,000","80,090,000","85,131,000","77,164,000","70,715,000","348,532,000","104,699,000","106,696,000","101,622,000","63,474,000","138,076,000","127,000,000","104,509,000","-635,300,000","272,200,000","272,200,000","272,200,000"
TaxRateForCalcs,"0.241","0.228","0.249","0.245","0.242","0.253","0.25","0.382","0.255","0.21","0.249","0.244","0.251","0.226","0.246","0.239","0.249","0.4","0.359","0.314","0.345","0.343","0.348","0.348","0.348","0.322","0.354","0.35","0.342","0.344","0.368","0.373","0.357","0.35","0.353","0.342","0.355","0.315","0.353","0.36","0.35","0.326","0.352","0.36","0.366","0.382","0.35","0.362","0.229","0.051","0.168","0.142","0.372","0.292","0.372","0.371","0.369","0.365","0.358","0.369","0.371","0.351","0.365","0.35","0.377","0.4","0.4","0.4","0.386","0.362","0.395","0.398","0.379","0.4","0.391","0.393","0.392","0.352","0.373","0.398","0.398","0.4","0.387","0.383","0.394","0.388","0.4","0.4","0.4","0.4","0.4","0.4","0.4"
TaxEffectOfUnusualItems,"-10,097,900","-2,552,353.78","-2,564,700","-1,445,500","-4,186,600","-3,159,008.464","-2,100,000","-28,077,000","-1,632,000","-1,532,830.626","-2,365,500","-1,098,000","-1,179,700","-1,426,729.679","-2,681,400","-2,700,700","-1,469,100","6,840,000","-9,118,600","0","-2,001,000","-4,945,195.73","-1,461,600","-1,287,600","-1,322,400","-1,511,588.542","1,097,400","-2,205,000","-1,778,400","-4,397,612.126","-3,740,352","-2,976,540","-8,588,349","0","0","0","0","0","0","0","33,425,000","0","0","0","0","6,250,977.197","-39,154,150","0","2,114,259.631","2,127,172.932","7,938,891.553","11,309,181.949","0","0","-992,189.86","-2,061,097.327","-1,348,598.824","-446,970.692","-742,770.936","-855,692.985","-535,279.881","-331,345.787","-1,067,916.282","-856,774.72","-835,785.353","-1,040,400","-1,531,200","3,456,000","419,894.391","9,775,954.43","-925,950.265","101,816.124","-487,825.313","-7,492,400","-1,032,866.996","-1,221,387.579","-1,045,917.449","-961,157.233","-1,346,516.877","-876,218.283","186,953.203","-423,600","-980,956.483","-188,646.258","-86,301.047","23,306,788.475","-866,000","-320,000","1,146,800","0","0","0","0"