name,ttm,12/31/2021,09/30/2021,06/30/2021,03/31/2021,12/31/2020,09/30/2020,06/30/2020,03/31/2020,12/31/2019,09/30/2019,06/30/2019,03/31/2019,12/31/2018,09/30/2018,06/30/2018,03/31/2018,12/31/2017,09/30/2017,06/30/2017,03/31/2017,12/31/2016,09/30/2016,06/30/2016,03/31/2016,12/31/2015,09/30/2015,06/30/2015,03/31/2015,12/31/2014,09/30/2014,06/30/2014,03/31/2014,12/31/2013,09/30/2013,06/30/2013,03/31/2013,12/31/2012,09/30/2012,06/30/2012,03/31/2012,12/31/2011,09/30/2011,06/30/2011,03/31/2011,12/31/2010,09/30/2010,06/30/2010,03/31/2010,12/31/2009,09/30/2009,06/30/2009,03/31/2009,12/31/2008,09/30/2008,06/30/2008,03/31/2008,12/31/2007,09/30/2007,06/30/2007,03/31/2007,12/31/2006,09/30/2006,06/30/2006,03/31/2006,12/31/2005,09/30/2005,06/30/2005,03/31/2005,12/31/2004,09/30/2004,06/30/2004,03/31/2004,12/31/2003,09/30/2003,06/30/2003,03/31/2003,12/31/2002,09/30/2002,06/30/2002,03/31/2002,12/31/2001,09/30/2001,06/30/2001,03/31/2001,12/31/2000,09/30/2000,06/30/2000,03/31/2000,12/31/1999,09/30/1999,06/30/1999,03/31/1999,12/31/1998,09/30/1998,06/30/1998,03/31/1998,12/31/1997,09/30/1997,06/30/1997,03/31/1997,12/31/1996,09/30/1996,06/30/1996,03/31/1996,12/31/1995,09/30/1995,06/30/1995,03/31/1995,12/31/1994,09/30/1994,06/30/1994,03/31/1994,12/31/1993,09/30/1993,06/30/1993,03/31/1993,12/31/1992,09/30/1992,06/30/1992,03/31/1992,12/31/1991,09/30/1991,06/30/1991,03/31/1991,12/31/1990,09/30/1990,06/30/1990,03/31/1990,12/31/1989,09/30/1989,06/30/1989,03/31/1989,12/31/1988,09/30/1988,06/30/1988,03/31/1988,12/31/1987,09/30/1987,06/30/1987,03/31/1987,12/31/1986,09/30/1986,06/30/1986,03/31/1986,12/31/1985,09/30/1985
TotalRevenue,"5,067,169,000","1,364,325,000","1,166,684,000","1,228,471,000","1,307,689,000","1,354,606,000","964,025,000","811,718,000","652,396,000","805,496,000","706,923,000","722,517,000","648,737,000","756,349,000","674,313,000","703,362,000","643,972,000","641,630,000","554,275,000","546,962,000","514,115,000","456,112,000","548,054,000","572,667,000","538,684,000","608,116,000","563,436,000","563,906,000","526,901,000","608,390,000","542,049,000","556,170,000","531,904,000","593,280,000","524,277,000","543,297,000","505,378,000","572,921,000","509,604,000","521,790,000","510,890,000","540,192,000","453,740,000","479,491,000","447,864,000","469,970,000","419,143,000","497,839,000","465,092,000","508,988,000","437,065,000","434,575,000","431,574,000","421,369,000","505,117,000","528,636,000","482,343,000","511,473,000","435,668,000","437,290,000","402,900,000","426,986,000","386,917,000","377,001,000","355,454,000","381,561,000","361,901,000","425,546,000","416,252,000","478,606,000","403,403,000","412,614,000","393,451,000","432,564,000","367,085,000","377,124,000","358,449,000","409,581,000","366,011,000","335,671,000","305,078,000","361,218,000","302,131,000","390,810,000","425,697,000","462,413,000","431,863,000","398,705,000","402,286,000","427,200,000","388,400,000","304,300,000","357,500,000","352,200,000","343,500,000","356,300,000","355,900,000","386,800,000","358,400,000","368,700,000","347,000,000","369,900,000","354,700,000","355,900,000","346,800,000","377,500,000","361,600,000","342,300,000","338,200,000","340,100,000","336,900,000","646,000,000","676,500,000","640,700,000","746,200,000","662,100,000","648,900,000","689,200,000","749,000,000","695,800,000","654,800,000","640,100,000","745,900,000","665,700,000","636,800,000","614,100,000","687,000,000","612,200,000","561,000,000","422,500,000","426,100,000","410,700,000","390,900,000","386,200,000","348,500,000","339,100,000","332,600,000","316,200,000","319,200,000","303,800,000","296,600,000","283,200,000","288,000,000","286,500,000","287,300,000","307,700,000","290,400,000"
	OperatingRevenue,"5,067,169,000","1,364,325,000","1,166,684,000","1,228,471,000","1,307,689,000","1,354,606,000","964,025,000","811,718,000","652,396,000","805,496,000","706,923,000","722,517,000","648,737,000","756,349,000","674,313,000","703,362,000","643,972,000","641,630,000","554,275,000","546,962,000","514,115,000","456,112,000","548,054,000","572,667,000","538,684,000","608,116,000","563,436,000","563,906,000","526,901,000","608,390,000","542,049,000","556,170,000","531,904,000","593,280,000","524,277,000","543,297,000","505,378,000","572,921,000","509,604,000","521,790,000","510,890,000","540,192,000","453,740,000","479,491,000","447,864,000","469,970,000","419,143,000","497,839,000","465,092,000","508,988,000","437,065,000","434,575,000","431,574,000","421,369,000","505,117,000","528,636,000","482,343,000","511,473,000","435,668,000","437,290,000","402,900,000","426,986,000","386,917,000","377,001,000","355,454,000","381,561,000","361,901,000","425,546,000","416,252,000","478,606,000","403,403,000","412,614,000","393,451,000","432,564,000","367,085,000","377,124,000","358,449,000","409,581,000","366,011,000","335,671,000","305,078,000","361,218,000","302,131,000","390,810,000","425,697,000","462,413,000","431,863,000","398,705,000","402,286,000","427,200,000","388,400,000","304,300,000","357,500,000","352,200,000","343,500,000","356,300,000","355,900,000","386,800,000","358,400,000","368,700,000","347,000,000","369,900,000","354,700,000","355,900,000","346,800,000","377,500,000","361,600,000","342,300,000","338,200,000","340,100,000","336,900,000","646,000,000","676,500,000","640,700,000","746,200,000","662,100,000","648,900,000","689,200,000","749,000,000","695,800,000","654,800,000","640,100,000","745,900,000","665,700,000","636,800,000","614,100,000","687,000,000","612,200,000","561,000,000","422,500,000","426,100,000","410,700,000","390,900,000","386,200,000","348,500,000","339,100,000","332,600,000","316,200,000","319,200,000","303,800,000","296,600,000","283,200,000","288,000,000","286,500,000","287,300,000","307,700,000","290,400,000"
CostOfRevenue,"2,215,869,000","615,201,000","534,848,000","543,277,000","522,543,000","527,541,000","436,580,000","364,374,000","344,373,000","407,315,000","364,648,000","374,724,000","340,931,000","380,099,000","341,986,000","363,222,000","351,750,000","334,535,000","285,453,000","289,459,000","274,504,000","218,938,000","287,255,000","307,384,000","288,587,000","326,105,000","308,833,000","311,394,000","291,527,000","330,788,000","298,740,000","308,186,000","296,384,000","317,002,000","290,765,000","300,998,000","280,493,000","311,263,000","278,864,000","282,996,000","278,876,000","298,386,000","254,193,000","270,486,000","247,643,000","261,641,000","233,360,000","285,035,000","266,460,000","292,192,000","249,495,000","247,102,000","243,619,000","219,641,000","293,957,000","308,996,000","284,766,000","297,902,000","257,167,000","263,312,000","244,210,000","248,132,000","230,976,000","225,412,000","213,767,000","238,278,000","204,510,000","254,571,000","246,919,000","277,386,000","243,270,000","246,473,000","241,513,000","247,904,000","214,545,000","224,540,000","219,280,000","241,083,000","219,256,000","187,663,000","197,584,000","198,270,000","163,112,000","215,887,000","246,804,000","241,636,000","230,487,000","218,545,000","227,759,000","227,800,000","228,100,000","182,500,000","249,400,000","232,700,000","248,600,000","257,400,000","252,600,000","267,600,000","255,100,000","268,500,000","248,900,000","258,300,000","251,300,000","250,900,000","247,300,000","262,100,000","264,400,000","241,600,000","244,400,000","210,500,000","254,900,000","548,700,000","586,900,000","536,200,000","652,800,000","562,600,000","553,100,000","580,400,000","649,700,000","593,200,000","564,000,000","536,500,000","652,000,000","571,600,000","546,400,000","523,600,000","605,600,000","529,800,000","481,800,000","338,500,000","355,000,000","335,200,000",,,,,,,,,,,,,,,
GrossProfit,"2,851,300,000","749,124,000","631,836,000","685,194,000","785,146,000","827,065,000","527,445,000","447,344,000","308,023,000","398,181,000","342,275,000","347,793,000","307,806,000","376,250,000","332,327,000","340,140,000","292,222,000","307,095,000","268,822,000","257,503,000","239,611,000","237,174,000","260,799,000","265,283,000","250,097,000","282,011,000","254,603,000","252,512,000","235,374,000","277,602,000","243,309,000","247,984,000","235,520,000","276,278,000","233,512,000","242,299,000","224,885,000","261,658,000","230,740,000","238,794,000","232,014,000","241,806,000","199,547,000","209,005,000","200,221,000","208,329,000","185,783,000","212,804,000","198,632,000","216,796,000","187,570,000","187,473,000","187,955,000","201,728,000","211,160,000","219,640,000","197,577,000","213,571,000","178,501,000","173,978,000","158,690,000","178,854,000","155,941,000","151,589,000","141,687,000","143,283,000","157,391,000","170,975,000","169,333,000","201,220,000","160,133,000","166,141,000","151,938,000","184,660,000","152,540,000","152,584,000","139,169,000","168,498,000","146,755,000","148,008,000","107,494,000","162,948,000","139,019,000","174,923,000","178,893,000","220,777,000","201,376,000","180,160,000","174,527,000","199,400,000","160,300,000","121,800,000","108,100,000","119,500,000","94,900,000","98,900,000","103,300,000","119,200,000","103,300,000","100,200,000","98,100,000","111,600,000","103,400,000","105,000,000","99,500,000","115,400,000","97,200,000","100,700,000","93,800,000","129,600,000","82,000,000","97,300,000","89,600,000","104,500,000","93,400,000","99,500,000","95,800,000","108,800,000","99,300,000","102,600,000","90,800,000","103,600,000","93,900,000","94,100,000","90,400,000","90,500,000","81,400,000","82,400,000","79,200,000","84,000,000","71,100,000","75,500,000",,,,,,,,,,,,,,,
OperatingExpense,"1,502,490,000","435,566,000","407,655,000","347,643,000","311,626,000","319,873,000","275,380,000","270,547,000","257,483,000","258,373,000","249,547,000","249,897,000","246,837,000","262,509,000","245,617,000","252,076,000","245,709,000","209,938,000","185,746,000","181,506,000","178,381,000","175,864,000","178,968,000","189,001,000","181,330,000","188,535,000","178,823,000","179,425,000","177,993,000","247,614,000","173,441,000","177,605,000","182,653,000","174,651,000","175,190,000","183,358,000","185,674,000","214,246,000","177,850,000","183,804,000","189,473,000","248,600,000","165,339,000","168,175,000","160,879,000","150,878,000","144,366,000","160,333,000","159,183,000","159,266,000","148,767,000","149,530,000","154,387,000","138,194,000","158,644,000","172,912,000","161,195,000","155,655,000","134,097,000","121,327,000","129,606,000","130,002,000","119,426,000","116,186,000","112,695,000","84,751,000","116,689,000","128,370,000","133,545,000","137,006,000","117,242,000","126,991,000","123,241,000","131,142,000","118,444,000","125,289,000","120,346,000","131,697,000","130,061,000","135,811,000","133,163,000","144,202,000","108,219,000","122,324,000","126,706,000","170,958,000","149,507,000","136,411,000","135,935,000","143,300,000","138,500,000","105,400,000","82,300,000","82,600,000","74,700,000","80,800,000","84,500,000","86,200,000","82,900,000","82,200,000","81,700,000","88,400,000","80,200,000","83,600,000","79,600,000","87,900,000","78,000,000","80,200,000","78,100,000","39,700,000","137,900,000","71,800,000","67,700,000","69,600,000","68,300,000","68,100,000","66,400,000","78,500,000","67,100,000","69,100,000","63,600,000","67,200,000","60,600,000","63,700,000","65,300,000","58,600,000","54,900,000","56,000,000","56,400,000","54,100,000","50,100,000","49,700,000",,,,,,,,,,,,,,,
	SellingGeneralAndAdministration,"1,227,521,000","355,245,000","339,047,000","281,819,000","251,410,000","263,050,000","225,249,000","221,026,000","208,569,000","210,737,000","204,171,000","201,553,000","198,857,000","210,539,000","196,769,000","204,880,000","199,725,000","172,271,000","150,859,000","147,944,000","145,093,000","153,553,000","145,793,000","153,994,000","147,545,000","158,505,000","147,728,000","146,742,000","145,873,000","216,648,000","142,997,000","147,253,000","153,204,000","141,949,000","143,649,000","148,755,000","151,497,000","180,708,000","145,442,000","149,735,000","156,849,000","217,495,000","135,105,000","140,010,000","134,562,000","125,266,000","120,552,000","133,294,000","132,094,000","130,892,000","121,431,000","123,962,000","128,414,000","116,666,000","131,118,000","143,022,000","132,077,000","126,884,000","106,406,000","109,357,000","101,765,000","99,677,000","94,664,000","92,655,000","89,853,000","87,008,000","87,722,000","97,673,000","102,555,000","105,147,000","89,042,000","97,650,000","95,870,000","104,362,000","91,686,000","97,477,000","92,879,000","87,051,000","109,556,000","113,795,000","109,399,000","122,350,000","89,421,000","106,421,000","106,737,000","121,134,000","105,963,000","96,203,000","95,679,000","108,200,000","95,700,000","71,200,000","57,000,000","53,800,000","52,400,000","58,800,000","61,300,000","63,400,000","60,600,000","59,800,000","59,700,000","77,300,000","68,700,000","74,400,000","70,500,000","76,600,000","68,500,000","70,300,000","69,400,000","29,500,000","129,000,000","62,900,000","58,900,000","60,700,000","58,200,000","58,600,000","57,100,000","69,300,000","58,600,000","59,200,000","55,000,000","58,900,000","52,300,000","55,300,000","56,600,000","50,900,000","47,400,000","48,500,000","49,200,000","47,800,000","43,700,000","43,400,000",,,,,,,,,,,,,,,
	ResearchAndDevelopment,"274,969,000","80,321,000","68,608,000","65,824,000","60,216,000","56,823,000","50,131,000","49,521,000","48,914,000","47,636,000","45,376,000","48,344,000","47,980,000","51,970,000","48,848,000","47,196,000","45,984,000","37,667,000","34,887,000","33,562,000","33,288,000","22,311,000","33,175,000","35,007,000","33,785,000","30,030,000","31,095,000","32,683,000","32,120,000","30,966,000","30,444,000","30,352,000","29,449,000","32,702,000","31,541,000","34,603,000","34,177,000","33,538,000","32,408,000","34,069,000","32,624,000","31,105,000","30,234,000","28,165,000","26,317,000","25,612,000","23,814,000","27,039,000","27,089,000","28,374,000","27,336,000","25,568,000","25,973,000","21,528,000","27,526,000","29,890,000","29,118,000","28,771,000","27,691,000","27,316,000","27,841,000","27,079,000","24,762,000","25,036,000","22,842,000","20,697,000","21,808,000","22,900,000","23,658,000","23,625,000","21,359,000","22,264,000","20,628,000","20,308,000","20,108,000","21,877,000","20,852,000","21,536,000","20,505,000","22,016,000","22,264,000","21,852,000","18,798,000","20,364,000","23,856,000","22,303,000","21,155,000","21,359,000","21,300,000","21,200,000","20,300,000","16,300,000","13,500,000","13,600,000","10,400,000","10,900,000","11,000,000","11,100,000","10,700,000","11,900,000","11,200,000",,,,,,,,,,,,,,,,,,,,,,,,,,,,,,,,,,,,,,,,,,,,,,
	DepreciationAmortizationDepletionIncomeStatement,,,,,,,,,,,,,,,,,,,,,,,,,,,,,,,,,,,,,,,,,,,,,,,,,,,,,,,,,,,,,,,,,,,"7,159,000","7,400,000","7,332,000","7,163,000","7,140,000","7,077,000","7,106,000","7,089,000","7,019,000","7,043,000","7,195,000",,,,,,,,,"27,521,000","22,389,000","18,849,000","18,956,000","13,900,000","22,500,000","17,900,000","11,800,000","15,200,000","11,900,000","11,100,000","12,200,000","11,700,000","11,600,000","10,500,000","10,800,000","11,100,000","11,500,000","9,200,000","9,100,000","11,300,000","9,500,000","9,900,000","8,700,000","10,200,000","8,900,000","8,900,000","8,800,000","8,900,000","10,100,000","9,500,000","9,300,000","9,200,000","8,500,000","9,900,000","8,600,000","8,300,000","8,300,000","8,400,000","8,700,000","7,700,000","7,500,000","7,500,000","7,200,000","6,300,000","6,400,000","6,300,000",,,,,,,,,,,,,,,
		DepreciationAndAmortizationInIncomeStatement,,,,,,,,,,,,,,,,,,,,,,,,,,,,,,,,,,,,,,,,,,,,,,,,,,,,,,,,,,,,,,,,,,,"7,159,000","7,400,000","7,332,000","7,163,000","7,140,000","7,077,000","7,106,000","7,089,000","7,019,000","7,043,000","7,195,000",,,,,,,,,"27,521,000","22,389,000","18,849,000","18,956,000","13,900,000","22,500,000","17,900,000","11,800,000","15,200,000","11,900,000","11,100,000","12,200,000","11,700,000","11,600,000","10,500,000","10,800,000","11,100,000","11,500,000","9,200,000","9,100,000","11,300,000","9,500,000","9,900,000","8,700,000","10,200,000","8,900,000","8,900,000","8,800,000","8,900,000","10,100,000","9,500,000","9,300,000","9,200,000","8,500,000","9,900,000","8,600,000","8,300,000","8,300,000","8,400,000","8,700,000","7,700,000","7,500,000","7,500,000","7,200,000","6,300,000","6,400,000","6,300,000",,,,,,,,,,,,,,,
			Amortization,,,,,,,,,,,,,,,,,,,,,,,,,,,,,,,,,,,,,,,,,,,,,,,,,,,,,,,,,,,,,,,,,,,"7,159,000","7,400,000","7,332,000","7,163,000","7,140,000","7,077,000","7,106,000","7,089,000","7,019,000","7,043,000","7,195,000",,,,,,,,,,,,,,,,,,,,,,,,,,,,,,,,,,,,,,,,,,,,,,,,,,,,,,,,,,,,,,,,,,,,,,
				AmortizationOfIntangiblesIncomeStatement,,,,,,,,,,,,,,,,,,,,,,,,,,,,,,,,,,,,,,,,,,,,,,,,,,,,,,,,,,,,,,,,,,,"7,159,000","7,400,000","7,332,000","7,163,000","7,140,000","7,077,000","7,106,000","7,089,000","7,019,000","7,043,000","7,195,000",,,,,,,,,,,,,,,,,,,,,,,,,,,,,,,,,,,,,,,,,,,,,,,,,,,,,,,,,,,,,,,,,,,,,,
	OtherOperatingExpenses,,,,,,,,,,,,,,,,,,,,,,,,,,,,,,,,,,,,,,,,,,,,,,,,,,,,,,,,,,"0",,"-15,346,000",,"3,246,000",,"-1,505,000",,,,"397,000",,"1,071,000","-299,000",,"-363,000","-617,000","-369,000","-1,108,000","-580,000",,,,"1,500,000",,,"-4,461,000","-3,887,000",,,,,,,,,,,,,,,,,,,,,,,,,,,,,,,,,,,,,,,,,,,,,,,,,,,,,,,,,,,,,,
OperatingIncome,"1,348,810,000","313,558,000","224,181,000","337,551,000","473,520,000","507,192,000","252,065,000","176,797,000","50,540,000","139,808,000","92,728,000","97,896,000","60,969,000","113,741,000","86,710,000","88,064,000","46,513,000","97,157,000","83,076,000","75,997,000","61,230,000","61,310,000","81,831,000","76,282,000","68,767,000","93,476,000","75,780,000","73,087,000","57,381,000","29,988,000","69,868,000","70,379,000","52,867,000","101,627,000","58,322,000","58,941,000","39,211,000","47,412,000","52,890,000","54,990,000","42,541,000","-6,794,000","34,208,000","40,830,000","39,342,000","57,451,000","41,417,000","52,471,000","39,449,000","57,530,000","38,803,000","37,943,000","33,568,000","63,534,000","52,516,000","46,728,000","36,382,000","57,916,000","44,404,000","52,651,000","29,084,000","48,852,000","36,515,000","35,403,000","28,992,000","58,532,000","40,702,000","42,605,000","35,788,000","64,214,000","42,891,000","39,150,000","28,697,000","53,518,000","34,096,000","27,295,000","18,823,000","36,801,000","16,694,000","12,197,000","-25,669,000","18,746,000","30,800,000","52,599,000","52,187,000","49,819,000","51,869,000","43,749,000","38,592,000","56,100,000","21,800,000","16,400,000","25,800,000","36,900,000","20,200,000","18,100,000","18,800,000","33,000,000","20,400,000","18,000,000","16,400,000","23,200,000","23,200,000","21,400,000","19,900,000","27,500,000","19,200,000","20,500,000","15,700,000","89,900,000","-55,900,000","25,500,000","21,900,000","34,900,000","25,100,000","31,400,000","29,400,000","30,300,000","32,200,000","33,500,000","27,200,000","36,400,000","33,300,000","30,400,000","25,100,000","31,900,000","26,500,000","26,400,000","22,800,000","29,900,000","21,000,000","25,800,000","390,900,000","-922,000,000","348,500,000","339,100,000","332,600,000","-840,400,000","319,200,000","303,800,000","296,600,000","-801,700,000","288,000,000","286,500,000","287,300,000","-765,400,000","290,400,000"
NetNonOperatingInterestIncomeExpense,"-99,887,000","-26,802,000","-42,987,000","-16,383,000","-13,715,000","-12,056,000","-11,852,000","-11,394,000","-13,400,000","-13,851,000","-15,857,000","-16,857,000","-15,567,000","-15,844,000","-16,368,000","-16,238,000","-17,385,000","-10,371,000","-10,172,000","-10,182,000","-10,644,000","-10,409,000","-10,874,000","-9,812,000","-9,731,000","-9,248,000","-9,727,000","-9,170,000","-9,179,000","-8,771,000","-8,779,000","-8,928,000","-9,125,000","-14,252,000","-11,585,000","-11,849,000","-11,588,000","-11,338,000","-11,286,000","-11,189,000","-11,227,000","-11,675,000","-3,900,000","-3,730,000","-3,594,000","-3,664,000","-3,993,000","-4,061,000","-3,890,000","-2,282,000","-4,821,000","-4,053,000","-4,837,000",,,,,,,,,,,,,,,,,,,,,,,,,,,,,,,,,,,,,,,,,,,,,,,,,,,,,,,,,,,,,,,,,,,,,,,,,,,,,,,,,,,,,,,,,,,,,,
	InterestIncomeNonOperating,"2,241,000","919,000","544,000","367,000","411,000","348,000","205,000","192,000","265,000","570,000","292,000","350,000","283,000","387,000","316,000","173,000","265,000","1,059,000","802,000","490,000","220,000","341,000","124,000","127,000","110,000","185,000","147,000","132,000","209,000","292,000","130,000","151,000","94,000","362,000","119,000","64,000","105,000","313,000","74,000","150,000","210,000","530,000","549,000","483,000","322,000","290,000","192,000","169,000","181,000",,"124,000","176,000","477,000",,,,,,,,,,,,,,,,,,,,,,,,,,,,,,,,,,,,,,,,,,,,,,,,,,,,,,,,,,,,,,,,,,,,,,,,,,,,,,,,,,,,,,,,,,,,,,
	InterestExpenseNonOperating,"102,128,000","27,721,000","43,531,000","16,750,000","14,126,000","12,404,000","12,057,000","11,586,000","13,665,000","14,421,000","16,149,000","17,207,000","15,850,000","16,231,000","16,684,000","16,411,000","17,650,000","11,430,000","10,974,000","10,672,000","10,864,000","10,750,000","10,998,000","9,939,000","9,841,000","9,433,000","9,874,000","9,302,000","9,388,000","9,063,000","8,909,000","9,079,000","9,219,000","14,614,000","11,704,000","11,913,000","11,693,000","11,651,000","11,360,000","11,339,000","11,437,000","12,205,000","4,449,000","4,213,000","3,916,000","3,954,000","4,185,000","4,230,000","4,071,000","3,317,000","4,821,000","4,229,000","5,314,000",,,,,,,,,,,,,,,,,,,,,,,,,,,,,,,,,,,,,,,,,,,,,,,,,,,,,,,,,,,,,,,,,,,,,,,,,,,,,,,,,,,,,,,,,,,,,,
OtherIncomeExpense,"30,963,000","24,923,000","-19,526,000","4,889,000","20,677,000","-22,045,000","-6,456,000","-576,000","-2,451,000","-60,661,000","-13,617,000","-9,212,000","-8,637,000","-18,468,000","7,699,000","-118,000","-623,000","-5,897,000","32,150,000","4,977,000","-10,603,000","-279,000","-992,000","-670,000","-1,355,000","-9,415,000","-2,099,000","-6,629,000","-242,000","-570,000","-13,279,000","-778,000","-4,299,000","-29,559,000","-1,881,000","-20,293,000","-3,762,000","-78,814,000","-10,258,000","-5,372,000","-7,762,000","-14,274,000","-16,000","390,000","-2,162,000","-8,934,000","-2,687,000","15,582,000","501,000","-840,000","-12,383,000","-128,000","-7,823,000","-22,569,000","-7,957,000","276,000","-350,000","-8,103,000","-803,000","9,785,000","-7,662,000","-412,000","456,000","-150,000","-894,000","-55,692,000","304,000","-15,748,000","-194,000","-4,943,000","610,000",,"-797,000","-55,225,000","190,000","3,836,000","-13,322,000","-32,560,000","-4,731,000","-7,661,000","-15,331,000","-62,526,000","-1,890,000","-2,463,000","-732,000","6,219,000","-34,261,000","-219,000","-11,279,000","-10,300,000","-30,800,000","-20,700,000","-4,000,000","-3,500,000","3,900,000","26,900,000","34,900,000","-1,600,000","700,000","-30,800,000","-2,100,000","-2,100,000","-2,300,000","-1,100,000","-1,900,000","2,500,000","1,200,000","-200,000","1,400,000","-71,000,000","-2,100,000","700,000","900,000","4,100,000","500,000","1,900,000","900,000","2,900,000","300,000","800,000","1,200,000","1,000,000","600,000","900,000","1,600,000","1,400,000","2,200,000","5,200,000","1,200,000","6,600,000","1,900,000","-600,000",,,,,,,,,,,,,,,
	GainOnSaleOfSecurity,"10,985,000","2,419,000","-19,365,000","8,633,000","19,298,000",,,,,,,,,,,,,,,,,,,,,,,,,,,,,,,,,,,,,,,,,,,,,,,,,,,,,,,,,,,,,,,,,,,,,,,,,,,,,,,,,,,,,,,,,,,,,,,,,,,,,,,,,,,,,,,,,,,,,,,,,,,,,,,,,,,,,,,,,,,,,,
	SpecialIncomeCharges,"-16,432,000","-3,414,000","-2,211,000","-5,063,000","-5,556,000","3,062,000","-4,059,000","-1,158,000","-5,858,000","-33,630,000","-14,539,000","-6,497,000","-9,772,000","1,755,000","6,523,000","0","-6,578,000","255,000","-3,269,000","-301,000","-9,651,000","568,000","-603,000","473,000",,"-8,752,000","118,000","-4,956,000","0","579,000","-11,092,000","-742,000","-2,135,000","-16,946,000","-1,126,000","-19,277,000","-3,310,000","-75,898,000","-10,258,000","-5,372,000","-7,762,000","-14,274,000","-16,000","390,000","-2,162,000","-8,934,000","-2,687,000","15,582,000","501,000","-840,000","-12,383,000","-128,000","-7,823,000","-22,569,000","-7,957,000","276,000","-350,000","-8,103,000","-803,000","9,785,000","-7,662,000","-412,000","456,000","-150,000","-894,000","-55,692,000","304,000","-15,748,000","-194,000","-4,943,000","610,000",,"-797,000","-55,225,000","190,000","3,836,000","-13,322,000","-32,560,000","-4,731,000","-7,661,000","-15,331,000","-62,526,000","-1,890,000","-2,463,000","-732,000","6,219,000","-34,261,000","-219,000","-11,279,000","-10,300,000","-30,800,000","-20,700,000","-4,000,000","-3,500,000","3,900,000","26,900,000","34,900,000","-1,600,000","700,000","-30,800,000","-2,100,000","-2,100,000","-2,300,000","-1,100,000","-1,900,000","2,500,000","1,200,000","-200,000","1,400,000","-71,000,000","-2,100,000","700,000","900,000","4,100,000","500,000","1,900,000","900,000","2,900,000","300,000","800,000","1,200,000","1,000,000","600,000","900,000","1,600,000","1,400,000","2,200,000","5,200,000","1,200,000","6,600,000","1,900,000","-600,000",,,,,,,,,,,,,,,
		RestructuringAndMergernAcquisition,"16,432,000","3,414,000","2,211,000","5,063,000","5,556,000","-3,062,000","4,059,000","1,158,000","5,858,000","1,560,000","14,068,000","6,161,000","7,639,000","-1,942,000","6,508,000","0","6,578,000","-255,000","3,269,000","301,000","9,651,000","-568,000","603,000","-473,000",,"8,752,000","-118,000","4,956,000","0","-579,000","11,092,000","742,000","2,135,000","10,215,000","1,126,000","19,277,000","3,310,000","4,103,000","9,672,000","5,203,000","6,159,000","10,112,000","0","3,340,000",,"9,130,000","0","9,850,000","0","25,000","12,383,000","0","7,823,000","-719,000","7,214,000","-305,000",,"6,834,000","-1,432,000","4,547,000","4,438,000","-3,350,000",,"-290,000",,"7,820,000",,"14,935,000","194,000",,,,"1,160,000","-545,000","179,000","-2,728,000","-445,000","31,690,000",,,"5,484,000","13,779,000","-2,500,000","-1,000,000","-1,500,000",,,,,,,,,,,,,,,,,,,,,,,,,,,,,,,,,,,,,,,,,,,,,,,,,,,,,,,,,,,,,,
		ImpairmentOfCapitalAssets,,,"30",,,,,,,,,,,,,,,,,,,,,,,,,,,"0",,,,"6,731,000",,,,"74,153,000",,,,,,,,,,,,,,,,,,,,,,,,,,,,,,,,,,,,,,,,,,,,,,,,,,,,,,,,,,,,,,,,,,,,,,,,,,,,,,,,,,,,,,,,,,,,,,,,,,,,,,,,,,,,,
		WriteOff,,,,,,,,,,,,,,,,,,,,,,,,,,,,,,"0",,,,"6,731,000",,,,"74,153,000",,,,,,,,,,,,,,,,,,,,,,,,,,,,,,,,,,,,,,,,,,,,,,,,,,,,,,,,,,,,,,,,,,,,,,,,,,,,,,,,,,,,,,,,,,,,,,,,,,,,,,,,,,,,,
		OtherSpecialCharges,"32,541,000",,,,,,,,,"32,070,000","471,000",,,,,,,,,,,,,,,,,,,,,,,,,,,,"586,000","169,000","1,603,000","1,156,000","16,000","-3,730,000",,"-196,000","2,687,000","-25,432,000","-501,000",,"798,000","128,000",,"23,288,000","743,000","29,000",,"1,269,000","2,235,000","-14,332,000","3,224,000","3,762,000",,"440,000",,"47,872,000",,"813,000",,,,,"-363,000","55,770,000","-369,000","-1,108,000","13,767,000","870,000",,,"9,847,000","48,747,000","4,390,000","3,463,000","2,232,000",,,,,,,,,,,,,,,,,,,,,,,,,,,,,,,,,,,,,,,,,,,,,,,,,,,,,,,,,,,,,,
		GainOnSaleOfBusiness,,,,,,"0","0","0","0","0","0","-336,000","-2,133,000","-187,000","13,031,000","0",,,,,,,,,,,,,,,,,,,,,,,,,,,,,,,,,,,,,,,,,,,,,,,,,,,,,,,,,,,,,,,,,,,,,,,,,,,,,,,,,,,,,,,,,,,,,,,,,,,,,,,,,,,,,,,,,,,,,,,,,,,,,,,,,,,
	OtherNonOperatingIncomeExpenses,"36,410,000","25,918,000","2,050,000","1,319,000","6,935,000","-25,107,000","-2,397,000","582,000","3,407,000","-27,031,000","922,000","-2,715,000","1,135,000","-20,223,000","1,176,000","-118,000","5,955,000","-6,152,000","35,419,000","5,278,000","-952,000","-847,000","-389,000","-1,143,000","-1,355,000","-663,000","-2,217,000","-1,673,000","-242,000","-1,149,000","-2,187,000","-36,000","-2,164,000","-12,613,000","-755,000","-1,016,000","-452,000","-558,000",,,,,,,,,,,,,,,,,,,,,,,,,,,,,,,,,,,,,,,,,,,,,,,,,,,,,,,,,,,,,,,,,,,,,,,,,,,,,,,,,,,,,,,,,,,,,,,,,,,,,,,,,,,,,
PretaxIncome,"1,279,886,000","311,679,000","161,668,000","326,057,000","480,482,000","473,091,000","233,757,000","164,827,000","34,689,000","65,296,000","63,254,000","71,827,000","36,765,000","79,429,000","78,041,000","71,708,000","28,505,000","80,889,000","105,054,000","70,792,000","39,983,000","50,622,000","69,965,000","65,800,000","57,681,000","74,813,000","63,954,000","57,288,000","47,960,000","20,647,000","47,810,000","60,673,000","39,443,000","57,816,000","44,856,000","26,799,000","23,861,000","-42,740,000","31,346,000","38,429,000","23,552,000","-32,743,000","30,292,000","-33,219,000","33,586,000","44,853,000","34,737,000","63,992,000","36,060,000","54,408,000","21,599,000","33,762,000","20,908,000","34,952,000","39,252,000","42,085,000","31,072,000","45,681,000","40,556,000","44,674,000","20,378,000","50,954,000","36,738,000","33,879,000","29,165,000","-1,948,000","34,609,000","19,779,000","27,320,000","51,786,000","34,407,000","29,285,000","17,996,000","39,470,000","20,630,000","15,863,000","4,921,000","-975,000","11,963,000","4,536,000","-39,500,000","-43,780,000","28,910,000","45,675,000","37,459,000","56,038,000","17,608,000","43,530,000","27,313,000","45,700,000","-8,900,000","-4,200,000","21,900,000","33,300,000","24,100,000","44,900,000","53,700,000","31,300,000","21,100,000","-12,900,000","14,500,000","21,100,000","20,900,000","20,300,000","18,000,000","30,000,000","20,300,000","20,200,000","15,500,000","16,800,000","-59,300,000","25,100,000","22,000,000","37,500,000","24,000,000","31,700,000","28,700,000","31,400,000","30,700,000","32,300,000","26,800,000","35,100,000","32,000,000","28,900,000","24,300,000","30,500,000","26,300,000","29,000,000","21,400,000","27,400,000","22,900,000","25,300,000",,,,,,,,,,,,,,,
TaxProvision,"336,603,000","121,492,000","33,883,000","80,089,000","101,139,000","92,657,000","57,021,000","27,614,000","974,000","747,000","4,644,000","2,686,000","1,312,000","8,107,000","2,596,000","7,035,000","2,470,000","119,333,000","8,508,000","8,066,000","3,921,000","1,392,000","12,216,000","4,578,000","10,176,000","6,329,000","9,057,000","8,292,000","7,649,000","-10,667,000","4,912,000","8,670,000","5,124,000","-10,584,000","4,557,000","-137,000","-8,428,000","-26,548,000","2,357,000","4,861,000","1,476,000","46,579,000","3,591,000","-5,326,000","7,686,000","2,291,000","8,192,000","10,137,000","9,953,000","15,701,000","5,578,000","10,807,000","5,847,000","7,734,000","-4,506,000","10,339,000","7,649,000","-8,929,000","9,454,000","11,371,000","5,559,000","9,885,000","7,823,000","7,559,000","7,145,000","3,279,000","8,464,000","-14,330,000","7,568,000","13,855,000","9,806,000","8,361,000","5,219,000","12,618,000","6,499,000","5,155,000","1,599,000","-1,673,000","2,213,000","821,000","-10,216,000","11,434,000","7,299,000","14,799,000","13,963,000","19,414,000","15,528,000","12,410,000","11,070,000","16,800,000","-3,100,000","-1,500,000","7,800,000","12,800,000","8,700,000","13,300,000","19,200,000","10,800,000","7,200,000","500,000","4,900,000","6,800,000","6,700,000","6,200,000","6,100,000","11,100,000","6,600,000","7,900,000","6,100,000","8,700,000","-2,400,000","8,700,000","7,600,000","13,300,000","8,800,000","10,600,000","9,600,000","5,500,000","8,600,000","10,500,000","8,700,000","11,400,000","10,400,000","9,400,000","7,900,000","9,400,000","7,900,000","9,100,000","6,700,000","8,200,000","6,400,000","7,800,000",,,,,,,,,,,,,,,
NetIncomeCommonStockholders,"943,157,000","190,184,000","127,738,000","245,930,000","379,305,000","380,361,000","176,699,000","137,162,000","33,665,000","64,501,000","58,558,000","69,087,000","35,412,000","71,292,000","76,548,000","64,063,000","26,024,000","-41,117,000","91,078,000","204,069,000","38,603,000","64,849,000","58,127,000","63,857,000","47,466,000","68,254,000","54,863,000","48,974,000","40,334,000","30,787,000","42,277,000","50,490,000","34,224,000","66,873,000","40,198,000","27,925,000","32,216,000","-15,856,000","29,594,000","33,633,000","22,569,000","-79,739,000","35,319,000","28,553,000","23,522,000","288,494,000","13,391,000","57,643,000","24,391,000","39,946,000","13,589,000","21,505,000","10,559,000","30,663,000","51,902,000","23,706,000","20,138,000","52,562,000","30,745,000","33,687,000","14,692,000","41,728,000","29,753,000","24,485,000","23,617,000","187,549,000","31,833,000","28,898,000","19,829,000","37,923,000","24,014,000","20,835,000","13,271,000","27,930,000","14,269,000","8,398,000","2,362,000","-2,628,000","7,146,000","-9,096,000","-29,560,000","-49,620,000","31,219,000","29,409,000","23,496,000","36,624,000","2,080,000","35,573,000","16,243,000","32,800,000","103,800,000","3,600,000","14,100,000","20,500,000","15,400,000","31,600,000","34,500,000","20,800,000","14,600,000","-11,900,000","10,100,000","16,200,000","15,600,000","15,600,000","12,800,000","21,900,000","16,000,000","16,300,000","13,700,000","12,000,000","-48,300,000","16,400,000","14,400,000","24,200,000","15,200,000","21,100,000","-1,400,000","25,900,000","22,100,000","21,800,000","18,100,000","23,700,000","21,600,000","19,500,000","16,400,000","21,100,000","18,400,000","19,900,000","14,700,000","19,200,000","16,500,000","17,500,000",,,,,,,,,,,,,,,
	NetIncome,"943,157,000","190,184,000","127,738,000","245,930,000","379,305,000","380,361,000","176,699,000","137,162,000","33,665,000","64,501,000","58,558,000","69,087,000","35,412,000","71,292,000","76,548,000","64,063,000","26,024,000","-41,117,000","91,078,000","204,069,000","38,603,000","64,849,000","58,127,000","63,857,000","47,466,000","68,254,000","54,863,000","48,974,000","40,334,000","30,787,000","42,277,000","50,490,000","34,224,000","66,873,000","40,198,000","27,925,000","32,216,000","-15,856,000","29,594,000","33,633,000","22,569,000","-79,739,000","35,319,000","28,553,000","23,522,000","288,494,000","13,391,000","57,643,000","24,391,000","39,946,000","13,589,000","21,505,000","10,559,000","30,663,000","51,902,000","23,706,000","20,138,000","52,562,000","30,745,000","33,687,000","14,692,000","41,728,000","29,753,000","24,485,000","23,617,000","187,549,000","31,833,000","28,898,000","19,829,000","37,923,000","24,014,000","20,835,000","13,271,000","27,930,000","14,269,000","8,398,000","2,362,000","-2,628,000","7,146,000","-9,096,000","-29,560,000","-49,620,000","31,219,000","29,409,000","23,496,000","36,624,000","2,080,000","35,573,000","16,243,000","32,800,000","103,800,000","3,600,000","14,100,000","20,500,000","15,400,000","31,600,000","34,500,000","20,800,000","14,600,000","-11,900,000","10,100,000","16,200,000","15,600,000","15,600,000","12,800,000","21,900,000","16,000,000","16,300,000","13,700,000","12,000,000","-48,300,000","16,400,000","14,400,000","24,200,000","15,200,000","21,100,000","-1,400,000","25,900,000","22,100,000","21,800,000","18,100,000","23,700,000","21,600,000","19,500,000","16,400,000","21,100,000","18,400,000","19,900,000","14,700,000","19,200,000","16,500,000","17,500,000",,,,,,,,,,,,,,,
		NetIncomeIncludingNoncontrollingInterests,"943,157,000","190,184,000","127,738,000","245,930,000","379,305,000","380,361,000","176,699,000","137,162,000","33,665,000","64,501,000","58,558,000","69,087,000","35,412,000","71,292,000","76,548,000","64,063,000","26,024,000","-41,117,000","91,078,000","204,069,000","38,603,000","64,849,000","58,127,000","63,857,000","47,466,000","68,254,000","54,863,000","48,974,000","40,334,000","30,787,000","42,277,000","50,490,000","34,224,000","66,873,000","40,198,000","27,925,000","32,216,000","-15,856,000","29,594,000","33,633,000","22,569,000","-79,739,000","35,319,000","28,553,000","23,522,000","288,494,000","13,391,000","57,643,000","24,391,000","39,946,000","13,589,000","21,505,000","10,559,000","30,663,000","51,902,000","23,706,000","20,138,000","52,562,000","30,745,000","33,687,000","14,692,000","41,728,000","29,753,000","24,485,000","23,617,000","187,549,000","31,833,000","28,898,000","19,829,000","37,923,000","24,014,000","20,835,000","13,271,000","27,930,000","14,269,000","8,398,000","2,362,000","-2,628,000","7,146,000","-9,096,000","-29,560,000","-49,620,000","31,219,000","29,409,000","23,496,000","36,624,000","2,080,000","35,573,000","16,243,000","32,800,000","103,800,000","3,600,000","14,100,000","20,500,000","15,400,000","31,600,000","34,500,000","20,800,000","14,600,000","-11,900,000","10,100,000","16,200,000","15,600,000","15,600,000","12,800,000","21,900,000","16,000,000","16,300,000","13,700,000","12,000,000","-48,300,000","16,400,000","14,400,000","24,200,000","15,200,000","21,100,000","-1,400,000","25,900,000","22,100,000","21,800,000","18,100,000","23,700,000","21,600,000","19,500,000","16,400,000","21,100,000","18,400,000","19,900,000","14,700,000","19,200,000","16,500,000","17,500,000","16,700,000","18,400,000","14,600,000","19,000,000","16,700,000","14,300,000","13,900,000","14,600,000","12,600,000","11,300,000","8,900,000","11,700,000","13,000,000","16,300,000","13,500,000"
			NetIncomeContinuousOperations,"943,283,000","190,187,000","127,785,000","245,968,000","379,343,000","380,434,000","176,736,000","137,213,000","33,715,000","64,549,000","58,610,000","69,141,000","35,453,000","71,322,000","75,445,000","64,673,000","26,035,000","-38,444,000","96,546,000","62,726,000","36,062,000","49,230,000","57,749,000","61,222,000","47,505,000","68,484,000","54,897,000","48,996,000","40,311,000","31,314,000","42,898,000","52,003,000","34,319,000","68,400,000","40,299,000","26,936,000","32,289,000","-16,192,000","28,989,000","33,568,000","22,076,000","-79,322,000","26,701,000","-27,893,000","25,900,000","42,562,000","26,545,000","53,855,000","26,107,000","38,707,000","16,021,000","22,955,000","15,061,000","27,218,000","43,758,000","31,746,000","23,423,000","54,610,000","31,102,000","33,303,000","14,819,000","41,069,000","28,915,000","26,320,000","22,020,000","-5,227,000","26,145,000","34,109,000","19,752,000","37,931,000","24,601,000","20,924,000","12,777,000","26,852,000","14,131,000","10,708,000","3,322,000","698,000","9,750,000","3,715,000","-29,284,000","-55,214,000","21,611,000","30,876,000","23,496,000","36,624,000","2,080,000","31,120,000","16,243,000","28,900,000","-5,800,000","-2,700,000","14,100,000","20,500,000","15,400,000","31,600,000","34,500,000","20,500,000","13,900,000","-13,400,000","9,600,000","14,300,000","14,200,000","14,100,000","11,900,000","18,900,000","13,700,000","12,300,000","9,400,000","8,100,000","-56,900,000","16,400,000","14,400,000","24,200,000","15,200,000","21,100,000","19,100,000","25,900,000","22,100,000","21,800,000","18,100,000","23,700,000","21,600,000","19,500,000","16,400,000","21,100,000","18,400,000","19,900,000","14,700,000","19,200,000","16,500,000","17,500,000","16,700,000","18,400,000","14,600,000","19,000,000","16,700,000","14,300,000","13,900,000","14,600,000","12,600,000","11,300,000","8,900,000","11,700,000","13,000,000","16,300,000","13,500,000"
			NetIncomeDiscontinuousOperations,"-126,000","-3,000","-47,000","-38,000","-38,000","-73,000","-37,000","-51,000","-50,000","-48,000","-52,000","-54,000","-41,000","-30,000","1,103,000","-610,000","-11,000","-2,673,000","-5,468,000","141,343,000","2,541,000","15,619,000","378,000","2,635,000","-39,000","-230,000","-34,000","-22,000","23,000","-527,000","-621,000","-1,513,000","-95,000","-1,527,000","-101,000","989,000","-73,000","336,000","605,000","65,000","493,000","-2,902,000","8,618,000","660,000","-2,378,000","245,932,000","-13,154,000","3,788,000","-1,716,000","1,239,000","-2,432,000","-1,450,000","-4,502,000","3,445,000","8,144,000","-8,040,000","-3,285,000","-2,048,000","-357,000","384,000","-127,000","659,000","838,000","-1,835,000","1,597,000","192,776,000","5,688,000","-5,211,000","77,000","-8,000","-587,000","-89,000","494,000","1,078,000","138,000","-2,310,000","-960,000","-3,326,000","-2,604,000","-12,811,000","3,324,000","5,594,000","9,608,000","-1,467,000",,"0",,"4,453,000",,"3,900,000","109,600,000","6,300,000",,,,,,"300,000","700,000","1,500,000","500,000","1,900,000","1,400,000","1,500,000","900,000","3,000,000","2,300,000","4,000,000","4,300,000","3,900,000","8,600,000",,,,,,,,,,,,,,,,,,,,,,,,,,,,,,,,,,,,
			NetIncomeExtraordinary,,,,,,,,,,,,,,,,,,,,,,,,,,,,,,,,,,,,,,,,,,,,,,,,,,,,,,,,,,,,,,,,,,,,,,,,,,,,,,"0",,,,,,,,,,,,,,,,,,,,,,,,,,,,,,,,,,,,"0",,,"-20,500,000",,,,,,,,,,,,,,,,,,,,,,,,,,,,,,
			NetIncomeFromTaxLossCarryforward,,,,,,,,,,,,,,,,,,,,,,,,,,,,,,,,,,,,,,,,,,,,,,,,,,,,,,,,,,,,,,,,,,,,,,,,,,,,,,,,,"-3,600,000",,,,,,,,,,,,,,,,,,,,,,,,,,,,,,,,,,,,,,,,,,,,,,,,,,,,,,,,,,,,,,,,,,
DilutedNIAvailtoComStockholders,"943,157,000","190,184,000","127,738,000","245,930,000","379,305,000","380,361,000","176,699,000","137,162,000","33,665,000","64,501,000","58,558,000","69,087,000","35,412,000","71,292,000","76,548,000","64,063,000","26,024,000","-41,117,000","91,078,000","204,069,000","38,603,000","64,849,000","58,127,000","63,857,000","47,466,000","68,254,000","54,863,000","48,974,000","40,334,000","30,787,000","42,277,000","50,490,000","34,224,000","66,873,000","40,198,000","27,925,000","32,216,000","-15,856,000","29,594,000","33,633,000","22,569,000","-79,739,000","35,319,000","28,553,000","23,522,000","288,494,000","13,391,000","57,643,000","24,391,000","39,946,000","13,589,000","21,505,000","10,559,000","30,663,000","51,902,000","23,706,000","20,138,000","52,562,000","30,745,000","33,687,000","14,692,000","41,728,000","29,753,000","24,485,000","23,617,000","187,549,000","31,833,000","28,898,000","19,829,000","37,923,000","24,014,000","20,835,000","13,271,000","27,930,000","14,269,000","8,398,000","2,362,000","-2,628,000","7,146,000","-9,096,000","-29,560,000","-49,620,000","31,219,000","29,409,000","23,496,000","36,624,000","2,080,000","35,573,000","16,243,000","32,800,000","103,800,000","3,600,000","14,100,000","20,500,000","15,400,000","31,600,000","34,500,000","20,800,000","14,600,000","-11,900,000","10,100,000","16,200,000","15,600,000","15,600,000","12,800,000","21,900,000","16,000,000","16,300,000","13,700,000","12,000,000","-48,300,000","16,400,000","14,400,000","24,200,000","15,200,000","21,100,000","-1,400,000","25,900,000","22,100,000","21,800,000","18,100,000","23,700,000","21,600,000","19,500,000","16,400,000","21,100,000","18,400,000","19,900,000","14,700,000","19,200,000","16,500,000","17,500,000",,,,,,,,,,,,,,,
BasicEPS,,"1.42","1.012","2.194","3.385","3.397","1.58","1.231","0.302","0.58","0.527","0.622","0.318","0.645","0.689","0.579","0.236","-0.373","0.826","1.855","0.352","0.592","0.531","0.586","0.431","0.61","0.484","0.432","0.356","0.274","0.374","0.447","0.303","0.572","0.358","0.249","0.288","-0.138","0.258","0.295","0.199",,"0.312","0.253","0.207",,"0.114","0.489","0.207",,"0.116","0.184","0.09",,"0.44","0.2","0",,"0.26","0.28","0.12",,"0.24","0.19","0.19",,"0.25","0.22","0.15",,"0.19","0.16","0.1",,"0.11","0.07","0.02",,"0.06","-0.07","-0.24",,"0.31","0.29","0.235",,"0.02","0.36","0.17",,"1.135","0.04","0.155",,"0.17","0.345","0.38",,"0.16","-0.13","0.11",,"0.165","0.165","0.135",,"0.16","0.078","0.063",,"-0.22","0.15","0.13",,"0.135","0.185","-0.01",,"0.195","0.195","0.16",,"0.195","0.175","0.145",,"0.165","0.175","0.13",,"0.145","0.15","0.14",,"0.125","0.16","0.14",,"0.125","0.135","0.115",,"0.085","0.11","0.12",,"0.125"
DilutedEPS,,"1.41","1.012","2.19","3.37","3.38","1.57","1.23","0.3","0.58","0.52","0.62","0.318","0.64","0.689","0.57","0.23","-0.373","0.82","1.84","0.35","0.59","0.53","0.58","0.43","0.61","0.48","0.43","0.356","0.27","0.37","0.44","0.3","0.57","0.358","0.249","0.28","-0.14","0.258","0.29","0.199",,"0.31","0.25","0.2",,"0.11","0.489","0.207",,"0.116","0.18","0.09",,"0.43","0.2","0",,"0.26","0.28","0.12",,"0.24","0.19","0.19",,"0.24","0.22","0.15",,"0.19","0.16","0.1",,"0.11","0.07","0.02",,"0.06","-0.07","-0.24",,"0.3","0.28","0.225",,"0.02","0.35","0.16",,"1.135","0.04","0.155",,"0.165","0.34","0.375",,"0.16","-0.13","0.11",,"0.165","0.165","0.135",,"0.16","0.078","0.063",,"-0.22","0.15","0.13",,"0.135","0.185","-0.01",,"0.195","0.195","0.16",,"0.195","0.175","0.145",,"0.165","0.175","0.13",,"0.145","0.15","0.14",,"0.125","0.16","0.14",,"0.125","0.135","0.115",,"0.085","0.11","0.12",,"0.125"
BasicAverageShares,,"126,241,000","126,200,000","112,025,000","112,066,000","112,090,000","111,878,000","111,501,000","111,306,000","111,140,000","111,093,000","111,071,000","111,293,000","110,597,000","111,087,000","110,716,000","110,620,000","110,361,000","110,207,000","110,196,000","109,859,000","109,617,000","109,511,000","109,394,000","109,015,000","112,034,000","111,905,000","113,355,000","113,190,000","112,481,000","112,962,000","112,875,000","113,104,000","112,626,000","112,382,000","111,999,000","111,865,000","115,036,000","114,595,000","114,060,000","113,831,000",,"113,085,000","113,077,000","112,706,000",,"118,034,000","117,189,000","117,790,000",,"116,235,000","116,408,000","116,408,000",,"118,347,000","117,811,000","117,305,000",,"117,583,000","118,911,000","121,685,000",,"124,277,000","126,119,000","127,918,000",,"129,543,000","129,034,000","128,828,000",,"127,562,000","127,121,000","126,685,000",,"126,287,000","125,707,000","125,649,000",,"126,240,000","124,901,000","124,864,000",,"101,133,000","100,622,000","100,014,000",,"98,500,000","98,070,000","96,926,000",,"91,453,744","90,000,000","90,967,742",,"90,588,235","91,594,203","90,789,474",,"91,250,000","91,538,462","91,818,182",,"94,545,455","94,545,455","94,814,815",,"100,000,000","105,380,000","106,282,000",,"110,000,000","109,333,333","110,769,231",,"112,592,593","114,054,054","140,000,000",,"113,333,333","111,794,872","113,125,000",,"110,769,231","111,428,571","113,103,448",,"111,515,152","113,714,286","113,076,923",,"113,793,103","116,666,667","119,284,000",,"111,076,000","111,080,000","111,152,000",,"111,080,000","109,724,000","109,724,000",,"109,248,000","108,876,000","108,876,000",,"107,800,000"
DilutedAverageShares,,"126,715,000","126,200,000","112,417,000","112,495,000","112,537,000","112,292,000","111,869,000","111,643,000","111,625,000","111,559,000","111,528,000","111,293,000","111,609,000","111,747,000","111,452,000","111,330,000","110,361,000","110,993,000","110,762,000","110,204,000","110,137,000","110,078,000","109,844,000","111,195,000","112,563,000","113,422,000","113,833,000","113,439,000","113,448,000","113,759,000","113,971,000","113,777,000","113,463,000","113,115,000","112,718,000","114,716,000","115,036,000","114,998,000","114,578,000","114,119,000",,"113,425,000","113,623,000","115,140,000",,"118,207,000","118,304,000","117,931,000",,"116,641,000","116,408,000","116,552,000",,"119,609,000","119,263,000","118,459,000",,"119,453,000","120,689,000","123,263,000",,"125,171,000","127,401,000","129,715,000",,"131,291,000","130,718,000","131,056,000",,"129,395,000","129,362,000","128,933,000",,"128,034,000","126,898,000","126,375,000",,"126,775,000","125,556,000","124,864,000",,"104,341,000","104,097,000","104,100,000",,"102,846,000","101,592,000","100,822,000",,"91,453,744","90,000,000","90,967,742",,"93,333,333","92,941,176","92,000,000",,"91,250,000","91,538,462","91,818,182",,"94,545,455","94,545,455","94,814,815",,"100,000,000","105,380,000","106,282,000",,"110,000,000","109,333,333","110,769,231",,"112,592,593","114,054,054","140,000,000",,"113,333,333","111,794,872","113,125,000",,"110,769,231","111,428,571","113,103,448",,"111,515,152","113,714,286","113,076,923",,"113,793,103","116,666,667","119,284,000",,"111,076,000","111,080,000","111,152,000",,"111,080,000","109,724,000","109,724,000",,"109,248,000","108,876,000","108,876,000",,"107,800,000"
TotalOperatingIncomeAsReported,"1,332,378,000","310,144,000","221,970,000","332,488,000","467,776,000","510,254,000","248,006,000","175,639,000","44,682,000","138,248,000","78,660,000","91,735,000","53,330,000","115,683,000","80,202,000","88,064,000","39,935,000","97,420,000","79,807,000","75,997,000","51,579,000","61,878,000","81,228,000","71,193,000","68,767,000","84,724,000","75,898,000","68,131,000","57,381,000","30,567,000","58,776,000","69,637,000","50,732,000","84,681,000","57,196,000","39,664,000","35,901,000","-30,844,000","43,218,000","49,787,000","36,382,000","-19,912,000","34,208,000","37,490,000","39,342,000","48,321,000","41,417,000","42,621,000","39,449,000","57,505,000","26,420,000","37,943,000","25,745,000","64,253,000","45,302,000","47,033,000","36,382,000","51,082,000","45,836,000","48,104,000","23,144,000","52,202,000","36,515,000","35,693,000","28,992,000","50,712,000","40,702,000","27,670,000","35,594,000","64,214,000","42,891,000","39,150,000","27,537,000","54,063,000","33,917,000","30,023,000","19,268,000","5,111,000","16,694,000","12,197,000","-31,153,000","-64,073,000","33,300,000","53,599,000","51,194,000","49,819,000","51,869,000","43,749,000","38,592,000","56,100,000","21,800,000","16,400,000","25,800,000","36,900,000","20,200,000","18,100,000","18,800,000","33,000,000","20,400,000","18,000,000","16,400,000","23,200,000","23,200,000","21,400,000","19,900,000","27,500,000","19,200,000","20,500,000","15,700,000","89,900,000","-55,900,000","25,500,000","21,900,000","34,900,000","25,100,000","31,400,000","29,400,000","30,300,000","32,200,000","33,500,000","27,200,000","36,400,000","33,300,000","30,400,000","25,100,000","31,900,000","26,500,000","26,400,000","22,800,000","29,900,000","21,000,000","25,800,000",,,,,,,,,,,,,,,
TotalExpenses,"3,718,359,000","1,050,767,000","942,503,000","890,920,000","834,169,000","847,414,000","711,960,000","634,921,000","601,856,000","665,688,000","614,195,000","624,621,000","587,768,000","642,608,000","587,603,000","615,298,000","597,459,000","544,473,000","471,199,000","470,965,000","452,885,000","394,802,000","466,223,000","496,385,000","469,917,000","514,640,000","487,656,000","490,819,000","469,520,000","578,402,000","472,181,000","485,791,000","479,037,000","491,653,000","465,955,000","484,356,000","466,167,000","525,509,000","456,714,000","466,800,000","468,349,000","546,986,000","419,532,000","438,661,000","408,522,000","412,519,000","377,726,000","445,368,000","425,643,000","451,458,000","398,262,000","396,632,000","398,006,000","357,835,000","452,601,000","481,908,000","445,961,000","453,557,000","391,264,000","384,639,000","373,816,000","378,134,000","350,402,000","341,598,000","326,462,000","323,029,000","321,199,000","382,941,000","380,464,000","414,392,000","360,512,000","373,464,000","364,754,000","379,046,000","332,989,000","349,829,000","339,626,000","372,780,000","349,317,000","323,474,000","330,747,000","342,472,000","271,331,000","338,211,000","373,510,000","412,594,000","379,994,000","354,956,000","363,694,000","371,100,000","366,600,000","287,900,000","331,700,000","315,300,000","323,300,000","338,200,000","337,100,000","353,800,000","338,000,000","350,700,000","330,600,000","346,700,000","331,500,000","334,500,000","326,900,000","350,000,000","342,400,000","321,800,000","322,500,000","250,200,000","392,800,000","620,500,000","654,600,000","605,800,000","721,100,000","630,700,000","619,500,000","658,900,000","716,800,000","662,300,000","627,600,000","603,700,000","712,600,000","635,300,000","611,700,000","582,200,000","660,500,000","585,800,000","538,200,000","392,600,000","405,100,000","384,900,000",,,,,,,,,,,,,,,
NetIncomeFromContinuingAndDiscontinuedOperation,"943,157,000","190,184,000","127,738,000","245,930,000","379,305,000","380,361,000","176,699,000","137,162,000","33,665,000","64,501,000","58,558,000","69,087,000","35,412,000","71,292,000","76,548,000","64,063,000","26,024,000","-41,117,000","91,078,000","204,069,000","38,603,000","64,849,000","58,127,000","63,857,000","47,466,000","68,254,000","54,863,000","48,974,000","40,334,000","30,787,000","42,277,000","50,490,000","34,224,000","66,873,000","40,198,000","27,925,000","32,216,000","-15,856,000","29,594,000","33,633,000","22,569,000","-79,739,000","35,319,000","28,553,000","23,522,000","288,494,000","13,391,000","57,643,000","24,391,000","39,946,000","13,589,000","21,505,000","10,559,000","30,663,000","51,902,000","23,706,000","20,138,000","52,562,000","30,745,000","33,687,000","14,692,000","41,728,000","29,753,000","24,485,000","23,617,000","187,549,000","31,833,000","28,898,000","19,829,000","37,923,000","24,014,000","20,835,000","13,271,000","27,930,000","14,269,000","8,398,000","2,362,000","-2,628,000","7,146,000","-9,096,000","-25,960,000","-49,620,000","31,219,000","29,409,000","23,496,000","36,624,000","2,080,000","35,573,000","16,243,000","32,800,000","103,800,000","3,600,000","14,100,000","20,500,000","15,400,000","31,600,000","34,500,000","20,800,000","14,600,000","-11,900,000","10,100,000","16,200,000","15,600,000","15,600,000","12,800,000","21,900,000","16,000,000","16,300,000","13,700,000","12,000,000","-48,300,000","16,400,000","14,400,000","24,200,000","15,200,000","21,100,000","19,100,000","25,900,000","22,100,000","21,800,000","18,100,000","23,700,000","21,600,000","19,500,000","16,400,000","21,100,000","18,400,000","19,900,000","14,700,000","19,200,000","16,500,000","17,500,000",,,,,,,,,,,,,,,
NormalizedIncome,"947,297,439","190,794,150.514","144,830,040","243,276,220","368,500,562","377,971,706.471","179,804,604","138,176,456","39,408,976","97,794,265.713","72,087,653","75,397,611","44,873,208","69,746,125.823","69,137,259","64,673,000","32,040,714","-38,597,000","99,550,211","62,992,686","44,767,202","48,677,618.822","58,246,475","60,782,110","47,505,000","76,495,601.834","54,795,756","53,233,380","40,311,000","30,937,650","52,847,524","52,638,894","36,176,450","79,414,900","41,310,148","39,466,050","34,440,500","33,141,700","38,475,670.133","38,260,479.534","29,351,556.726","-67,558,900","26,715,103.262","27,565,528.673","27,567,236.348","51,039,669.454","28,598,326.856","40,741,351.263","25,744,282.113","39,304,593.736","25,206,056.854","23,042,028.02","20,696,268.94","44,793,046.979","48,930,050","31,537,804.776","23,686,840.435","59,876,950","31,717,812.851","26,008,603.819","20,390,850.918","41,401,072.615","28,556,100.768","26,436,532.365","22,694,983.028","28,188,200","25,915,346.442","43,557,800","19,892,259.444","41,551,533.214","24,164,850.089","20,924,000","13,342,862.914","64,422,349.633","14,000,855.065","8,118,585.135","12,315,229.831","20,234,000","13,605,826.298","9,989,386.023","-17,918,101.165","-17,698,400","23,023,825.666","32,540,971.823","23,955,143.917","32,559,532.032","22,636,600","31,276,565.127","23,010,400","35,413,566.74","14,271,910.112","10,607,142.857","16,675,342.466","22,654,654.655","12,907,883.817","12,668,151.448","12,078,212.291","21,547,923.323","13,438,862.559","5,080,000","10,990,344.828","15,723,222.749","15,762,679.426","14,864,039.409","13,156,111.111","17,325,000","12,890,147.783","12,421,782.178","8,550,967.742","50,700,000","-54,884,991.568","15,942,629.482","13,810,909.091","21,554,133.333","14,883,333.333","19,835,331.23","18,501,045.296","23,507,961.783","21,884,039.088","21,260,061.92","17,289,552.239","23,024,786.325","21,195,000","18,892,733.564","15,320,164.609","20,131,475.41","16,860,836.502","16,331,724.138","13,875,700.935","14,575,182.482","15,131,004.367","17,915,019.763",,,,,,,,,,,,,,,
InterestIncome,"2,241,000","919,000","544,000","367,000","411,000","348,000","205,000","192,000","265,000","570,000","292,000","350,000","283,000","387,000","316,000","173,000","265,000","1,059,000","802,000","490,000","220,000","341,000","124,000","127,000","110,000","185,000","147,000","132,000","209,000","292,000","130,000","151,000","94,000","362,000","119,000","64,000","105,000","313,000","74,000","150,000","210,000","530,000","549,000","483,000","322,000","290,000","192,000","169,000","181,000",,"124,000","176,000","477,000",,,,,,,,,,,,,,,,,,,,,,,,,,,,,,,,,,,,,,,,,,,,,,,,,,,,,,,,,,,,,,,,,,,,,,,,,,,,,,,,,,,,,,,,,,,,,,
InterestExpense,"102,128,000","27,721,000","43,531,000","16,750,000","14,126,000","12,404,000","12,057,000","11,586,000","13,665,000","14,421,000","16,149,000","17,207,000","15,850,000","16,231,000","16,684,000","16,411,000","17,650,000","11,430,000","10,974,000","10,672,000","10,864,000","10,750,000","10,998,000","9,939,000","9,841,000","9,433,000","9,874,000","9,302,000","9,388,000","9,063,000","8,909,000","9,079,000","9,219,000","14,614,000","11,704,000","11,913,000","11,693,000","11,651,000","11,360,000","11,339,000","11,437,000","12,205,000","4,449,000","4,213,000","3,916,000","3,954,000","4,185,000","4,230,000","4,071,000","3,317,000","4,821,000","4,229,000","5,314,000",,,,,,,,,,,,,,,,,,,,,,,,,,,,,,,,,,,,,,,,,,,,,,,,,,,,,,,,,,,,,,,,,,,,,,,,,,,,,,,,,,,,,,,,,,,,,,
NetInterestIncome,"-99,887,000","-26,802,000","-42,987,000","-16,383,000","-13,715,000","-12,056,000","-11,852,000","-11,394,000","-13,400,000","-13,851,000","-15,857,000","-16,857,000","-15,567,000","-15,844,000","-16,368,000","-16,238,000","-17,385,000","-10,371,000","-10,172,000","-10,182,000","-10,644,000","-10,409,000","-10,874,000","-9,812,000","-9,731,000","-9,248,000","-9,727,000","-9,170,000","-9,179,000","-8,771,000","-8,779,000","-8,928,000","-9,125,000","-14,252,000","-11,585,000","-11,849,000","-11,588,000","-11,338,000","-11,286,000","-11,189,000","-11,227,000","-11,675,000","-3,900,000","-3,730,000","-3,594,000","-3,664,000","-3,993,000","-4,061,000","-3,890,000","-2,282,000","-4,821,000","-4,053,000","-4,837,000",,,,,,,,,,,,,,,,,,,,,,,,,,,,,,,,,,,,,,,,,,,,,,,,,,,,,,,,,,,,,,,,,,,,,,,,,,,,,,,,,,,,,,,,,,,,,,
EBIT,"1,382,014,000","339,400,000","205,199,000","342,807,000","494,608,000","485,495,000","245,814,000","176,413,000","48,354,000","79,717,000","79,403,000","89,034,000","52,615,000","95,660,000","94,725,000","88,119,000","46,155,000","92,319,000","116,028,000","81,464,000","50,847,000","61,372,000","80,963,000","75,739,000","67,522,000","84,246,000","73,828,000","66,590,000","57,348,000","29,710,000","56,719,000","69,752,000","48,662,000","72,430,000","56,560,000","38,712,000","35,554,000","-31,089,000","42,706,000","49,768,000","34,989,000","-20,538,000","34,741,000","-29,006,000","37,502,000","48,807,000","38,922,000","68,222,000","40,131,000","57,725,000","26,420,000","37,991,000","26,222,000","63,534,000","52,516,000","46,728,000","36,382,000","57,916,000","44,404,000","52,651,000","29,084,000","48,852,000","36,515,000","35,403,000","28,992,000","58,532,000","40,702,000","42,605,000","35,788,000","64,214,000","42,891,000","39,150,000","28,697,000","53,518,000","34,096,000","27,295,000","18,823,000","36,801,000","16,694,000","12,197,000","-25,669,000","18,746,000","30,800,000","52,599,000","52,187,000","49,819,000","51,869,000","43,749,000","38,592,000","56,100,000","21,800,000","16,400,000","25,800,000","36,900,000","20,200,000","18,100,000","18,800,000","33,000,000","20,400,000","18,000,000","16,400,000","23,200,000","23,200,000","21,400,000","19,900,000","27,500,000","19,200,000","20,500,000","15,700,000","89,900,000","-55,900,000","25,500,000","21,900,000","34,900,000","25,100,000","31,400,000","29,400,000","30,300,000","32,200,000","33,500,000","27,200,000","36,400,000","33,300,000","30,400,000","25,100,000","31,900,000","26,500,000","26,400,000","22,800,000","29,900,000","21,000,000","25,800,000","390,900,000","-922,000,000","348,500,000","339,100,000","332,600,000","-840,400,000","319,200,000","303,800,000","296,600,000","-801,700,000","288,000,000","286,500,000","287,300,000","-765,400,000","290,400,000"
EBITDA,"1,740,018,000"
ReconciledCostOfRevenue,"2,215,869,000","615,201,000","534,848,000","543,277,000","522,543,000","527,541,000","436,580,000","364,374,000","344,373,000","407,315,000","364,648,000","374,724,000","340,931,000","380,099,000","341,986,000","363,222,000","351,750,000","334,535,000","285,453,000","289,459,000","274,504,000","218,938,000","287,255,000","307,384,000","288,587,000","326,105,000","308,833,000","311,394,000","291,527,000","330,788,000","298,740,000","308,186,000","296,384,000","317,002,000","290,765,000","300,998,000","280,493,000","311,263,000","278,864,000","282,996,000","278,876,000","298,386,000","254,193,000","270,486,000","247,643,000","261,641,000","233,360,000","285,035,000","266,460,000","292,192,000","249,495,000","247,102,000","243,619,000","219,641,000","293,957,000","308,996,000","284,766,000","297,902,000","257,167,000","263,312,000","244,210,000","248,132,000","230,976,000","225,412,000","213,767,000","238,278,000","197,518,000","240,318,000","234,200,000","261,440,000","231,242,000","233,181,000","226,925,000","231,471,000","200,028,000","208,015,000","205,320,000","241,083,000","219,256,000","187,663,000","197,584,000","198,270,000","163,112,000","215,887,000","246,804,000","241,636,000","230,487,000","218,545,000","227,759,000","227,800,000","228,100,000","182,500,000","249,400,000","232,700,000","248,600,000","257,400,000","252,600,000","267,600,000","255,100,000","268,500,000","248,900,000","258,300,000","251,300,000","250,900,000","247,300,000","262,100,000","264,400,000","241,600,000","244,400,000","210,500,000","254,900,000","548,700,000","586,900,000","536,200,000","653,000,000","562,400,000","553,100,000","580,400,000","649,700,000","593,100,000","564,000,000","536,500,000","652,000,000","571,600,000","546,400,000","523,600,000","605,600,000","529,800,000","481,800,000","338,500,000","354,800,000","335,200,000",,,,,,,,,,,,,,,
ReconciledDepreciation,"358,004,000","125,069,000","87,113,000","75,636,000","70,186,000","63,986,000","62,474,000","59,289,000","60,758,000","56,908,000","53,324,000","53,324,000","50,469,000","47,202,000","45,161,000","43,772,000","44,453,000","29,493,000","26,002,000","24,758,000","24,747,000","20,685,000","25,891,000","26,439,000","26,957,000","28,250,000","27,164,000","28,259,000","28,334,000","29,903,000","28,926,000","28,464,000","29,443,000","32,018,000","33,643,000","32,239,000","30,571,000","32,074,000","30,628,000","32,156,000","32,007,000","32,203,000","28,117,000","26,648,000","23,953,000","23,293,000","17,352,000","24,929,000","23,589,000","24,768,000","23,196,000","22,278,000","21,601,000","19,235,000","23,569,000","23,130,000","22,373,000","20,975,000","19,501,000","19,820,000","20,536,000","18,321,000","17,606,000","17,001,000","16,548,000","68,528,000","14,151,000","21,653,000","20,051,000","23,109,000","19,168,000","20,369,000","21,694,000","23,522,000","21,536,000","23,568,000","21,155,000","24,568,000","27,538,000","21,191,000","22,814,000","12,893,000","17,683,000","26,306,000","27,377,000","27,521,000","22,389,000","18,849,000","18,956,000","13,900,000","22,500,000","17,900,000","11,800,000","15,200,000","11,900,000","11,100,000","12,200,000","11,700,000","11,600,000","10,500,000","10,800,000","11,100,000","11,500,000","9,200,000","9,100,000","11,300,000","9,500,000","9,900,000","8,700,000","10,200,000","8,900,000","8,900,000","8,800,000","8,900,000","9,900,000","9,700,000","9,300,000","9,200,000","8,500,000","10,000,000","8,600,000","8,300,000","8,300,000","8,400,000","8,700,000","7,700,000","7,500,000","7,500,000","7,200,000","6,300,000","6,600,000","6,300,000",,,,,,,,,,,,,,,
NetIncomeFromContinuingOperationNetMinorityInterest,"943,283,000","190,187,000","127,785,000","245,968,000","379,343,000","380,434,000","176,736,000","137,213,000","33,715,000","64,549,000","58,610,000","69,141,000","35,453,000","71,322,000","75,445,000","64,673,000","26,035,000","-38,444,000","96,546,000","62,726,000","36,062,000","49,230,000","57,749,000","61,222,000","47,505,000","68,484,000","54,897,000","48,996,000","40,311,000","31,314,000","42,898,000","52,003,000","34,319,000","68,400,000","40,299,000","26,936,000","32,289,000","-16,192,000","28,989,000","33,568,000","22,076,000","-76,837,000","26,701,000","27,893,000","25,900,000","42,562,000","26,545,000","53,855,000","26,107,000","38,707,000","16,021,000","22,955,000","15,061,000","27,218,000","43,758,000","31,746,000","23,423,000","54,610,000","31,102,000","33,303,000","14,819,000","41,069,000","28,915,000","26,320,000","22,020,000","-5,227,000","26,145,000","34,109,000","19,752,000","37,931,000","24,601,000","20,924,000","12,777,000","26,852,000","14,131,000","10,708,000","3,322,000","698,000","9,750,000","3,715,000","-29,284,000","-55,214,000","21,611,000","30,876,000","23,496,000","36,624,000","2,080,000","31,120,000","16,243,000","28,900,000","-5,800,000","-2,700,000","14,100,000","20,500,000","15,400,000","31,600,000","34,500,000","20,500,000","13,900,000","-13,400,000","9,600,000","14,300,000","14,200,000","14,100,000","11,900,000","18,900,000","13,700,000","12,300,000","9,400,000","8,100,000","-56,900,000","16,400,000","14,400,000","24,200,000","15,200,000","21,100,000","19,100,000","25,900,000","22,100,000","21,800,000","18,100,000","23,700,000","21,600,000","19,500,000","16,400,000","21,100,000","18,400,000","19,900,000","14,700,000","19,200,000","16,500,000","17,500,000",,,,,,,,,,,,,,,
TotalUnusualItemsExcludingGoodwill,"-5,447,000","-995,000","-21,576,000","3,570,000","13,742,000","3,062,000","-4,059,000","-1,158,000","-5,858,000","-33,630,000","-14,539,000","-6,497,000","-9,772,000","1,755,000","6,523,000","0","-6,578,000","255,000","-3,269,000","-301,000","-9,651,000","568,000","-603,000","473,000",,"-8,752,000","118,000","-4,956,000","0","579,000","-11,092,000","-742,000","-2,135,000","-16,946,000","-1,126,000","-19,277,000","-3,310,000","-75,898,000","-10,258,000","-5,372,000","-7,762,000","-14,274,000","-16,000","390,000","-2,162,000","-8,934,000","-2,687,000","15,582,000","501,000","-840,000","-12,383,000","-128,000","-7,823,000","-22,569,000","-7,957,000","276,000","-350,000","-8,103,000","-803,000","9,785,000","-7,662,000","-412,000","456,000","-150,000","-894,000","-55,692,000","304,000","-15,748,000","-194,000","-4,943,000","610,000",,"-797,000","-55,225,000","190,000","3,836,000","-13,322,000","-32,560,000","-4,731,000","-7,661,000","-15,331,000","-62,526,000","-1,890,000","-2,463,000","-732,000","6,219,000","-34,261,000","-219,000","-11,279,000","-10,300,000","-30,800,000","-20,700,000","-4,000,000","-3,500,000","3,900,000","26,900,000","34,900,000","-1,600,000","700,000","-30,800,000","-2,100,000","-2,100,000","-2,300,000","-1,100,000","-1,900,000","2,500,000","1,200,000","-200,000","1,400,000","-71,000,000","-2,100,000","700,000","900,000","4,100,000","500,000","1,900,000","900,000","2,900,000","300,000","800,000","1,200,000","1,000,000","600,000","900,000","1,600,000","1,400,000","2,200,000","5,200,000","1,200,000","6,600,000","1,900,000","-600,000",,,,,,,,,,,,,,,
TotalUnusualItems,"-5,447,000","-995,000","-21,576,000","3,570,000","13,742,000","3,062,000","-4,059,000","-1,158,000","-5,858,000","-33,630,000","-14,539,000","-6,497,000","-9,772,000","1,755,000","6,523,000","0","-6,578,000","255,000","-3,269,000","-301,000","-9,651,000","568,000","-603,000","473,000",,"-8,752,000","118,000","-4,956,000","0","579,000","-11,092,000","-742,000","-2,135,000","-16,946,000","-1,126,000","-19,277,000","-3,310,000","-75,898,000","-10,258,000","-5,372,000","-7,762,000","-14,274,000","-16,000","390,000","-2,162,000","-8,934,000","-2,687,000","15,582,000","501,000","-840,000","-12,383,000","-128,000","-7,823,000","-22,569,000","-7,957,000","276,000","-350,000","-8,103,000","-803,000","9,785,000","-7,662,000","-412,000","456,000","-150,000","-894,000","-55,692,000","304,000","-15,748,000","-194,000","-4,943,000","610,000",,"-797,000","-55,225,000","190,000","3,836,000","-13,322,000","-32,560,000","-4,731,000","-7,661,000","-15,331,000","-62,526,000","-1,890,000","-2,463,000","-732,000","6,219,000","-34,261,000","-219,000","-11,279,000","-10,300,000","-30,800,000","-20,700,000","-4,000,000","-3,500,000","3,900,000","26,900,000","34,900,000","-1,600,000","700,000","-30,800,000","-2,100,000","-2,100,000","-2,300,000","-1,100,000","-1,900,000","2,500,000","1,200,000","-200,000","1,400,000","-71,000,000","-2,100,000","700,000","900,000","4,100,000","500,000","1,900,000","900,000","2,900,000","300,000","800,000","1,200,000","1,000,000","600,000","900,000","1,600,000","1,400,000","2,200,000","5,200,000","1,200,000","6,600,000","1,900,000","-600,000",,,,,,,,,,,,,,,
NormalizedEBITDA,"1,745,465,000","465,464,000","313,888,000","414,873,000","551,052,000","546,419,000","312,347,000","236,860,000","114,970,000","170,255,000","147,266,000","148,855,000","112,856,000","141,107,000","133,363,000","131,891,000","97,186,000","121,557,000","145,299,000","106,523,000","85,245,000","81,489,000","107,457,000","101,705,000","94,479,000","121,248,000","100,874,000","99,805,000","85,682,000","59,034,000","96,737,000","98,958,000","80,240,000","121,394,000","91,329,000","90,228,000","69,435,000","76,883,000","83,592,000","87,296,000","74,758,000","25,939,000","62,874,000","-2,748,000","63,617,000","81,034,000","58,961,000","77,569,000","63,219,000","83,333,000","61,999,000","60,397,000","55,646,000","105,338,000","84,042,000","69,582,000","59,105,000","86,994,000","64,708,000","62,686,000","57,282,000","67,585,000","53,665,000","52,554,000","46,434,000","182,752,000","54,549,000","80,006,000","56,033,000","92,266,000","61,449,000","59,519,000","51,188,000","132,265,000","55,442,000","47,027,000","53,300,000","93,929,000","48,963,000","41,049,000","12,476,000","94,165,000","50,373,000","81,368,000","80,296,000","71,121,000","108,519,000","62,817,000","68,827,000","80,300,000","75,100,000","55,000,000","41,600,000","55,600,000","28,200,000","2,300,000","-3,900,000","46,300,000","31,300,000","59,300,000","29,300,000","36,400,000","37,000,000","31,700,000","30,900,000","36,300,000","27,500,000","30,600,000","23,000,000","171,100,000","-44,900,000","33,700,000","29,800,000","39,700,000","34,700,000","39,200,000","37,800,000","36,600,000","40,400,000","42,700,000","34,600,000","43,700,000","41,000,000","37,900,000","32,200,000","38,200,000","31,800,000","28,700,000","28,800,000","29,600,000","25,700,000","32,700,000","390,900,000","-922,000,000","348,500,000","339,100,000","332,600,000","-840,400,000","319,200,000","303,800,000","296,600,000","-801,700,000","288,000,000","286,500,000","287,300,000","-765,400,000","290,400,000"
TaxRateForCalcs,"0.263","0.39","0.21","0.246","0.211","0.196","0.244","0.168","0.028","0.011","0.073","0.037","0.036","0.102","0.033","0.098","0.087","0.4","0.081","0.114","0.098","0.027","0.175","0.07","0.176","0.085","0.142","0.145","0.16","0.35","0.103","0.143","0.13","0.35","0.102","0.35","0.35","0.35","0.075","0.126","0.063","0.35","0.119","0.16","0.229","0.051","0.236","0.158","0.276","0.289","0.258","0.32","0.28","0.221","0.35","0.246","0.246","0.35","0.233","0.255","0.273","0.194","0.213","0.223","0.245","0.4","0.245","0.4","0.277","0.268","0.285","0.286","0.29","0.32","0.315","0.325","0.325","0.4","0.185","0.181","0.259","0.4","0.252","0.324","0.373","0.346","0.4","0.285","0.4","0.368","0.348","0.357","0.356","0.384","0.361","0.296","0.358","0.345","0.341","0.4","0.338","0.322","0.321","0.305","0.339","0.37","0.325","0.391","0.394","0.4","0.04","0.347","0.345","0.355","0.367","0.334","0.334","0.175","0.28","0.325","0.325","0.325","0.325","0.325","0.325","0.308","0.3","0.314","0.313","0.299","0.279","0.308",,,,,,,,,,,,,,,
TaxEffectOfUnusualItems,"-1,432,561","-387,849.486","-4,530,960","878,220","2,899,562","599,706.471","-990,396","-194,544","-164,024","-384,734.287","-1,061,347","-240,389","-351,792","179,125.823","215,259","0","-572,286","102,000","-264,789","-34,314","-945,798","15,618.822","-105,525","33,110","0","-740,398.166","16,756","-718,620","0","202,650","-1,142,476","-106,106","-277,550","-5,931,100","-114,852","-6,746,950","-1,158,500","-26,564,300","-771,329.867","-679,520.466","-486,443.274","-4,995,900","-1,896.738","62,528.673","-494,763.652","-456,330.546","-633,673.144","2,468,351.263","138,282.113","-242,406.264","-3,197,943.146","-40,971.98","-2,187,731.06","-4,993,953.021","-2,784,950","67,804.776","-86,159.565","-2,836,050","-187,187.149","2,490,603.819","-2,090,149.082","-79,927.385","97,100.768","-33,467.635","-219,016.972","-22,276,800","74,346.442","-6,299,200","-53,740.556","-1,322,466.786","173,850.089","0","-231,137.086","-17,654,650.367","59,855.065","1,246,585.135","-4,328,770.169","-13,024,000","-875,173.702","-1,386,613.977","-3,965,101.165","-25,010,400","-477,174.334","-798,028.177","-272,856.083","2,154,532.032","-13,704,400","-62,434.873","-4,511,600","-3,786,433.26","-10,728,089.888","-7,392,857.143","-1,424,657.534","-1,345,345.345","1,407,883.817","7,968,151.448","12,478,212.291","-552,076.677","238,862.559","-12,320,000","-709,655.172","-676,777.251","-737,320.574","-335,960.591","-643,888.889","925,000","390,147.783","-78,217.822","550,967.742","-28,400,000","-84,991.568","242,629.482","310,909.091","1,454,133.333","183,333.333","635,331.23","301,045.296","507,961.783","84,039.088","260,061.92","389,552.239","324,786.325","195,000","292,733.564","520,164.609","431,475.41","660,836.502","1,631,724.138","375,700.935","1,975,182.482","531,004.367","-184,980.237",,,,,,,,,,,,,,,