name,ttm,12/31/2021,09/30/2021,06/30/2021,03/31/2021,12/31/2020,09/30/2020,06/30/2020,03/31/2020,12/31/2019,09/30/2019,06/30/2019,03/31/2019,12/31/2018,09/30/2018,06/30/2018,03/31/2018,12/31/2017,09/30/2017,06/30/2017,03/31/2017,12/31/2016,09/30/2016,06/30/2016,03/31/2016,12/31/2015,09/30/2015,06/30/2015,03/31/2015,12/31/2014,09/30/2014,06/30/2014,03/31/2014,12/31/2013,09/30/2013,06/30/2013,03/31/2013,12/31/2012,09/30/2012,06/30/2012,03/31/2012,12/31/2011,09/30/2011,06/30/2011,03/31/2011,12/31/2010,09/30/2010,06/30/2010,03/31/2010,12/31/2009,09/30/2009,06/30/2009,03/31/2009,12/31/2008,09/30/2008,06/30/2008,03/31/2008,12/31/2007,09/30/2007,06/30/2007,03/31/2007,12/31/2006,09/30/2006,06/30/2006,03/31/2006
TotalRevenue,"31,405,000,000","8,104,000,000","8,122,000,000","7,594,000,000","7,585,000,000","7,444,000,000","7,446,000,000","6,651,000,000","7,153,000,000","7,713,000,000","7,642,000,000","7,699,000,000","6,751,000,000","7,499,000,000","7,504,000,000","7,726,000,000","6,896,000,000","8,294,000,000","7,473,000,000","6,917,000,000","6,064,000,000","6,971,000,000","6,982,000,000","6,649,000,000","6,083,000,000","6,392,000,000","6,927,000,000","6,859,000,000","6,616,000,000","7,197,000,000","7,856,000,000","7,797,000,000","6,917,000,000","7,789,000,000","7,927,000,000","7,917,000,000","7,584,000,000","7,889,000,000","7,920,000,000","8,120,000,000","7,448,000,000","7,671,000,000","8,362,000,000","8,273,000,000","6,791,000,000","7,037,000,000","6,614,000,000","7,061,000,000","6,496,000,000","6,717,000,000","6,587,000,000","6,134,000,000","5,597,000,000","5,713,000,000","6,953,000,000","6,709,000,000","6,330,000,000","5,498,000,000","5,916,000,000","5,835,000,000","5,549,000,000","12,065,000,000","12,065,000,000","12,065,000,000","12,065,000,000"
	OperatingRevenue,"82,223,000,000","20,830,000,000","21,617,000,000","20,421,000,000","19,355,000,000","19,531,000,000","20,444,000,000","17,819,000,000","18,253,000,000","19,849,000,000","20,380,000,000","19,987,000,000","17,705,000,000","19,858,000,000","20,439,000,000","21,100,000,000","18,426,000,000","21,585,000,000","20,638,000,000","19,319,000,000","16,556,000,000","19,189,000,000","19,935,000,000","19,041,000,000","16,788,000,000","18,371,000,000","19,422,000,000","18,763,000,000","17,352,000,000","19,941,000,000","21,335,000,000","21,051,000,000","17,779,000,000","20,390,000,000","20,629,000,000","20,483,000,000","18,527,000,000","19,742,000,000","19,592,000,000","20,037,000,000","18,022,000,000","18,876,000,000","20,706,000,000","20,234,000,000","16,530,000,000","17,807,000,000","16,936,000,000","17,383,000,000","15,587,000,000","17,008,000,000","16,573,000,000","15,213,000,000","13,286,000,000","13,973,000,000","17,365,000,000","16,703,000,000","15,599,000,000","13,648,000,000","14,232,000,000","13,948,000,000","13,268,000,000","12,065,000,000","12,065,000,000","12,065,000,000","12,065,000,000"
	ExciseTaxes,"50,818,000,000","12,726,000,000","13,495,000,000","12,827,000,000","11,770,000,000","12,087,000,000","12,998,000,000","11,168,000,000","11,100,000,000","12,136,000,000","12,738,000,000","12,288,000,000","10,954,000,000","12,359,000,000","12,935,000,000","13,374,000,000","11,530,000,000","13,291,000,000","13,165,000,000","12,402,000,000","10,492,000,000","12,218,000,000","12,953,000,000","12,392,000,000","10,705,000,000","11,979,000,000","12,495,000,000","11,904,000,000","10,736,000,000","12,744,000,000","13,479,000,000","13,254,000,000","10,862,000,000","12,601,000,000","12,702,000,000","12,566,000,000","10,943,000,000","11,853,000,000","11,672,000,000","11,917,000,000","10,574,000,000","11,205,000,000","12,344,000,000","11,961,000,000","9,739,000,000","10,770,000,000","10,322,000,000","10,322,000,000","9,091,000,000","10,291,000,000","9,986,000,000","9,079,000,000","7,689,000,000","8,260,000,000","10,412,000,000","9,994,000,000","9,269,000,000","8,150,000,000","8,316,000,000","8,113,000,000","7,719,000,000",,,,
CostOfRevenue,"10,030,000,000","2,807,000,000","2,596,000,000","2,353,000,000","2,274,000,000","2,572,000,000","2,416,000,000","2,179,000,000","2,402,000,000","2,778,000,000","2,605,000,000","2,665,000,000","2,465,000,000","2,781,000,000","2,618,000,000","2,744,000,000","2,615,000,000","3,001,000,000","2,735,000,000","2,519,000,000","2,177,000,000","2,499,000,000","2,432,000,000","2,364,000,000","2,096,000,000","2,375,000,000","2,383,000,000","2,378,000,000","2,229,000,000","2,632,000,000","2,734,000,000","2,696,000,000","2,374,000,000","2,602,000,000","2,618,000,000","2,701,000,000","2,489,000,000","2,681,000,000","2,584,000,000","2,666,000,000","2,442,000,000","2,692,000,000","2,847,000,000","2,844,000,000","2,295,000,000","2,501,000,000","2,290,000,000","2,550,000,000","2,372,000,000","2,546,000,000","2,320,000,000","2,185,000,000","1,971,000,000","2,086,000,000","2,481,000,000","2,462,000,000","2,299,000,000","2,126,000,000","2,229,000,000","2,244,000,000","2,121,000,000",,,,
GrossProfit,"21,375,000,000","5,297,000,000","5,526,000,000","5,241,000,000","5,311,000,000","4,872,000,000","5,030,000,000","4,472,000,000","4,751,000,000","4,935,000,000","5,037,000,000","5,034,000,000","4,286,000,000","4,718,000,000","4,886,000,000","4,982,000,000","4,281,000,000","5,293,000,000","4,738,000,000","4,398,000,000","3,887,000,000","4,472,000,000","4,550,000,000","4,285,000,000","3,987,000,000","4,017,000,000","4,544,000,000","4,481,000,000","4,387,000,000","4,565,000,000","5,122,000,000","5,101,000,000","4,543,000,000","5,187,000,000","5,309,000,000","5,216,000,000","5,095,000,000","5,208,000,000","5,336,000,000","5,454,000,000","5,006,000,000","4,979,000,000","5,515,000,000","5,429,000,000","4,496,000,000","4,536,000,000","4,324,000,000","4,511,000,000","4,124,000,000","4,171,000,000","4,267,000,000","3,949,000,000","3,626,000,000","3,627,000,000","4,472,000,000","4,247,000,000","4,031,000,000","3,372,000,000","3,687,000,000","3,591,000,000","3,428,000,000",,,,
OperatingExpense,"8,515,000,000","2,383,000,000","2,098,000,000","2,139,000,000","1,895,000,000","1,996,000,000","1,810,000,000","1,763,000,000","1,985,000,000","2,457,000,000","2,269,000,000","1,867,000,000","2,257,000,000","2,038,000,000","1,737,000,000","1,895,000,000","1,861,000,000","1,975,000,000","1,670,000,000","1,677,000,000","1,491,000,000","1,860,000,000","1,573,000,000","1,532,000,000","1,514,000,000","2,048,000,000","1,585,000,000","1,589,000,000","1,516,000,000","2,001,000,000","1,786,000,000","1,738,000,000","1,569,000,000","1,683,000,000","1,716,000,000","1,879,000,000","1,705,000,000","1,959,000,000","1,679,000,000","1,842,000,000","1,595,000,000","1,994,000,000","1,795,000,000","1,716,000,000","1,473,000,000","1,766,000,000","1,468,000,000","1,605,000,000","1,409,000,000","1,704,000,000","1,416,000,000","1,519,000,000","1,305,000,000","1,692,000,000","1,569,000,000","1,591,000,000","1,193,000,000","1,339,000,000","1,177,000,000","1,298,000,000","1,235,000,000",,,,
	SellingGeneralAndAdministration,"8,419,000,000","2,342,000,000","2,080,000,000","2,120,000,000","1,877,000,000","1,978,000,000","1,792,000,000","1,744,000,000","1,967,000,000","2,441,000,000","2,254,000,000","1,851,000,000","2,238,000,000","2,019,000,000","1,717,000,000","1,874,000,000","1,839,000,000","1,952,000,000","1,649,000,000","1,655,000,000","1,469,000,000","1,842,000,000","1,554,000,000","1,513,000,000","1,496,000,000","2,028,000,000","1,566,000,000","1,568,000,000","1,494,000,000","1,975,000,000","1,763,000,000","1,716,000,000","1,547,000,000","1,661,000,000","1,693,000,000","1,855,000,000","1,681,000,000","1,935,000,000","1,655,000,000","1,817,000,000","1,571,000,000","1,969,000,000","1,770,000,000","1,692,000,000","1,449,000,000","1,743,000,000","1,446,000,000","1,582,000,000","1,389,000,000","1,684,000,000","1,398,000,000","1,498,000,000","1,290,000,000","1,677,000,000","1,556,000,000","1,584,000,000","1,184,000,000","1,329,000,000","1,171,000,000","1,292,000,000","1,229,000,000",,,,
		GeneralAndAdministrativeExpense,"115,000,000","33,000,000","27,000,000","27,000,000","28,000,000","29,000,000","23,000,000","22,000,000","23,000,000","28,000,000","20,000,000","20,000,000","21,000,000","22,000,000","7,000,000","6,000,000","6,000,000","1,952,000,000","1,649,000,000","1,655,000,000","1,469,000,000","1,842,000,000","1,554,000,000","1,513,000,000","1,496,000,000","2,028,000,000","1,566,000,000","1,568,000,000","1,494,000,000","1,975,000,000","1,763,000,000","1,716,000,000","1,547,000,000","1,661,000,000","1,693,000,000","1,855,000,000","1,681,000,000",,,,,,,,,,,,,,,,,,,,,,,,,,,,
			SalariesAndWages,"115,000,000","33,000,000","27,000,000","27,000,000","28,000,000","29,000,000","23,000,000","22,000,000","23,000,000","28,000,000","20,000,000","20,000,000","21,000,000","22,000,000","7,000,000","6,000,000","6,000,000",,,,,,,,,,,,,,,,,,,,,,,,,,,,,,,,,,,,,,,,,,,,,,,,
			OtherGandA,,,,"2,093,000,000","1,849,000,000","1,949,000,000","1,769,000,000","1,722,000,000","1,944,000,000","2,413,000,000","2,234,000,000","1,831,000,000","2,217,000,000","1,997,000,000","1,710,000,000","1,868,000,000","1,833,000,000","1,952,000,000","1,649,000,000","1,655,000,000","1,469,000,000","1,842,000,000","1,554,000,000","1,513,000,000","1,496,000,000","2,028,000,000","1,566,000,000","1,568,000,000","1,494,000,000","1,975,000,000","1,763,000,000","1,716,000,000","1,547,000,000","1,661,000,000","1,693,000,000","1,855,000,000","1,681,000,000",,,,,,,,,,,,,,,,,,,,,,,,,,,,
		SellingAndMarketingExpense,"8,304,000,000","2,309,000,000","2,053,000,000","2,093,000,000","1,849,000,000","1,949,000,000","1,769,000,000","1,722,000,000","1,944,000,000","2,413,000,000","2,234,000,000","1,831,000,000","2,217,000,000","1,997,000,000","1,710,000,000","1,868,000,000","1,833,000,000","1,952,000,000","1,649,000,000","1,655,000,000","1,469,000,000","1,842,000,000","1,554,000,000","1,513,000,000","1,496,000,000","2,028,000,000","1,566,000,000","1,568,000,000","1,494,000,000","1,975,000,000","1,763,000,000","1,716,000,000","1,547,000,000","1,661,000,000","1,693,000,000","1,855,000,000","1,681,000,000",,,,,,,,,,,,,,,,,,,,,,,,,,,,
	DepreciationAmortizationDepletionIncomeStatement,"96,000,000","41,000,000","18,000,000","19,000,000","18,000,000","18,000,000","18,000,000","19,000,000","18,000,000","16,000,000","15,000,000","16,000,000","19,000,000","19,000,000","20,000,000","21,000,000","22,000,000","23,000,000","21,000,000","22,000,000","22,000,000","18,000,000","19,000,000","19,000,000","18,000,000","20,000,000","19,000,000","21,000,000","22,000,000","26,000,000","23,000,000","22,000,000","22,000,000","22,000,000","23,000,000","24,000,000","24,000,000","24,000,000","24,000,000","25,000,000","24,000,000","25,000,000","25,000,000","24,000,000","24,000,000","23,000,000","22,000,000","23,000,000","20,000,000","20,000,000","18,000,000","21,000,000","15,000,000","15,000,000","13,000,000","7,000,000","9,000,000","10,000,000","6,000,000","6,000,000","6,000,000",,,,
		DepreciationAndAmortizationInIncomeStatement,"96,000,000","41,000,000","18,000,000","19,000,000","18,000,000","18,000,000","18,000,000","19,000,000","18,000,000","16,000,000","15,000,000","16,000,000","19,000,000","19,000,000","20,000,000","21,000,000","22,000,000","23,000,000","21,000,000","22,000,000","22,000,000","18,000,000","19,000,000","19,000,000","18,000,000","20,000,000","19,000,000","21,000,000","22,000,000","26,000,000","23,000,000","22,000,000","22,000,000","22,000,000","23,000,000","24,000,000","24,000,000","24,000,000","24,000,000","25,000,000","24,000,000","25,000,000","25,000,000","24,000,000","24,000,000","23,000,000","22,000,000","23,000,000","20,000,000","20,000,000","18,000,000","21,000,000","15,000,000","15,000,000","13,000,000","7,000,000","9,000,000","10,000,000","6,000,000","6,000,000","6,000,000",,,,
			Amortization,"96,000,000","41,000,000","18,000,000","19,000,000","18,000,000","18,000,000","18,000,000","19,000,000","18,000,000","16,000,000","15,000,000","16,000,000","19,000,000","19,000,000","20,000,000","21,000,000","22,000,000","23,000,000","21,000,000","22,000,000","22,000,000","18,000,000","19,000,000","19,000,000","18,000,000","20,000,000","19,000,000","21,000,000","22,000,000","26,000,000","23,000,000","22,000,000","22,000,000","22,000,000","23,000,000","24,000,000","24,000,000","24,000,000","24,000,000","25,000,000","24,000,000","25,000,000","25,000,000","24,000,000","24,000,000","23,000,000","22,000,000","23,000,000","20,000,000","20,000,000","18,000,000","21,000,000","15,000,000","15,000,000","13,000,000","7,000,000","9,000,000","10,000,000","6,000,000","6,000,000","6,000,000",,,,
				AmortizationOfIntangiblesIncomeStatement,"96,000,000","41,000,000","18,000,000","19,000,000","18,000,000","18,000,000","18,000,000","19,000,000","18,000,000","16,000,000","15,000,000","16,000,000","19,000,000","19,000,000","20,000,000","21,000,000","22,000,000","23,000,000","21,000,000","22,000,000","22,000,000","18,000,000","19,000,000","19,000,000","18,000,000","20,000,000","19,000,000","21,000,000","22,000,000","26,000,000","23,000,000","22,000,000","22,000,000","22,000,000","23,000,000","24,000,000","24,000,000","24,000,000","24,000,000","25,000,000","24,000,000","25,000,000","25,000,000","24,000,000","24,000,000","23,000,000","22,000,000","23,000,000","20,000,000","20,000,000","18,000,000","21,000,000","15,000,000","15,000,000","13,000,000","7,000,000","9,000,000","10,000,000","6,000,000","6,000,000","6,000,000",,,,
OperatingIncome,"12,860,000,000","2,914,000,000","3,428,000,000","3,102,000,000","3,416,000,000","2,876,000,000","3,220,000,000","2,709,000,000","2,766,000,000","2,478,000,000","2,768,000,000","3,167,000,000","2,029,000,000","2,680,000,000","3,149,000,000","3,087,000,000","2,420,000,000","3,318,000,000","3,068,000,000","2,721,000,000","2,396,000,000","2,612,000,000","2,977,000,000","2,753,000,000","2,473,000,000","1,969,000,000","2,959,000,000","2,892,000,000","2,871,000,000","2,564,000,000","3,336,000,000","3,363,000,000","2,974,000,000","3,504,000,000","3,593,000,000","3,337,000,000","3,390,000,000","3,249,000,000","3,657,000,000","3,612,000,000","3,411,000,000","2,985,000,000","3,720,000,000","3,713,000,000","3,023,000,000","2,770,000,000","2,856,000,000","2,906,000,000","2,715,000,000","2,467,000,000","2,851,000,000","2,430,000,000","2,321,000,000","1,935,000,000","2,903,000,000","2,656,000,000","2,838,000,000","2,033,000,000","2,510,000,000","2,293,000,000","2,193,000,000","-27,827,000,000","12,065,000,000","12,065,000,000","12,065,000,000"
NetNonOperatingInterestIncomeExpense,"-628,000,000","-146,000,000","-154,000,000","-161,000,000","-167,000,000","-164,000,000","-163,000,000","-162,000,000","-129,000,000","-136,000,000","-132,000,000","-150,000,000","-152,000,000","-125,000,000","-145,000,000","-168,000,000","-227,000,000","-259,000,000","-223,000,000","-213,000,000","-219,000,000","-201,000,000","-220,000,000","-223,000,000","-247,000,000","-227,000,000","-247,000,000","-259,000,000","-275,000,000","-263,000,000","-267,000,000","-254,000,000","-268,000,000","-252,000,000","-239,000,000","-246,000,000","-236,000,000","-226,000,000","-211,000,000","-209,000,000","-213,000,000","-187,000,000","-192,000,000","-208,000,000","-213,000,000","-216,000,000","-214,000,000","-223,000,000","-223,000,000","-225,000,000","-221,000,000","-193,000,000","-158,000,000","-106,000,000","-69,000,000","-61,000,000","-75,000,000","-13,000,000","16,000,000","-3,000,000","-10,000,000",,,,
	InterestIncomeNonOperating,"109,000,000"
	InterestExpenseNonOperating,"737,000,000","255,000,000","154,000,000","161,000,000","167,000,000","274,000,000","163,000,000","162,000,000","129,000,000","362,000,000","132,000,000","150,000,000","152,000,000","315,000,000","145,000,000","168,000,000","227,000,000","441,000,000","223,000,000","213,000,000","219,000,000","379,000,000","220,000,000","223,000,000","247,000,000","351,000,000","247,000,000","259,000,000","275,000,000","381,000,000","267,000,000","254,000,000","268,000,000","383,000,000","239,000,000","246,000,000","236,000,000","374,000,000","211,000,000","209,000,000","213,000,000","321,000,000","192,000,000","208,000,000","213,000,000",,,"223,000,000",,,,,,,,,,,,,,,,,
	TotalOtherFinanceCost,,,,,,,,,,"136,000,000","132,000,000","150,000,000","152,000,000","125,000,000","145,000,000","168,000,000","227,000,000","259,000,000","223,000,000","213,000,000","219,000,000",,"220,000,000","223,000,000","247,000,000",,"247,000,000","259,000,000","275,000,000",,"267,000,000","254,000,000","268,000,000",,"239,000,000","246,000,000","236,000,000",,,"209,000,000","213,000,000",,"192,000,000","208,000,000","213,000,000",,"214,000,000","223,000,000","223,000,000",,"221,000,000","193,000,000","158,000,000",,"69,000,000","61,000,000","75,000,000","13,000,000","-16,000,000","3,000,000","10,000,000",,,,
OtherIncomeExpense,,,,,,,,,,,"-20,000,000","-20,000,000","-21,000,000","-22,000,000","-7,000,000","-6,000,000","-6,000,000",,,,,,,,,,,,,"-32,000,000","9,000,000","-489,000,000","-23,000,000","-301,000,000",,"-5,000,000","-3,000,000","-33,000,000","-34,000,000","-8,000,000","-8,000,000","-49,000,000","-43,000,000","-1,000,000","-16,000,000","-27,000,000","-20,000,000",,,"-26,000,000","-1,000,000","-1,000,000","-1,000,000","0","-13,000,000","-48,000,000","-23,000,000","-3,000,000","-15,000,000","-76,000,000","-62,000,000",,,,
	SpecialIncomeCharges,,,,,,,,,,,,,,"0","0","0",,"0","0","0","0",,"0","0","0","-68,000,000","0","0","0","-32,000,000","9,000,000","-489,000,000","-23,000,000","-301,000,000","0","-5,000,000","-3,000,000","-33,000,000","-34,000,000","-8,000,000","-8,000,000","-49,000,000","-43,000,000","-1,000,000","-16,000,000","-27,000,000","-20,000,000","0","0","-26,000,000","-1,000,000","-1,000,000","-1,000,000","0","-13,000,000","-48,000,000","-23,000,000","-3,000,000","-15,000,000","-76,000,000","-62,000,000",,,,
		ImpairmentOfCapitalAssets,,,,,,,,,,,,,,"0","0","0",,"0","0","0","0",,"0","0","0","68,000,000","0","0","0","32,000,000","-9,000,000","489,000,000","23,000,000","301,000,000","0","5,000,000","3,000,000","33,000,000","34,000,000","8,000,000","8,000,000","49,000,000","43,000,000","1,000,000","16,000,000","27,000,000","20,000,000","0","0","26,000,000","1,000,000","1,000,000","1,000,000","0","13,000,000","48,000,000","23,000,000","55,000,000","15,000,000","76,000,000","62,000,000",,,,
	OtherNonOperatingIncomeExpenses,,,,,,,,,,,"-20,000,000","-20,000,000","-21,000,000","-22,000,000","-7,000,000","-6,000,000","-6,000,000",,,,,,,,,,,,,,,,,,,,,,,,,,,,,,,,,,,,,,,,,,,,,,,,
PretaxIncome,"12,232,000,000","2,768,000,000","3,274,000,000","2,941,000,000","3,249,000,000","2,712,000,000","3,057,000,000","2,547,000,000","2,637,000,000","2,342,000,000","2,636,000,000","3,017,000,000","1,877,000,000","2,555,000,000","3,004,000,000","2,919,000,000","2,193,000,000","3,059,000,000","2,845,000,000","2,508,000,000","2,177,000,000","2,411,000,000","2,757,000,000","2,530,000,000","2,226,000,000","1,674,000,000","2,712,000,000","2,633,000,000","2,596,000,000","2,269,000,000","3,078,000,000","2,620,000,000","2,683,000,000","2,951,000,000","3,354,000,000","3,086,000,000","3,151,000,000","2,990,000,000","3,412,000,000","3,395,000,000","3,190,000,000","2,749,000,000","3,485,000,000","3,504,000,000","2,794,000,000","2,527,000,000","2,622,000,000","2,683,000,000","2,492,000,000","2,216,000,000","2,629,000,000","2,236,000,000","2,162,000,000","1,829,000,000","2,821,000,000","2,547,000,000","2,740,000,000","2,017,000,000","2,511,000,000","2,214,000,000","2,121,000,000",,,,
TaxProvision,"2,671,000,000","593,000,000","735,000,000","646,000,000","697,000,000","613,000,000","640,000,000","528,000,000","596,000,000","623,000,000","635,000,000","611,000,000","424,000,000","551,000,000","691,000,000","644,000,000","559,000,000","2,265,000,000","812,000,000","689,000,000","541,000,000","658,000,000","764,000,000","716,000,000","630,000,000","412,000,000","748,000,000","743,000,000","785,000,000","651,000,000","918,000,000","752,000,000","776,000,000","893,000,000","952,000,000","892,000,000","933,000,000","799,000,000","1,088,000,000","988,000,000","958,000,000","803,000,000","1,024,000,000","1,019,000,000","807,000,000","717,000,000","730,000,000","641,000,000","738,000,000","632,000,000","775,000,000","639,000,000","645,000,000","519,000,000","667,000,000","790,000,000","811,000,000","568,000,000","710,000,000","668,000,000","618,000,000",,,,
EarningsFromEquityInterestNetOfTax,"149,000,000","54,000,000","49,000,000","3,000,000","43,000,000","20,000,000","20,000,000","30,000,000","-54,000,000","63,000,000","45,000,000","30,000,000","11,000,000","-1,000,000","28,000,000","20,000,000","13,000,000","2,000,000","12,000,000","23,000,000","22,000,000","22,000,000","35,000,000","28,000,000","9,000,000","36,000,000","20,000,000","26,000,000","23,000,000","31,000,000","38,000,000","27,000,000","9,000,000",,,,,,,,,,,,,,,,,,,,,,,,,,,,,,,,
NetIncomeCommonStockholders,"9,083,000,000","2,088,000,000","2,419,000,000","2,166,000,000","2,411,000,000","1,971,000,000","2,302,000,000","1,942,000,000","1,821,000,000","1,612,000,000","1,891,000,000","2,314,000,000","1,350,000,000","1,907,000,000","2,242,000,000","2,193,000,000","1,553,000,000","692,000,000","1,966,000,000","1,776,000,000","1,587,000,000","1,707,000,000","1,933,000,000","1,783,000,000","1,525,000,000","1,245,000,000","1,935,000,000","1,881,000,000","1,788,000,000","1,605,000,000","2,146,000,000","1,842,000,000","1,866,000,000","1,977,000,000","2,328,000,000","2,113,000,000","2,114,000,000","2,047,000,000","2,227,000,000","2,317,000,000","2,161,000,000","1,837,000,000","2,377,000,000","2,409,000,000","1,919,000,000","1,719,000,000","1,822,000,000","1,982,000,000","1,703,000,000","1,522,000,000","1,798,000,000","1,546,000,000","1,476,000,000","1,251,000,000","2,080,000,000","1,692,000,000","1,867,000,000","1,373,000,000","1,725,000,000","1,483,000,000","1,445,000,000","1,536,000,000","1,537,000,000","1,537,000,000","1,537,000,000"
	NetIncome,"9,109,000,000","2,093,000,000","2,426,000,000","2,172,000,000","2,418,000,000","1,976,000,000","2,307,000,000","1,947,000,000","1,826,000,000","1,616,000,000","1,896,000,000","2,319,000,000","1,354,000,000","1,910,000,000","2,247,000,000","2,198,000,000","1,556,000,000","694,000,000","1,970,000,000","1,781,000,000","1,590,000,000","1,711,000,000","1,938,000,000","1,788,000,000","1,530,000,000","1,249,000,000","1,942,000,000","1,887,000,000","1,795,000,000","1,612,000,000","2,155,000,000","1,851,000,000","1,875,000,000","1,987,000,000","2,340,000,000","2,124,000,000","2,125,000,000","2,095,000,000","2,227,000,000","2,317,000,000","2,161,000,000","1,886,000,000","2,377,000,000","2,409,000,000","1,919,000,000","1,752,000,000","1,822,000,000","1,982,000,000","1,703,000,000","1,522,000,000","1,798,000,000","1,546,000,000","1,476,000,000","1,251,000,000","2,080,000,000","1,692,000,000","1,867,000,000","1,373,000,000","1,725,000,000","1,483,000,000","1,445,000,000","1,536,000,000","1,537,000,000","1,537,000,000","1,537,000,000"
		NetIncomeIncludingNoncontrollingInterests,"9,710,000,000","2,229,000,000","2,588,000,000","2,298,000,000","2,595,000,000","2,119,000,000","2,437,000,000","2,049,000,000","1,987,000,000","1,782,000,000","2,046,000,000","2,436,000,000","1,464,000,000","2,003,000,000","2,341,000,000","2,295,000,000","1,647,000,000","796,000,000","2,045,000,000","1,842,000,000","1,658,000,000","1,775,000,000","2,028,000,000","1,842,000,000","1,605,000,000","1,298,000,000","1,984,000,000","1,916,000,000","1,834,000,000","1,649,000,000","2,198,000,000","1,895,000,000","1,916,000,000","2,036,000,000","2,402,000,000","2,194,000,000","2,218,000,000","2,191,000,000","2,324,000,000","2,407,000,000","2,232,000,000","1,946,000,000","2,461,000,000","2,485,000,000","1,987,000,000","1,810,000,000","1,892,000,000","2,042,000,000","1,754,000,000","1,584,000,000","1,854,000,000","1,597,000,000","1,517,000,000","1,310,000,000","2,154,000,000","1,757,000,000","1,929,000,000","1,449,000,000","1,801,000,000","1,546,000,000","1,503,000,000","1,787,000,000","1,537,000,000","1,537,000,000","1,537,000,000"
			NetIncomeContinuousOperations,"9,710,000,000","2,229,000,000","2,588,000,000","2,298,000,000","2,595,000,000","2,119,000,000","2,437,000,000","2,049,000,000","1,987,000,000","1,782,000,000","2,046,000,000","2,436,000,000","1,464,000,000","2,003,000,000","2,341,000,000","2,295,000,000","1,647,000,000","796,000,000","2,045,000,000","1,842,000,000","1,658,000,000","1,775,000,000","2,028,000,000","1,842,000,000","1,605,000,000","1,298,000,000","1,984,000,000","1,916,000,000","1,834,000,000","1,649,000,000","2,198,000,000","1,895,000,000","1,916,000,000","2,036,000,000","2,402,000,000","2,194,000,000","2,218,000,000","2,191,000,000","2,324,000,000","2,407,000,000","2,232,000,000","1,946,000,000","2,461,000,000","2,485,000,000","1,987,000,000","1,810,000,000","1,892,000,000","2,042,000,000","1,754,000,000","1,584,000,000","1,854,000,000","1,597,000,000","1,517,000,000","1,310,000,000","2,154,000,000","1,757,000,000","1,929,000,000","1,449,000,000","1,801,000,000","1,546,000,000","1,503,000,000","1,536,000,000","1,537,000,000","1,537,000,000","1,537,000,000"
		MinorityInterests,"-601,000,000","-136,000,000","-162,000,000","-126,000,000","-177,000,000","-143,000,000","-130,000,000","-102,000,000","-161,000,000","-166,000,000","-150,000,000","-117,000,000","-110,000,000","-93,000,000","-94,000,000","-97,000,000","-91,000,000","-102,000,000","-75,000,000","-61,000,000","-68,000,000","-64,000,000","-90,000,000","-54,000,000","-75,000,000","-49,000,000","-42,000,000","-29,000,000","-39,000,000","-37,000,000","-43,000,000","-44,000,000","-41,000,000","-49,000,000","-62,000,000","-70,000,000","-93,000,000","-96,000,000","-97,000,000","-90,000,000","-71,000,000","-60,000,000","-84,000,000","-76,000,000","-68,000,000","-58,000,000","-70,000,000","-60,000,000","-51,000,000","-62,000,000","-56,000,000","-51,000,000","-41,000,000","-59,000,000","-74,000,000","-65,000,000","-62,000,000","-76,000,000","-76,000,000","-63,000,000","-58,000,000",,,,
	OtherunderPreferredStockDividend,"26,000,000","5,000,000","7,000,000","6,000,000","7,000,000","5,000,000","5,000,000","5,000,000","5,000,000","4,000,000","5,000,000","5,000,000","4,000,000","3,000,000","5,000,000","5,000,000","3,000,000","2,000,000","4,000,000","5,000,000","3,000,000","4,000,000","5,000,000","5,000,000","5,000,000","4,000,000","7,000,000","6,000,000","7,000,000","7,000,000","9,000,000","9,000,000","9,000,000","10,000,000","12,000,000","11,000,000","11,000,000",,,,,,,,,,,,,,,,,,,,,,,,,,,,
AverageDilutionEarnings,,,,"0",,,,,,,"0",,,,,"0",,,,,,,,,,,,,,,,,,,,,,,,,,,,,,,,,,,,,,,,,,,,,,,,,
DilutedNIAvailtoComStockholders,"9,083,000,000","2,088,000,000","2,419,000,000","2,166,000,000","2,411,000,000","1,971,000,000","2,302,000,000","1,942,000,000","1,821,000,000","1,612,000,000","1,891,000,000","2,314,000,000","1,350,000,000","1,907,000,000","2,242,000,000","2,193,000,000","1,553,000,000","692,000,000","1,966,000,000","1,776,000,000","1,587,000,000","1,707,000,000","1,933,000,000","1,783,000,000","1,525,000,000","1,245,000,000","1,935,000,000","1,881,000,000","1,788,000,000","1,605,000,000","2,146,000,000","1,842,000,000","1,866,000,000","1,977,000,000","2,328,000,000","2,113,000,000","2,114,000,000","2,047,000,000","2,227,000,000","2,317,000,000","2,161,000,000","1,837,000,000","2,377,000,000","2,409,000,000","1,919,000,000","1,719,000,000","1,822,000,000","1,982,000,000","1,703,000,000","1,522,000,000","1,798,000,000","1,546,000,000","1,476,000,000","1,251,000,000","2,080,000,000","1,692,000,000","1,867,000,000","1,373,000,000","1,725,000,000","1,483,000,000","1,445,000,000","1,536,000,000","1,537,000,000","1,537,000,000","1,537,000,000"
BasicEPS,,"1.34","1.55","1.39","1.55","1.27","1.48","1.25","1.17","1.04","1.22","1.49","0.87","1.23","1.44","1.41","1","0.44","1.27","1.14","1.02",,"1.25","1.15","0.98",,"1.25","1.21","1.16",,"1.38","1.17","1.18",,"1.44","1.3","1.28",,"1.32","1.36","1.25",,"1.35","1.35","1.06",,"0.99","1.07","0.9",,"0.93","0.79","0.74",,"1.01","0.81","0.89",,"0.82","0.7","0.69",,"0.729","0.729","0.729"
DilutedEPS,,"1.34","1.55","1.39","1.55","1.27","1.48","1.25","1.17","1.04","1.22","1.49","0.87","1.23","1.44","1.41","1","0.44","1.27","1.14","1.02",,"1.25","1.15","0.98",,"1.25","1.21","1.16",,"1.38","1.17","1.18",,"1.44","1.3","1.28",,"1.32","1.36","1.25",,"1.35","1.35","1.06",,"0.99","1.07","0.9",,"0.93","0.79","0.74",,"1.01","0.8","0.89",,"0.82","0.7","0.69",,"0.729","0.729","0.729"
BasicAverageShares,,"1,556,000,000","1,558,000,000","1,558,000,000","1,558,000,000","1,557,000,000","1,558,000,000","1,558,000,000","1,557,000,000","1,556,000,000","1,556,000,000","1,556,000,000","1,555,000,000","1,555,000,000","1,555,000,000","1,555,000,000","1,553,000,000","1,553,000,000","1,553,000,000","1,553,000,000","1,552,000,000",,"1,551,000,000","1,551,000,000","1,550,000,000",,"1,549,000,000","1,549,000,000","1,548,000,000",,"1,560,000,000","1,571,000,000","1,583,000,000",,"1,614,000,000","1,631,000,000","1,646,000,000",,"1,683,000,000","1,701,000,000","1,719,000,000",,"1,749,000,000","1,772,000,000","1,793,000,000",,"1,828,000,000","1,846,000,000","1,874,000,000",,"1,927,000,000","1,955,000,000","1,993,000,000",,"2,051,000,000","2,095,000,000","2,108,000,000",,"2,109,000,000","2,109,000,000","2,109,000,000",,"2,109,313,033","2,108,000,000","2,109,313,033"
DilutedAverageShares,,"1,557,000,000","1,560,000,000","1,560,000,000","1,560,000,000","1,558,000,000","1,558,000,000","1,558,000,000","1,558,000,000","1,557,000,000","1,556,000,000","1,556,000,000","1,556,000,000","1,555,000,000","1,555,000,000","1,555,000,000","1,554,000,000","1,554,000,000","1,554,000,000","1,554,000,000","1,553,000,000",,"1,551,000,000","1,551,000,000","1,550,000,000",,"1,549,000,000","1,549,000,000","1,548,000,000",,"1,560,000,000","1,571,000,000","1,583,000,000",,"1,614,000,000","1,631,000,000","1,646,000,000",,"1,683,000,000","1,701,000,000","1,719,000,000",,"1,749,000,000","1,772,000,000","1,794,000,000",,"1,830,000,000","1,849,000,000","1,878,000,000",,"1,934,000,000","1,961,000,000","2,000,000,000",,"2,064,000,000","2,108,000,000","2,108,000,000",,"2,109,000,000","2,109,000,000","2,109,000,000",,"2,109,313,033","2,108,000,000","2,109,313,033"
TotalOperatingIncomeAsReported,"12,975,000,000","2,947,000,000","3,455,000,000","3,129,000,000","3,444,000,000","2,905,000,000","3,243,000,000","2,731,000,000","2,789,000,000","2,506,000,000","2,788,000,000","3,187,000,000","2,050,000,000","2,702,000,000","3,156,000,000","3,093,000,000","2,426,000,000","3,318,000,000","3,068,000,000","2,721,000,000","2,396,000,000","2,612,000,000","2,977,000,000","2,753,000,000","2,473,000,000","1,901,000,000","2,959,000,000","2,892,000,000","2,871,000,000","2,532,000,000","3,345,000,000","2,874,000,000","2,951,000,000","3,203,000,000","3,593,000,000","3,332,000,000","3,387,000,000","3,216,000,000","3,623,000,000","3,604,000,000","3,403,000,000","2,936,000,000","3,677,000,000","3,712,000,000","3,007,000,000","2,743,000,000","2,836,000,000","2,906,000,000","2,715,000,000","2,441,000,000","2,850,000,000","2,429,000,000","2,320,000,000","1,935,000,000","2,890,000,000","2,608,000,000","2,815,000,000","2,030,000,000","2,495,000,000","2,217,000,000","2,131,000,000",,,,
TotalExpenses,"18,545,000,000","5,190,000,000","4,694,000,000","4,492,000,000","4,169,000,000","4,568,000,000","4,226,000,000","3,942,000,000","4,387,000,000","5,235,000,000","4,874,000,000","4,532,000,000","4,722,000,000","4,819,000,000","4,355,000,000","4,639,000,000","4,476,000,000","4,976,000,000","4,405,000,000","4,196,000,000","3,668,000,000","4,359,000,000","4,005,000,000","3,896,000,000","3,610,000,000","4,423,000,000","3,968,000,000","3,967,000,000","3,745,000,000","4,633,000,000","4,520,000,000","4,434,000,000","3,943,000,000","4,285,000,000","4,334,000,000","4,580,000,000","4,194,000,000","4,640,000,000","4,263,000,000","4,508,000,000","4,037,000,000","4,686,000,000","4,642,000,000","4,560,000,000","3,768,000,000","4,267,000,000","3,758,000,000","4,155,000,000","3,781,000,000","4,250,000,000","3,736,000,000","3,704,000,000","3,276,000,000","3,778,000,000","4,050,000,000","4,053,000,000","3,492,000,000","3,465,000,000","3,406,000,000","3,542,000,000","3,356,000,000",,,,
NetIncomeFromContinuingAndDiscontinuedOperation,"9,109,000,000","2,093,000,000","2,426,000,000","2,172,000,000","2,418,000,000","1,976,000,000","2,307,000,000","1,947,000,000","1,826,000,000","1,616,000,000","1,896,000,000","2,319,000,000","1,354,000,000","1,910,000,000","2,247,000,000","2,198,000,000","1,556,000,000","694,000,000","1,970,000,000","1,781,000,000","1,590,000,000","1,711,000,000","1,938,000,000","1,788,000,000","1,530,000,000","1,249,000,000","1,942,000,000","1,887,000,000","1,795,000,000","1,612,000,000","2,155,000,000","1,851,000,000","1,875,000,000","1,987,000,000","2,340,000,000","2,124,000,000","2,125,000,000","2,095,000,000","2,227,000,000","2,317,000,000","2,161,000,000","1,886,000,000","2,377,000,000","2,409,000,000","1,919,000,000","1,752,000,000","1,822,000,000","1,982,000,000","1,703,000,000","1,522,000,000","1,798,000,000","1,546,000,000","1,476,000,000","1,251,000,000","2,080,000,000","1,692,000,000","1,867,000,000","1,373,000,000","1,725,000,000","1,483,000,000","1,445,000,000","1,536,000,000","1,537,000,000","1,537,000,000","1,537,000,000"
NormalizedIncome,"9,109,000,000","2,093,000,000","2,426,000,000","2,172,000,000","2,418,000,000","1,976,000,000","2,307,000,000","1,947,000,000","1,826,000,000","1,616,000,000","1,896,000,000","2,319,000,000","1,354,000,000","1,910,000,000","2,247,000,000","2,198,000,000","1,556,000,000","694,000,000","1,970,000,000","1,781,000,000","1,590,000,000","1,711,000,000","1,938,000,000","1,788,000,000","1,530,000,000","1,300,264,038.232","1,942,000,000","1,887,000,000","1,795,000,000","1,634,818,862.935","2,148,682,000","2,199,657,000","1,891,353,000","2,196,914,605.219","2,340,000,000","2,127,555,000","2,127,112,000","2,119,181,605.351","2,250,158,264.947","2,322,671,870.398","2,166,597,492.163","1,920,686,795.198","2,407,365,279.77","2,409,709,189.498","1,930,378,668.576","1,771,339,137.317","1,836,431,731.503","1,982,000,000","1,703,000,000","1,540,584,837.545","1,798,705,211.107","1,546,714,221.825","1,476,701,665.125","1,251,000,000","2,089,926,267.281","1,725,111,896.349","1,883,192,335.766","1,375,155,180.962","1,735,758,661.888","1,536,069,557.362","1,488,934,936.351","1,536,000,000","1,537,000,000","1,537,000,000","1,537,000,000"
InterestIncome,"109,000,000"
InterestExpense,"737,000,000","255,000,000","154,000,000","161,000,000","167,000,000","274,000,000","163,000,000","162,000,000","129,000,000","362,000,000","132,000,000","150,000,000","152,000,000","315,000,000","145,000,000","168,000,000","227,000,000","441,000,000","223,000,000","213,000,000","219,000,000","379,000,000","220,000,000","223,000,000","247,000,000","351,000,000","247,000,000","259,000,000","275,000,000","381,000,000","267,000,000","254,000,000","268,000,000","383,000,000","239,000,000","246,000,000","236,000,000","374,000,000","211,000,000","209,000,000","213,000,000","321,000,000","192,000,000","208,000,000","213,000,000",,,"223,000,000",,,,,,,,,,,,,,,,,
NetInterestIncome,"-628,000,000","-146,000,000","-154,000,000","-161,000,000","-167,000,000","-164,000,000","-163,000,000","-162,000,000","-129,000,000","-136,000,000","-132,000,000","-150,000,000","-152,000,000","-125,000,000","-145,000,000","-168,000,000","-227,000,000","-259,000,000","-223,000,000","-213,000,000","-219,000,000","-201,000,000","-220,000,000","-223,000,000","-247,000,000","-227,000,000","-247,000,000","-259,000,000","-275,000,000","-263,000,000","-267,000,000","-254,000,000","-268,000,000","-252,000,000","-239,000,000","-246,000,000","-236,000,000","-226,000,000","-211,000,000","-209,000,000","-213,000,000","-187,000,000","-192,000,000","-208,000,000","-213,000,000","-216,000,000","-214,000,000","-223,000,000","-223,000,000","-225,000,000","-221,000,000","-193,000,000","-158,000,000","-106,000,000","-69,000,000","-61,000,000","-75,000,000","-13,000,000","16,000,000","-3,000,000","-10,000,000",,,,
EBIT,"12,969,000,000","3,023,000,000","3,428,000,000","3,102,000,000","3,416,000,000","2,986,000,000","3,220,000,000","2,709,000,000","2,766,000,000","2,704,000,000","2,768,000,000","3,167,000,000","2,029,000,000","2,870,000,000","3,149,000,000","3,087,000,000","2,420,000,000","3,500,000,000","3,068,000,000","2,721,000,000","2,396,000,000","2,790,000,000","2,977,000,000","2,753,000,000","2,473,000,000","2,025,000,000","2,959,000,000","2,892,000,000","2,871,000,000","2,650,000,000","3,345,000,000","2,874,000,000","2,951,000,000","3,334,000,000","3,593,000,000","3,332,000,000","3,387,000,000","3,364,000,000","3,623,000,000","3,604,000,000","3,403,000,000","3,070,000,000","3,677,000,000","3,712,000,000","3,007,000,000","2,821,000,000","2,856,000,000","2,906,000,000","2,715,000,000","2,438,000,000","2,851,000,000","2,430,000,000","2,321,000,000","2,068,000,000","2,903,000,000","2,656,000,000","2,838,000,000","2,033,000,000","2,510,000,000","2,293,000,000","2,193,000,000","-27,827,000,000","12,065,000,000","12,065,000,000","12,065,000,000"
EBITDA,"13,967,000,000"
ReconciledCostOfRevenue,"9,128,000,000","2,569,000,000","2,379,000,000","2,133,000,000","2,047,000,000","2,318,000,000","2,195,000,000","1,969,000,000","2,179,000,000","2,539,000,000","2,383,000,000","2,449,000,000","2,244,000,000","2,545,000,000","2,392,000,000","2,519,000,000","2,395,000,000","2,781,000,000","2,531,000,000","2,331,000,000","2,002,000,000","2,322,000,000","2,263,000,000","2,198,000,000","1,939,000,000","2,202,000,000","2,218,000,000","2,214,000,000","2,059,000,000","2,429,000,000","2,524,000,000","2,502,000,000","2,185,000,000","2,401,000,000","2,423,000,000","2,506,000,000","2,291,000,000","2,472,000,000","2,392,000,000","2,469,000,000","2,239,000,000","2,467,000,000","2,617,000,000","2,619,000,000","2,080,000,000","2,269,000,000","2,082,000,000","2,349,000,000","2,169,000,000","2,320,000,000","2,126,000,000","2,004,000,000","1,793,000,000","1,884,000,000","2,273,000,000","2,266,000,000","2,107,000,000","1,918,000,000","2,043,000,000","2,075,000,000","1,964,000,000",,,,
ReconciledDepreciation,"998,000,000","279,000,000","235,000,000","239,000,000","245,000,000","272,000,000","239,000,000","229,000,000","241,000,000","255,000,000","237,000,000","232,000,000","240,000,000","255,000,000","246,000,000","246,000,000","242,000,000","243,000,000","225,000,000","210,000,000","197,000,000","195,000,000","188,000,000","185,000,000","175,000,000","193,000,000","184,000,000","185,000,000","192,000,000","229,000,000","233,000,000","216,000,000","211,000,000","223,000,000","218,000,000","219,000,000","222,000,000","233,000,000","216,000,000","222,000,000","227,000,000","250,000,000","255,000,000","249,000,000","239,000,000","255,000,000","230,000,000","224,000,000","223,000,000","246,000,000","212,000,000","202,000,000","193,000,000","217,000,000","221,000,000","203,000,000","201,000,000","218,000,000","192,000,000","175,000,000","163,000,000",,,,
NetIncomeFromContinuingOperationNetMinorityInterest,"9,109,000,000","2,093,000,000","2,426,000,000","2,172,000,000","2,418,000,000","1,976,000,000","2,307,000,000","1,947,000,000","1,826,000,000","1,616,000,000","1,896,000,000","2,319,000,000","1,354,000,000","1,910,000,000","2,247,000,000","2,198,000,000","1,556,000,000","694,000,000","1,970,000,000","1,781,000,000","1,590,000,000","1,711,000,000","1,938,000,000","1,788,000,000","1,530,000,000","1,249,000,000","1,942,000,000","1,887,000,000","1,795,000,000","1,612,000,000","2,155,000,000","1,851,000,000","1,875,000,000","1,987,000,000","2,340,000,000","2,124,000,000","2,125,000,000","2,095,000,000","2,227,000,000","2,317,000,000","2,161,000,000","1,886,000,000","2,377,000,000","2,409,000,000","1,919,000,000","1,752,000,000","1,822,000,000","1,982,000,000","1,703,000,000","1,522,000,000","1,798,000,000","1,546,000,000","1,476,000,000","1,251,000,000","2,080,000,000","1,692,000,000","1,867,000,000","1,373,000,000","1,725,000,000","1,483,000,000","1,445,000,000","1,536,000,000","1,537,000,000","1,537,000,000","1,537,000,000"
TotalUnusualItemsExcludingGoodwill,,,,,,,,,,,,,,"0","0","0",,"0","0","0","0",,"0","0","0","-68,000,000","0","0","0","-32,000,000","9,000,000","-489,000,000","-23,000,000","-301,000,000","0","-5,000,000","-3,000,000","-33,000,000","-34,000,000","-8,000,000","-8,000,000","-49,000,000","-43,000,000","-1,000,000","-16,000,000","-27,000,000","-20,000,000","0","0","-26,000,000","-1,000,000","-1,000,000","-1,000,000","0","-13,000,000","-48,000,000","-23,000,000","-3,000,000","-15,000,000","-76,000,000","-62,000,000",,,,
TotalUnusualItems,,,,,,,,,,,,,,"0","0","0",,"0","0","0","0",,"0","0","0","-68,000,000","0","0","0","-32,000,000","9,000,000","-489,000,000","-23,000,000","-301,000,000","0","-5,000,000","-3,000,000","-33,000,000","-34,000,000","-8,000,000","-8,000,000","-49,000,000","-43,000,000","-1,000,000","-16,000,000","-27,000,000","-20,000,000","0","0","-26,000,000","-1,000,000","-1,000,000","-1,000,000","0","-13,000,000","-48,000,000","-23,000,000","-3,000,000","-15,000,000","-76,000,000","-62,000,000",,,,
NormalizedEBITDA,"13,967,000,000","3,302,000,000","3,663,000,000","3,341,000,000","3,661,000,000","3,258,000,000","3,459,000,000","2,938,000,000","3,007,000,000","2,959,000,000","3,005,000,000","3,399,000,000","2,269,000,000","3,125,000,000","3,395,000,000","3,333,000,000","2,662,000,000","3,743,000,000","3,293,000,000","2,931,000,000","2,593,000,000","2,985,000,000","3,165,000,000","2,938,000,000","2,648,000,000","2,286,000,000","3,143,000,000","3,077,000,000","3,063,000,000","2,911,000,000","3,569,000,000","3,579,000,000","3,185,000,000","3,858,000,000","3,811,000,000","3,556,000,000","3,612,000,000","3,630,000,000","3,873,000,000","3,834,000,000","3,638,000,000","3,369,000,000","3,975,000,000","3,962,000,000","3,262,000,000","3,103,000,000","3,106,000,000","3,130,000,000","2,938,000,000","2,710,000,000","3,064,000,000","2,633,000,000","2,515,000,000","2,285,000,000","3,137,000,000","2,907,000,000","3,062,000,000","2,254,000,000","2,717,000,000","2,544,000,000","2,418,000,000","-27,827,000,000","12,065,000,000","12,065,000,000","12,065,000,000"
TaxRateForCalcs,"0.218","0.214","0.224","0.22","0.215","0.226","0.209","0.207","0.226","0.266","0.241","0.203","0.226","0.216","0.23","0.221","0.255","0.4","0.285","0.275","0.249","0.273","0.277","0.283","0.283","0.246","0.276","0.282","0.302","0.287","0.298","0.287","0.289","0.303","0.284","0.289","0.296","0.267","0.319","0.291","0.3","0.292","0.294","0.291","0.289","0.284","0.278","0.239","0.296","0.285","0.295","0.286","0.298","0.284","0.236","0.31","0.296","0.282","0.283","0.302","0.291","0.4","0.4","0.4","0.4"
TaxEffectOfUnusualItems,"0","0","0","0","0","0","0","0","0","0","0","0","0","0","0","0","0","0","0","0","0","0","0","0","0","-16,735,961.768","0","0","0","-9,181,137.065","2,682,000","-140,343,000","-6,647,000","-91,085,394.781","0","-1,445,000","-888,000","-8,818,394.649","-10,841,735.053","-2,328,129.602","-2,402,507.837","-14,313,204.802","-12,634,720.23","-290,810.502","-4,621,331.424","-7,660,862.683","-5,568,268.497","0","0","-7,415,162.455","-294,788.893","-285,778.175","-298,334.875","0","-3,073,732.719","-14,888,103.651","-6,807,664.234","-844,819.038","-4,241,338.112","-22,930,442.638","-18,065,063.649","0","0","0","0"