name,ttm,12/31/2021,09/30/2021,06/30/2021,03/31/2021,12/31/2020,09/30/2020,06/30/2020,03/31/2020,12/31/2019,09/30/2019,06/30/2019,03/31/2019,12/31/2018,09/30/2018,06/30/2018,03/31/2018,12/31/2017,09/30/2017,06/30/2017,03/31/2017,12/31/2016,09/30/2016,06/30/2016,03/31/2016,12/31/2015,09/30/2015,06/30/2015,03/31/2015,12/31/2014,09/30/2014,06/30/2014,03/31/2014,12/31/2013,09/30/2013,06/30/2013,03/31/2013,12/31/2012,09/30/2012,06/30/2012,03/31/2012,12/31/2011,09/30/2011,06/30/2011,03/31/2011,12/31/2010,09/30/2010,06/30/2010,03/31/2010,12/31/2009,09/30/2009,06/30/2009,03/31/2009,12/31/2008,09/30/2008,06/30/2008,03/31/2008,12/31/2007,09/30/2007,06/30/2007,03/31/2007,12/31/2006,09/30/2006,06/30/2006,03/31/2006,12/31/2005,09/30/2005,06/30/2005,03/31/2005,12/31/2004,09/30/2004,06/30/2004,03/31/2004,12/31/2003,09/30/2003,06/30/2003,03/31/2003,12/31/2002,09/30/2002,06/30/2002,03/31/2002,12/31/2001,09/30/2001,06/30/2001,03/31/2001,12/31/2000,09/30/2000,06/30/2000,03/31/2000,12/31/1999,09/30/1999,06/30/1999,03/31/1999,12/31/1998,09/30/1998,06/30/1998,03/31/1998,12/31/1997,09/30/1997,06/30/1997,03/31/1997,12/31/1996,09/30/1996,06/30/1996,03/31/1996,12/31/1995,09/30/1995,06/30/1995,03/31/1995,12/31/1994,09/30/1994,06/30/1994,03/31/1994,12/31/1993,09/30/1993,06/30/1993,03/31/1993,12/31/1992,09/30/1992,06/30/1992,03/31/1992,12/31/1991,09/30/1991,06/30/1991,03/31/1991,12/31/1990,09/30/1990,06/30/1990,03/31/1990,12/31/1989,09/30/1989,06/30/1989,03/31/1989,12/31/1988,09/30/1988,06/30/1988,03/31/1988,12/31/1987,09/30/1987,06/30/1987,03/31/1987,12/31/1986,09/30/1986,06/30/1986,03/31/1986,12/31/1985,09/30/1985
TotalRevenue,"19,135,000,000","5,108,000,000","5,172,000,000","4,663,000,000","4,192,000,000","4,193,000,000","4,233,000,000","4,045,000,000","4,517,000,000","4,609,000,000","4,493,000,000","4,439,000,000","4,286,000,000","4,340,000,000","4,357,000,000","4,324,000,000","4,111,000,000","4,260,000,000","4,125,000,000","4,060,000,000","3,884,000,000","3,874,000,000","3,829,000,000","3,794,000,000","3,665,000,000","3,853,000,000","3,775,000,000","3,866,000,000","3,731,000,000","3,853,000,000","3,841,000,000","3,810,000,000","3,777,000,000","4,073,000,000","3,920,000,000","4,064,000,000","3,955,000,000","4,069,000,000","4,088,000,000","3,623,000,000","3,732,000,000","3,549,000,000","3,544,000,000","3,602,000,000","3,665,000,000","3,462,000,000","3,669,000,000","4,006,000,000","3,879,000,000","2,813,000,000","4,177,000,000","4,142,000,000","4,020,000,000","1,536,000,000","1,654,000,000","2,039,000,000","1,821,000,000","1,754,000,000","1,751,000,000","1,713,000,000","1,614,000,000","-531,000,000","3,510,000,000","1,786,000,000","1,741,000,000","1,706,000,000","1,672,000,000","1,459,000,000","1,479,000,000","1,407,000,000","1,329,000,000","1,391,000,000","1,405,000,000","1,240,000,000","1,418,000,000","1,297,000,000","1,298,000,000","1,334,000,000","1,286,000,000","1,410,000,000","1,364,000,000","915,000,000","1,350,000,000","1,285,000,000","1,255,000,000","1,268,000,000","1,231,000,000","1,346,000,000","1,349,000,000","1,273,000,000","1,245,000,000","1,271,000,000","1,389,000,000","1,456,100,000","1,321,900,000","1,241,700,000","1,176,300,000","1,135,800,000","1,065,600,000","1,046,600,000","1,055,000,000","1,005,900,000","957,300,000","947,400,000","928,500,000","1,201,800,000","652,100,000","627,300,000","621,100,000","529,000,000","726,100,000","721,100,000","755,900,000","668,000,000","722,200,000","650,000,000","734,000,000","677,200,000","624,900,000","616,800,000","625,200,000","524,700,000","637,400,000","554,800,000","530,300,000","492,800,000","515,100,000","502,600,000","495,200,000","491,900,000","472,700,000",,,,,,,,,,,,,,,,
	OperatingRevenue,"19,135,000,000","5,108,000,000","5,172,000,000","4,663,000,000","4,192,000,000","4,193,000,000","4,233,000,000","4,045,000,000","4,517,000,000","4,609,000,000","4,493,000,000","4,439,000,000","4,286,000,000","4,340,000,000","4,357,000,000","4,324,000,000","4,111,000,000","4,260,000,000","4,125,000,000","4,060,000,000","3,884,000,000","3,874,000,000","3,829,000,000","3,794,000,000","3,665,000,000","3,853,000,000","3,775,000,000","3,866,000,000","3,731,000,000","3,853,000,000","3,841,000,000","3,810,000,000","3,777,000,000","4,073,000,000","3,920,000,000","4,064,000,000","3,955,000,000","4,069,000,000","4,088,000,000","3,623,000,000","3,732,000,000","3,549,000,000","3,544,000,000","3,602,000,000","3,665,000,000","3,462,000,000","3,669,000,000","4,006,000,000","3,879,000,000","2,813,000,000","4,177,000,000","4,142,000,000","4,020,000,000","1,536,000,000","1,654,000,000","2,039,000,000","1,821,000,000","1,754,000,000","1,751,000,000","1,713,000,000","1,614,000,000","-531,000,000","3,510,000,000","1,786,000,000","1,741,000,000","1,706,000,000","1,672,000,000","1,459,000,000","1,479,000,000","1,407,000,000","1,329,000,000","1,391,000,000","1,405,000,000","1,240,000,000","1,418,000,000","1,297,000,000","1,298,000,000","1,334,000,000","1,286,000,000","1,410,000,000","1,364,000,000","915,000,000","1,350,000,000","1,285,000,000","1,255,000,000","1,268,000,000","1,231,000,000","1,346,000,000","1,349,000,000","1,273,000,000","1,245,000,000","1,271,000,000","1,389,000,000","1,456,100,000","1,321,900,000","1,241,700,000","1,176,300,000","1,135,800,000","1,065,600,000","1,046,600,000","1,055,000,000","1,005,900,000","957,300,000","947,400,000","928,500,000","1,201,800,000","652,100,000","627,300,000","621,100,000","529,000,000","726,100,000","721,100,000","755,900,000","668,000,000","722,200,000","650,000,000","734,000,000","677,200,000","624,900,000","616,800,000","625,200,000","524,700,000","637,400,000","554,800,000","530,300,000","492,800,000","515,100,000","502,600,000","495,200,000","491,900,000","472,700,000",,,,,,,,,,,,,,,,
PretaxIncome,"6,988,000,000","1,663,000,000","1,813,000,000","1,315,000,000","2,197,000,000","1,754,000,000","1,698,000,000","-902,000,000","1,060,000,000","1,626,000,000","1,687,000,000","1,648,000,000","1,519,000,000","1,615,000,000","1,661,000,000","1,660,000,000","1,492,000,000","1,074,000,000","1,539,000,000","1,483,000,000","1,394,000,000","1,366,000,000","1,348,000,000","1,307,000,000","1,232,000,000","1,383,000,000","1,342,000,000","1,454,000,000","1,328,000,000","1,356,000,000","1,429,000,000","1,410,000,000","1,419,000,000","1,413,000,000","1,359,000,000","1,472,000,000","1,324,000,000","922,000,000","1,210,000,000","719,000,000","1,092,000,000","640,000,000","1,143,000,000","1,146,000,000","1,140,000,000","1,121,000,000","954,000,000","1,087,000,000","899,000,000","1,565,000,000","755,000,000","242,000,000","663,000,000","-445,000,000","322,000,000","738,000,000","628,000,000","226,000,000","587,000,000","619,000,000","662,000,000","571,000,000","2,321,000,000","578,000,000","535,000,000","536,000,000","486,000,000","441,000,000","466,000,000","434,000,000","348,000,000","462,000,000","491,000,000","448,000,000","433,000,000","292,000,000","395,000,000","423,000,000","432,000,000","485,000,000","481,000,000","-741,000,000","454,000,000","451,000,000","400,000,000","476,000,000","454,000,000","484,000,000","471,000,000","433,000,000","491,000,000","479,000,000","488,000,000","445,100,000","433,700,000","425,900,000","405,100,000","409,400,000","407,000,000","392,800,000","408,800,000","419,300,000","362,000,000","383,100,000","362,800,000","23,100,000","219,200,000","201,000,000","183,800,000","40,400,000","280,100,000","277,800,000","304,100,000","253,700,000","326,300,000","251,100,000","285,500,000","201,300,000","196,200,000","189,100,000","191,500,000","140,200,000","156,000,000","133,000,000","119,200,000","-268,800,000","65,200,000","143,000,000","89,900,000","-11,900,000","166,700,000",,,,,,,,,,,,,,,,
TaxProvision,"1,263,000,000","357,000,000","323,000,000","212,000,000","371,000,000","298,000,000","166,000,000","-158,000,000","145,000,000","245,000,000","295,000,000","274,000,000","248,000,000","264,000,000","261,000,000","304,000,000","253,000,000","-1,017,000,000","413,000,000","386,000,000","320,000,000","319,000,000","342,000,000","318,000,000","289,000,000","361,000,000","269,000,000","410,000,000","324,000,000","299,000,000","391,000,000","358,000,000","359,000,000","352,000,000","320,000,000","349,000,000","320,000,000","203,000,000","285,000,000","173,000,000","281,000,000","147,000,000","309,000,000","234,000,000","308,000,000","301,000,000","179,000,000","306,000,000","251,000,000","503,000,000","196,000,000","35,000,000","133,000,000","-197,000,000","74,000,000","233,000,000","251,000,000","48,000,000","180,000,000","196,000,000","203,000,000","148,000,000","837,000,000","197,000,000","181,000,000","181,000,000","152,000,000","159,000,000","112,000,000","127,000,000","90,000,000","158,000,000","163,000,000","146,000,000","152,000,000","108,000,000","133,000,000","145,000,000","147,000,000","165,000,000","164,000,000","-260,000,000","156,000,000","156,000,000","135,000,000","162,000,000","155,000,000","169,000,000","163,000,000","129,000,000","171,000,000","164,000,000","163,000,000","160,400,000","153,100,000","145,500,000","135,800,000","144,400,000","145,400,000","133,700,000","142,500,000","147,600,000","128,000,000","135,000,000","124,500,000","26,700,000","70,200,000","64,000,000","58,100,000","11,800,000","92,100,000","90,000,000","98,400,000","82,200,000","108,600,000","82,000,000","98,500,000","64,400,000","61,100,000","59,300,000","63,800,000","39,600,000","48,700,000","39,400,000","30,800,000","-100,400,000","9,300,000","34,100,000","15,400,000","-13,300,000","39,800,000",,,,,,,,,,,,,,,,
NetIncomeCommonStockholders,"5,409,000,000","1,214,000,000","1,408,000,000","1,037,000,000","1,750,000,000","5,920,000,000","1,447,000,000","3,592,000,000","840,000,000","1,305,000,000","1,309,000,000","1,302,000,000","1,192,000,000","1,276,000,000","1,319,000,000","1,285,000,000","1,160,000,000","2,015,000,000","1,045,000,000","1,026,000,000","967,000,000","975,000,000","917,000,000","917,000,000","853,000,000","950,000,000","991,000,000","992,000,000","931,000,000","986,000,000","963,000,000","998,000,000","992,000,000","998,000,000","966,000,000","1,064,000,000","938,000,000","664,000,000","876,000,000","526,000,000","766,000,000","451,000,000","826,000,000","888,000,000","833,000,000","798,000,000","1,094,000,000","786,000,000","333,000,000","1,011,000,000","467,000,000","65,000,000","460,000,000","-269,000,000","248,000,000","505,000,000","377,000,000","178,000,000","407,000,000","423,000,000","459,000,000","375,000,000","1,484,000,000","381,000,000","354,000,000","355,000,000","334,000,000","282,000,000","354,000,000","307,000,000","258,000,000","304,000,000","328,000,000","274,000,000","281,000,000","184,000,000","262,000,000","262,000,000","285,000,000","319,000,000","316,000,000","-522,000,000","295,000,000","291,000,000","296,000,000","329,000,000","317,000,000","310,000,000","303,000,000","296,000,000","313,000,000","307,000,000","318,000,000","277,300,000","273,200,000","273,000,000","261,800,000","257,600,000","254,100,000","251,600,000","258,800,000","264,900,000","233,500,000","247,600,000","237,800,000","-7,000,000","148,500,000","136,400,000","125,100,000","28,000,000","187,400,000","187,200,000","205,100,000","170,400,000","217,300,000","169,100,000","167,600,000","31,300,000","135,100,000","129,800,000","127,700,000","99,800,000","106,500,000","93,600,000","88,400,000","-169,300,000","55,000,000","108,000,000","73,600,000","300,000","125,800,000",,,,,,,,,,,,,,,,
	NetIncome,"5,674,000,000","1,293,000,000","1,474,000,000","1,091,000,000","1,816,000,000","5,997,000,000","1,519,000,000","3,648,000,000","908,000,000","1,367,000,000","1,379,000,000","1,362,000,000","1,261,000,000","1,337,000,000","1,389,000,000","1,346,000,000","1,229,000,000","2,080,000,000","1,114,000,000","1,087,000,000","1,057,000,000","1,025,000,000","988,000,000","966,000,000","924,000,000","1,008,000,000","1,055,000,000","1,040,000,000","1,003,000,000","1,036,000,000","1,037,000,000","1,049,000,000","1,062,000,000","1,048,000,000","1,037,000,000","1,122,000,000","1,013,000,000","718,000,000","939,000,000","551,000,000","805,000,000","476,000,000","830,000,000","911,000,000","837,000,000","823,000,000","1,101,000,000","812,000,000","676,000,000","1,144,000,000","579,000,000","198,000,000","526,000,000","-248,000,000","248,000,000","505,000,000","377,000,000","178,000,000","407,000,000","423,000,000","459,000,000","376,000,000","1,484,000,000","381,000,000","354,000,000","355,000,000","334,000,000","282,000,000","354,000,000","307,000,000","258,000,000","304,000,000","328,000,000","274,000,000","281,000,000","184,000,000","262,000,000","262,000,000","285,000,000","320,000,000","317,000,000","-521,000,000","298,000,000","295,000,000","300,000,000","334,000,000","322,000,000","315,000,000","308,000,000","304,000,000","320,000,000","315,000,000","325,000,000","284,700,000","280,600,000","280,400,000","269,300,000","265,000,000","261,600,000","259,100,000","266,300,000","271,700,000","234,000,000","248,100,000","238,300,000","-3,600,000","149,000,000","137,000,000","125,700,000","28,600,000","188,000,000","187,800,000","205,700,000","171,500,000","217,700,000","169,100,000","167,600,000","34,400,000","135,100,000","129,800,000","127,700,000","100,600,000","107,300,000","93,600,000","88,400,000","-168,400,000","55,900,000","108,900,000","74,500,000","1,400,000","126,900,000",,,,,,,,,,,,,,,,
		NetIncomeIncludingNoncontrollingInterests,"5,725,000,000","1,306,000,000","1,490,000,000","1,103,000,000","1,826,000,000","6,011,000,000","1,532,000,000","3,655,000,000","915,000,000","1,381,000,000","1,392,000,000","1,374,000,000","1,271,000,000","1,351,000,000","1,400,000,000","1,356,000,000","1,239,000,000","2,091,000,000","1,126,000,000","1,097,000,000","1,074,000,000","1,047,000,000","1,006,000,000","989,000,000","943,000,000","1,022,000,000","1,073,000,000","1,044,000,000","1,004,000,000","1,057,000,000","1,038,000,000","1,052,000,000","1,060,000,000","1,061,000,000","1,039,000,000","1,123,000,000","1,004,000,000","719,000,000","925,000,000","546,000,000","811,000,000","493,000,000","834,000,000","912,000,000","832,000,000","820,000,000","1,103,000,000","803,000,000","671,000,000","1,107,000,000","559,000,000","207,000,000","530,000,000","-248,000,000","248,000,000","505,000,000","377,000,000","178,000,000","407,000,000","423,000,000","459,000,000","400,000,000","1,479,000,000","396,000,000","367,000,000","359,000,000","348,000,000","291,000,000","360,000,000","312,000,000","245,000,000","315,000,000","335,000,000","182,000,000","381,000,000","197,000,000","273,000,000","273,000,000","289,000,000","332,000,000","327,000,000","-488,000,000","298,000,000","295,000,000","300,000,000","334,000,000","322,000,000","315,000,000","308,000,000","304,000,000","320,000,000","315,000,000","325,000,000","284,700,000","280,600,000","280,400,000","269,300,000","265,000,000","261,600,000","259,100,000","266,300,000","271,700,000","234,000,000","248,100,000","238,300,000","-3,600,000","149,000,000","137,000,000","125,700,000","28,600,000","188,000,000","187,800,000","205,700,000","171,500,000","217,700,000","169,100,000","167,600,000","34,400,000","135,100,000","129,800,000","127,700,000","100,600,000","107,300,000","93,600,000","88,400,000","-168,400,000","55,900,000","108,900,000","74,500,000","1,400,000","126,900,000","125,500,000","123,600,000","115,600,000","110,000,000","109,200,000","107,900,000","95,200,000","30,800,000","97,100,000","32,600,000","58,800,000","57,000,000","68,500,000","53,100,000","49,700,000","49,100,000"
			NetIncomeContinuousOperations,"5,725,000,000","1,306,000,000","1,490,000,000","1,103,000,000","1,826,000,000","1,456,000,000","1,532,000,000","-744,000,000","915,000,000","1,381,000,000","1,392,000,000","1,374,000,000","1,271,000,000","1,351,000,000","1,400,000,000","1,356,000,000","1,239,000,000","2,091,000,000","1,126,000,000","1,097,000,000","1,074,000,000","1,047,000,000","1,006,000,000","989,000,000","943,000,000","1,022,000,000","1,073,000,000","1,044,000,000","1,004,000,000","1,057,000,000","1,038,000,000","1,052,000,000","1,060,000,000","1,061,000,000","1,039,000,000","1,123,000,000","1,004,000,000","719,000,000","925,000,000","546,000,000","811,000,000","493,000,000","834,000,000","912,000,000","832,000,000","820,000,000","775,000,000","781,000,000","648,000,000","1,062,000,000","559,000,000","207,000,000","530,000,000","-248,000,000","248,000,000","505,000,000","377,000,000","178,000,000","407,000,000","423,000,000","459,000,000","423,000,000","1,484,000,000","381,000,000","354,000,000","355,000,000","334,000,000","282,000,000","354,000,000","307,000,000","258,000,000","304,000,000","328,000,000","302,000,000","281,000,000","184,000,000","262,000,000","278,000,000","285,000,000","320,000,000","317,000,000","-481,000,000","298,000,000","295,000,000","265,000,000","314,000,000","299,000,000","315,000,000","308,000,000","304,000,000","320,000,000","315,000,000","325,000,000","284,700,000","280,600,000","280,400,000","269,300,000","265,000,000","261,600,000","259,100,000","266,300,000","271,700,000","234,000,000","248,100,000","238,300,000","-3,600,000","149,000,000","137,000,000","125,700,000","28,600,000","188,000,000","187,800,000","205,700,000","171,500,000","217,700,000","169,100,000","187,000,000","136,900,000","135,100,000","129,800,000","127,700,000","100,600,000","107,300,000","93,600,000","88,400,000","-168,400,000","55,900,000","108,900,000","74,500,000","1,400,000","126,900,000","125,500,000","123,600,000","115,600,000","110,000,000","109,200,000","107,900,000","95,200,000","30,800,000","97,100,000","32,600,000","58,800,000","57,000,000","68,500,000","53,100,000","49,700,000","49,100,000"
			NetIncomeDiscontinuousOperations,,,,,,"0",,"4,399,000,000",,,,,,,,,,,,,,,,,,,,,,,,,,,,,,,,,,,"0",,"0","0","328,000,000","22,000,000","23,000,000",,,,,,,,,,,,,,,,,,,,,,,,,,,,,,,,,,,,"40,000,000","20,000,000","23,000,000",,,,,,,,,,,,,,,,,,,,,,,,,,,,,,,,,,,,,,,,,,,,,,,,,,,,,,,,,,,,
			NetIncomeExtraordinary,,,,,,,,,,,,,,,,,,,,,,,,,,,,,,,,,,,,,,,,,,,,,,,,,,,,,,,,,,,,,,,,,,,,,,,,,,,,,,,,,,"0",,,"-5,000,000",,,,,,,,,,,,,,,,,,,,,,,,,,,,,"0",,,"-19,400,000",,,,,,,,,,,,,,,,,,,,,,,,,,,,,,
		MinorityInterests,"-51,000,000","-13,000,000","-16,000,000","-12,000,000","-10,000,000","-14,000,000","-13,000,000","-7,000,000","-7,000,000","-14,000,000","-13,000,000","-12,000,000","-10,000,000","-14,000,000","-11,000,000","-10,000,000","-10,000,000","-11,000,000","-12,000,000","-10,000,000","-17,000,000","-22,000,000","-18,000,000","-23,000,000","-19,000,000","-14,000,000","-18,000,000","-4,000,000","-1,000,000","-21,000,000","-1,000,000","-3,000,000","2,000,000","-13,000,000","-2,000,000","-1,000,000","9,000,000","-1,000,000","14,000,000","5,000,000","-6,000,000","-17,000,000","-4,000,000","-1,000,000","5,000,000","3,000,000","-2,000,000","9,000,000","5,000,000","37,000,000","20,000,000","-9,000,000","-4,000,000",,,,,,,,,"-24,000,000","5,000,000","-15,000,000","-13,000,000","-4,000,000","-14,000,000","-9,000,000","-6,000,000","-5,000,000","13,000,000","-11,000,000","-7,000,000","92,000,000","-100,000,000","-13,000,000","-11,000,000","-11,000,000","-4,000,000","-12,000,000","-10,000,000",,,,,,,,,,,,,,,,,,,,,,,,,,,,,,,,,,,,,,,,,,,,,,,,,,,,,,,,,,,,,,,,,,
	PreferredStockDividends,"233,000,000","71,000,000","57,000,000","48,000,000","57,000,000","48,000,000","63,000,000","55,000,000","63,000,000","55,000,000","63,000,000","55,000,000","63,000,000","55,000,000","63,000,000","55,000,000","63,000,000","55,000,000","63,000,000","55,000,000","63,000,000","43,000,000","64,000,000","43,000,000","65,000,000","43,000,000","64,000,000","48,000,000","70,000,000","48,000,000","71,000,000","48,000,000","70,000,000","50,000,000","71,000,000","53,000,000","75,000,000","50,000,000","63,000,000","25,000,000","39,000,000","23,000,000","4,000,000","25,000,000","4,000,000","24,000,000","4,000,000","25,000,000","593,000,000","35,000,000","125,000,000","147,000,000","81,000,000",,,,,,,,,,,,,,,,,,,,,"0",,,,"0",,"1,000,000","1,000,000","1,000,000","3,000,000","4,000,000","4,000,000","5,000,000","5,000,000","5,000,000","5,000,000","8,000,000","7,000,000","8,000,000","7,000,000","7,400,000","7,400,000","7,400,000","7,500,000","7,400,000","7,500,000","7,500,000","7,500,000","6,800,000","500,000","500,000","500,000","3,400,000","500,000","600,000","600,000","600,000","600,000","600,000","600,000","1,100,000","400,000",,,,,,,"800,000","800,000",,,"900,000","900,000","900,000","900,000","1,100,000","1,100,000",,,,,,,,,,,,,,,,
	OtherunderPreferredStockDividend,"32,000,000","8,000,000","9,000,000","6,000,000","9,000,000","29,000,000","9,000,000","1,000,000","5,000,000","7,000,000","7,000,000","5,000,000","6,000,000","6,000,000","7,000,000","6,000,000","6,000,000","10,000,000","6,000,000","6,000,000","27,000,000","-159,000,000","71,000,000","49,000,000","71,000,000","-162,000,000","64,000,000","48,000,000","72,000,000","-182,000,000","74,000,000","51,000,000","70,000,000","-187,000,000","71,000,000","58,000,000","75,000,000","58,000,000",,,,"1,000,000",,"23,000,000",,"1,000,000","3,000,000","1,000,000","-250,000,000","98,000,000","-13,000,000","-14,000,000","-15,000,000",,,,,,,,,,,,,,,,,,,,,,,,,,,,,,,,,,,,,,,,,,,,,,,,,,,,,,,,,,,,,,,,,,,,,,,,,,,,,,,,,,,,,,,,,,,,,,
AverageDilutionEarnings,,,,,,"22,000,000","0","-2,000,000","-1,000,000","-3,000,000","-2,000,000","-2,000,000","-3,000,000","-2,000,000","-2,000,000","-3,000,000","-2,000,000","-8,000,000","-3,000,000","-1,000,000","-4,000,000","-2,000,000","-4,000,000","-3,000,000","-3,000,000","-4,000,000","-4,000,000","-5,000,000","-5,000,000","-5,000,000","-4,000,000","-3,000,000",,,,"-4,000,000","-5,000,000","-4,000,000",,,,,,,,,,,,,,,,,,,,,,,,,,,,,,,,,,,,,,,,,,,,,,,,,,,,,,,,,,,,,,,,,,,,,,,,,,,,,,,,,,,,,,,,,,,,,,,,,,,,,,,,,,,,,
DilutedNIAvailtoComStockholders,"5,409,000,000","1,214,000,000","1,408,000,000","1,037,000,000","1,750,000,000","5,942,000,000","1,447,000,000","3,590,000,000","839,000,000","1,302,000,000","1,307,000,000","1,300,000,000","1,189,000,000","1,274,000,000","1,317,000,000","1,282,000,000","1,158,000,000","2,007,000,000","1,042,000,000","1,025,000,000","963,000,000","973,000,000","913,000,000","914,000,000","850,000,000","946,000,000","987,000,000","987,000,000","926,000,000","981,000,000","959,000,000","995,000,000","992,000,000","980,000,000","966,000,000","1,060,000,000","938,000,000","650,000,000","876,000,000","526,000,000","766,000,000","432,000,000","826,000,000","888,000,000","833,000,000","781,000,000","1,094,000,000","786,000,000","333,000,000","995,000,000","467,000,000","65,000,000","460,000,000","-276,000,000","248,000,000","505,000,000","377,000,000","170,000,000","407,000,000","423,000,000","459,000,000","370,000,000","1,484,000,000","381,000,000","354,000,000","355,000,000","334,000,000","282,000,000","354,000,000","307,000,000","258,000,000","304,000,000","328,000,000","274,000,000","281,000,000","184,000,000","262,000,000","262,000,000","285,000,000","319,000,000","316,000,000","-522,000,000","295,000,000","291,000,000","296,000,000","329,000,000","317,000,000","310,000,000","303,000,000","296,000,000","313,000,000","307,000,000","318,000,000","277,300,000","273,200,000","273,000,000","261,800,000","257,600,000","254,100,000","251,600,000","258,800,000","264,900,000","233,500,000","247,600,000","237,800,000","-7,000,000","148,500,000","136,400,000","125,100,000","28,000,000","187,400,000","187,200,000","205,100,000","170,400,000","217,300,000","169,100,000","167,600,000","31,300,000","135,100,000","129,800,000","127,700,000","99,800,000","106,500,000","93,600,000","88,400,000","-169,300,000","55,000,000","108,000,000","73,600,000","300,000","125,800,000",,,,,,,,,,,,,,,,
BasicEPS,,"2.87","3.31","2.43","4.11","3.26","3.4","8.4","1.96","2.98","2.95","2.89","2.62","2.77","2.84","2.74","2.45","4.23","2.18","2.12","1.99","2.01","1.87","1.84","1.7","1.9","1.93","1.92","1.79","1.88","1.82","1.88","1.86","1.87","1.82","2.02","1.78","1.26","1.66","1","1.45","0.86","1.57","1.69","1.584","1.52","2.08","1.49","0.67","2.19","1.01","0.14","1.04","-0.77","0.72","1.47","1.11",,"1.21","1.24","1.49",,"5.09","1.3","1.21",,"1.16","0.99","1.26",,"0.92","1.08","1.16",,"1.01","0.65","0.93",,"1","1.13","1.12",,"1.03","1.01","1.02",,"1.1","1.07","1.04",,"1.07","1.04","1.06",,"0.92","0.92","0.88",,"0.84","0.82","0.81",,"0.69","0.73","0.7",,"0.65","0.59","0.54",,"0.79","0.79","0.87",,"0.92","0.71","0.71",,"0.61","0.59","0.59",,"0.55","0.48","0.46",,"0.3","0.58","0.39",,"0.67",,"0.66",,,,"0.63",,,,"0.19",,,,"0.54",,
DilutedEPS,,"2.86","3.3","2.43","4.1","3.26","3.39","8.4","1.95","2.97","2.94","2.88","2.61","2.75","2.82","2.72","2.43","4.18","2.16","2.1","1.96","1.97","1.84","1.82","1.68","1.87","1.9","1.88","1.75","1.84","1.79","1.85","1.82","1.85","1.79","1.99","1.76","1.24","1.64","0.98","1.44","0.85","1.55","1.67","1.57","1.5","2.07","1.47","0.66","2.17","1","0.14","1.03","-0.77","0.71","1.45","1.09",,"1.19","1.22","1.46",,"5.01","1.28","1.19",,"1.14","0.98","1.24",,"0.91","1.07","1.15",,"1","0.65","0.92",,"1","1.12","1.11",,"1.02","1","1.01",,"1.09","1.06","1.03",,"1.06","1.03","1.05",,"0.91","0.9","0.87",,"0.83","0.81","0.8",,"0.68","0.72","0.69",,"0.64","0.59","0.54",,"0.79","0.79","0.86",,"0.91","0.71","0.7",,"0.6","0.59","0.58",,"0.55","0.48","0.46",,"0.29","0.57","0.39",,"0.66",,"0.65",,,,"0.61",,,,"0.19",,,,"0.51",,
BasicAverageShares,,"424,000,000","426,000,000","427,000,000","426,000,000","425,000,000","426,000,000","426,000,000","429,000,000","437,000,000","444,000,000","451,000,000","455,000,000","461,000,000","465,000,000","469,000,000","473,000,000","476,000,000","479,000,000","484,000,000","487,000,000","487,000,000","490,000,000","497,000,000","501,000,000","506,000,000","512,000,000","517,000,000","521,000,000","524,000,000","529,000,000","532,000,000","532,000,000","530,000,000","529,000,000","528,000,000","526,000,000","526,000,000","526,000,000","527,000,000","526,000,000","524,000,000","524,000,000","524,000,000","526,000,000","524,000,000","523,000,000","524,000,000","498,000,000","460,000,000","460,000,000","451,000,000","443,000,000","348,000,000","345,000,000","344,000,000","339,000,000",,"337,000,000","342,000,000","308,000,000",,"291,000,000","293,000,000","292,000,000",,"289,000,000","285,000,000","281,000,000",,"281,000,000","281,000,000","282,000,000",,"278,000,000","281,000,000","283,000,000",,"284,000,000","283,000,000","283,000,000",,"286,000,000","288,000,000","289,200,000",,"289,000,000","289,800,000","291,900,000",,"294,500,000","297,400,000","302,300,000",,"300,640,000","300,354,000","300,567,000",,"308,049,000","311,968,000","323,972,000",,"340,535,000","343,022,000","342,872,000",,"229,837,000","230,178,000","232,589,000",,"236,914,000","237,241,000","236,698,000",,"236,195,652","238,169,014","236,056,338",,"221,475,410","220,000,000","216,440,678",,"193,636,364","195,000,000","192,173,913",,"183,333,333","186,206,897","188,717,949",,"187,761,194",,"172,606,000",,,,"167,556,000",,,,"167,556,000",,,,"95,104,000",,
DilutedAverageShares,,"424,000,000","426,000,000","427,000,000","426,000,000","426,000,000","426,000,000","426,000,000","430,000,000","438,000,000","445,000,000","452,000,000","456,000,000","463,000,000","467,000,000","472,000,000","476,000,000","480,000,000","483,000,000","488,000,000","492,000,000","494,000,000","496,000,000","503,000,000","507,000,000","513,000,000","520,000,000","525,000,000","529,000,000","532,000,000","537,000,000","539,000,000","539,000,000","535,000,000","534,000,000","531,000,000","528,000,000","528,000,000","529,000,000","530,000,000","529,000,000","526,000,000","526,000,000","527,000,000","530,573,248","526,000,000","526,000,000","527,000,000","500,000,000","462,000,000","461,000,000","453,000,000","444,000,000","350,000,000","348,000,000","347,000,000","342,000,000",,"340,000,000","346,000,000","312,000,000",,"296,000,000","297,000,000","296,000,000",,"292,000,000","288,000,000","284,000,000",,"283,000,000","283,000,000","284,000,000",,"280,000,000","282,000,000","284,000,000",,"285,000,000","285,000,000","285,000,000",,"289,000,000","291,000,000","292,800,000",,"292,000,000","292,200,000","294,100,000",,"297,600,000","300,900,000","305,500,000",,"304,186,000","305,702,000","306,148,000",,"312,253,000","315,877,000","327,917,000",,"345,173,000","347,343,000","347,367,000",,"231,875,000","231,960,000","234,463,000",,"238,735,000","239,086,000","238,592,000",,"238,791,209","238,169,014","239,428,571",,"225,166,667","220,000,000","220,172,414",,"193,636,364","195,000,000","192,173,913",,"189,655,172","189,473,684","188,717,949",,"190,606,061",,"172,606,000",,,,"167,556,000",,,,"167,556,000",,,,"95,104,000",,
NetIncomeFromContinuingAndDiscontinuedOperation,"5,674,000,000","1,293,000,000","1,474,000,000","1,091,000,000","1,816,000,000","5,997,000,000","1,519,000,000","3,648,000,000","908,000,000","1,367,000,000","1,379,000,000","1,362,000,000","1,261,000,000","1,337,000,000","1,389,000,000","1,346,000,000","1,229,000,000","2,080,000,000","1,114,000,000","1,087,000,000","1,057,000,000","1,025,000,000","988,000,000","966,000,000","924,000,000","1,008,000,000","1,055,000,000","1,040,000,000","1,003,000,000","1,036,000,000","1,037,000,000","1,049,000,000","1,062,000,000","1,048,000,000","1,037,000,000","1,122,000,000","1,013,000,000","718,000,000","939,000,000","551,000,000","805,000,000","476,000,000","830,000,000","911,000,000","837,000,000","823,000,000","1,101,000,000","812,000,000","676,000,000","1,144,000,000","579,000,000","198,000,000","526,000,000","-248,000,000","248,000,000","505,000,000","377,000,000","178,000,000","407,000,000","423,000,000","459,000,000","376,000,000","1,484,000,000","381,000,000","354,000,000","355,000,000","334,000,000","282,000,000","354,000,000","307,000,000","258,000,000","304,000,000","328,000,000","302,000,000","281,000,000","184,000,000","262,000,000","262,000,000","285,000,000","320,000,000","317,000,000","-521,000,000","298,000,000","295,000,000","305,000,000","334,000,000","322,000,000","315,000,000","308,000,000","304,000,000","320,000,000","315,000,000","325,000,000","284,700,000","280,600,000","280,400,000","269,300,000","265,000,000","261,600,000","259,100,000","266,300,000","271,700,000","234,000,000","248,100,000","238,300,000","-3,600,000","149,000,000","137,000,000","125,700,000","28,600,000","188,000,000","187,800,000","205,700,000","171,500,000","217,700,000","169,100,000","187,000,000","136,900,000","135,100,000","129,800,000","127,700,000","100,600,000","107,300,000","93,600,000","88,400,000","-168,400,000","55,900,000","108,900,000","74,500,000","1,400,000","126,900,000",,,,,,,,,,,,,,,,
NormalizedIncome,"5,674,000,000","1,293,000,000","1,673,746,000","1,184,129,000","1,816,000,000","1,442,000,000","1,519,000,000","-751,000,000","908,000,000","1,367,000,000","1,379,000,000","1,362,000,000","1,261,000,000","1,337,000,000","1,389,000,000","1,346,000,000","1,229,000,000","2,080,000,000","1,114,000,000","1,087,000,000","1,057,000,000","1,025,000,000","988,000,000","966,000,000","924,000,000","1,008,000,000","1,055,000,000","1,040,000,000","1,003,000,000","1,036,000,000","1,037,000,000","1,049,000,000","1,062,000,000","1,048,000,000","1,037,000,000","1,122,000,000","1,013,000,000","-1,360,237,527.115","1,709,578,512.397","1,372,657,858.136","1,481,576,007.326","-1,121,628,125","1,405,700,787.402","1,550,036,649.215","1,358,824,561.404","839,824,264.05","830,678,197.065","857,538,178.473","736,612,903.226","1,090,856,869.01","674,511,258.278","330,582,644.628","645,110,105.581","-248,000,000","248,000,000","505,000,000","377,000,000","323,707,964.602","441,667,802.385","423,000,000","459,000,000","504,159,369.527","1,470,573,028.867","345,404,844.291","349,368,224.299","355,000,000","309,259,259.259","274,326,530.612","329,690,987.124","307,000,000","246,137,931.034","280,969,696.97","323,323,828.921","302,000,000","281,000,000","184,000,000","262,000,000","278,000,000","285,000,000","320,000,000","317,000,000","-481,000,000","298,000,000","295,000,000","265,000,000","314,000,000","299,000,000","315,000,000","308,000,000","304,000,000","320,000,000","315,000,000","325,000,000","284,700,000","280,600,000","280,400,000","269,300,000","265,000,000","261,600,000","259,100,000","266,300,000","271,700,000","234,000,000","248,100,000","238,300,000","-3,600,000","149,000,000","137,000,000","124,810,935.8","114,258,415.842","217,666,547.662","187,867,602.592","185,136,764.222","169,201,616.082","169,329,635.305","164,655,316.607","113,313,485.114","99,971,684.054","116,232,823.649","94,518,561.608","73,685,900.783","99,236,661.912","91,548,910.256","77,483,909.774","71,787,919.463","-169,465,029.762","52,899,233.129","97,020,000","70,025,027.809","-4,660,000","114,567,786.443",,,,,,,,,,,,,,,,
InterestIncome,"11,134,000,000","2,975,000,000","2,975,000,000","2,701,000,000","2,483,000,000","2,576,000,000","2,676,000,000","2,855,000,000","3,200,000,000","3,334,000,000","3,503,000,000","3,497,000,000","3,428,000,000","3,359,000,000","3,223,000,000","3,082,000,000","2,918,000,000","2,825,000,000","2,795,000,000","2,674,000,000","2,520,000,000","2,453,000,000","2,408,000,000","2,384,000,000","2,407,000,000","2,358,000,000","2,341,000,000","2,305,000,000","2,319,000,000","2,337,000,000","2,328,000,000","2,356,000,000","2,410,000,000","2,479,000,000","2,448,000,000","2,469,000,000","2,611,000,000","2,671,000,000","2,670,000,000","2,796,000,000","2,597,000,000","2,534,000,000","2,530,000,000","2,547,000,000","2,583,000,000","2,671,000,000","2,701,000,000","2,873,000,000","2,905,000,000","2,937,000,000","2,888,000,000","3,001,000,000","3,260,000,000","1,543,000,000","1,574,000,000","1,577,000,000","1,619,000,000","1,670,000,000","1,627,000,000","1,554,000,000","1,315,000,000","1,217,000,000","1,203,000,000","1,126,000,000","1,066,000,000","1,034,000,000","995,000,000","901,000,000","804,000,000","743,000,000","685,000,000","658,000,000","666,000,000","610,000,000","718,000,000","692,000,000","692,000,000","741,000,000","769,000,000","804,000,000","858,000,000","906,000,000","980,000,000","1,079,000,000","1,172,000,000","1,190,000,000","1,201,000,000","1,265,000,000","1,237,000,000","1,215,000,000","1,212,000,000","1,204,000,000","1,290,000,000","1,354,200,000","1,354,300,000","1,313,000,000","1,291,500,000","1,281,300,000","1,270,300,000","1,257,200,000","1,242,200,000","1,222,900,000","1,216,600,000","1,243,200,000","1,255,400,000","2,043,300,000","1,039,500,000","1,042,600,000","1,024,100,000","1,024,100,000","1,007,600,000","934,900,000","895,100,000","815,200,000","792,000,000","800,500,000","793,600,000","821,900,000","796,400,000","780,800,000","819,900,000","859,500,000","889,900,000","926,600,000","981,600,000","1,032,900,000","1,069,500,000","1,072,000,000","1,049,100,000","1,031,600,000","1,008,100,000",,,,,,,,,,,,,,,,
InterestExpense,"487,000,000","113,000,000","119,000,000","120,000,000","135,000,000","152,000,000","192,000,000","328,000,000","689,000,000","846,000,000","999,000,000","999,000,000","953,000,000","878,000,000","757,000,000","669,000,000","557,000,000","480,000,000","450,000,000","416,000,000","360,000,000","323,000,000","313,000,000","316,000,000","309,000,000","266,000,000","279,000,000","253,000,000","247,000,000","240,000,000","224,000,000","227,000,000","215,000,000","213,000,000","214,000,000","211,000,000","222,000,000","247,000,000","271,000,000","270,000,000","306,000,000","335,000,000","355,000,000","397,000,000","407,000,000","470,000,000","486,000,000","438,000,000","526,000,000","563,000,000","666,000,000","819,000,000","955,000,000","551,000,000","574,000,000","600,000,000","765,000,000","877,000,000","866,000,000","816,000,000","692,000,000","651,000,000","636,000,000","570,000,000","510,000,000","479,000,000","436,000,000","367,000,000","298,000,000","240,000,000","194,000,000","177,000,000","172,000,000","150,000,000","206,000,000","171,000,000","189,000,000","217,000,000","241,000,000","249,000,000","268,000,000","324,000,000","419,000,000","514,000,000","618,000,000","657,000,000","670,000,000","715,000,000","677,000,000","641,000,000","618,000,000","597,000,000","632,000,000","695,100,000","708,300,000","682,500,000","654,100,000","649,300,000","650,400,000","644,000,000","612,300,000","605,500,000","607,700,000","632,400,000","648,500,000","1,012,500,000","674,700,000","680,300,000","640,100,000","599,800,000","512,600,000","442,000,000","397,800,000","353,500,000","334,000,000","344,900,000","339,900,000","367,700,000","374,700,000","385,700,000","433,600,000","490,800,000","529,600,000","567,600,000","634,400,000","701,800,000","731,500,000","735,200,000","705,700,000","698,200,000","690,300,000",,,,,,,,,,,,,,,,
NetInterestIncome,"10,647,000,000","2,862,000,000","2,856,000,000","2,581,000,000","2,348,000,000","2,424,000,000","2,484,000,000","2,527,000,000","2,511,000,000","2,488,000,000","2,504,000,000","2,498,000,000","2,475,000,000","2,481,000,000","2,466,000,000","2,413,000,000","2,361,000,000","2,345,000,000","2,345,000,000","2,258,000,000","2,160,000,000","2,130,000,000","2,095,000,000","2,068,000,000","2,098,000,000","2,092,000,000","2,062,000,000","2,052,000,000","2,072,000,000","2,097,000,000","2,104,000,000","2,129,000,000","2,195,000,000","2,266,000,000","2,234,000,000","2,258,000,000","2,389,000,000","2,424,000,000","2,399,000,000","2,526,000,000","2,291,000,000","2,199,000,000","2,175,000,000","2,150,000,000","2,176,000,000","2,201,000,000","2,215,000,000","2,435,000,000","2,379,000,000","2,374,000,000","2,222,000,000","2,182,000,000","2,305,000,000","992,000,000","1,000,000,000","977,000,000","854,000,000","793,000,000","761,000,000","738,000,000","623,000,000","566,000,000","567,000,000","556,000,000","556,000,000","555,000,000","559,000,000","534,000,000","506,000,000","503,000,000","491,000,000","481,000,000","494,000,000","460,000,000","512,000,000","521,000,000","503,000,000","524,000,000","528,000,000","555,000,000","590,000,000","582,000,000","561,000,000","565,000,000","554,000,000","533,000,000","531,000,000","550,000,000","560,000,000","574,000,000","594,000,000","607,000,000","658,000,000","659,100,000","646,000,000","630,500,000","637,400,000","632,000,000","619,900,000","613,200,000","629,900,000","617,400,000","608,900,000","610,800,000","606,900,000","1,030,800,000","364,800,000","362,300,000","384,000,000","424,300,000","495,000,000","492,900,000","497,300,000","461,700,000","458,000,000","455,600,000","453,700,000","454,200,000","421,700,000","395,100,000","386,300,000","368,700,000","360,300,000","359,000,000","347,200,000","331,100,000","338,000,000","336,800,000","343,400,000","333,400,000","317,800,000",,,,,,,,,,,,,,,,
ReconciledDepreciation,"1,773,000,000","558,000,000","421,000,000","419,000,000","375,000,000","553,000,000","232,000,000","384,000,000","328,000,000","411,000,000","325,000,000","307,000,000","272,000,000","290,000,000","272,000,000","287,000,000","280,000,000","258,000,000","291,000,000","289,000,000","279,000,000","276,000,000","356,000,000","291,000,000","270,000,000","286,000,000","272,000,000","278,000,000","252,000,000","264,000,000","248,000,000","240,000,000","236,000,000","263,000,000","300,000,000","300,000,000","283,000,000","298,000,000","307,000,000","285,000,000","269,000,000","290,000,000","281,000,000","290,000,000","279,000,000","306,000,000","311,000,000","216,000,000","226,000,000","231,000,000","242,000,000","-143,000,000","648,000,000","75,000,000","82,000,000","76,000,000","92,000,000","94,000,000","83,000,000","78,000,000","77,000,000","77,000,000","86,000,000","89,000,000","93,000,000","98,000,000","111,000,000","86,000,000","80,000,000","76,000,000","76,000,000","77,000,000","73,000,000","74,000,000","73,000,000","68,000,000","74,000,000","177,000,000","21,000,000","34,000,000","10,000,000","39,000,000","54,000,000","67,000,000","100,000,000","88,000,000","-20,000,000","141,000,000","131,000,000","71,000,000","39,000,000","87,000,000","130,000,000","201,000,000","220,000,000","117,000,000","94,000,000","90,000,000","96,000,000","87,000,000","73,000,000","79,000,000","77,000,000","73,000,000","61,000,000","111,000,000","73,000,000","50,000,000","62,000,000","61,000,000","59,000,000","70,000,000","56,000,000","33,000,000","21,000,000","41,000,000","53,000,000","43,200,000","36,600,000","30,900,000","26,300,000","11,400,000","21,500,000","20,300,000","18,300,000","27,400,000","19,300,000","18,200,000","20,900,000","19,500,000",,,,,,,,,,,,,,,,,
NetIncomeFromContinuingOperationNetMinorityInterest,"5,674,000,000","1,293,000,000","1,474,000,000","1,091,000,000","1,816,000,000","1,442,000,000","1,519,000,000","-751,000,000","908,000,000","1,367,000,000","1,379,000,000","1,362,000,000","1,261,000,000","1,337,000,000","1,389,000,000","1,346,000,000","1,229,000,000","2,080,000,000","1,114,000,000","1,087,000,000","1,057,000,000","1,025,000,000","988,000,000","966,000,000","924,000,000","1,008,000,000","1,055,000,000","1,040,000,000","1,003,000,000","1,036,000,000","1,037,000,000","1,049,000,000","1,062,000,000","1,048,000,000","1,037,000,000","1,122,000,000","1,013,000,000","718,000,000","939,000,000","551,000,000","805,000,000","476,000,000","830,000,000","911,000,000","837,000,000","823,000,000","773,000,000","790,000,000","653,000,000","1,099,000,000","579,000,000","198,000,000","526,000,000","-248,000,000","248,000,000","505,000,000","377,000,000","178,000,000","407,000,000","423,000,000","459,000,000","376,000,000","1,484,000,000","381,000,000","354,000,000","355,000,000","334,000,000","282,000,000","354,000,000","307,000,000","258,000,000","304,000,000","328,000,000","302,000,000","281,000,000","184,000,000","262,000,000","278,000,000","285,000,000","320,000,000","317,000,000","-481,000,000","298,000,000","295,000,000","265,000,000","314,000,000","299,000,000","315,000,000","308,000,000","304,000,000","320,000,000","315,000,000","325,000,000","284,700,000","280,600,000","280,400,000","269,300,000","265,000,000","261,600,000","259,100,000","266,300,000","271,700,000","234,000,000","248,100,000","238,300,000","-3,600,000","149,000,000","137,000,000","125,700,000","28,600,000","188,000,000","187,800,000","205,700,000","171,500,000","217,700,000","169,100,000","187,000,000","136,900,000","135,100,000","129,800,000","127,700,000","100,600,000","107,300,000","93,600,000","88,400,000","-168,400,000","55,900,000","108,900,000","74,500,000","1,400,000","126,900,000",,,,,,,,,,,,,,,,
TotalUnusualItemsExcludingGoodwill,,"-47,000,000","-243,000,000","-111,000,000",,,,,,,,,,,,,,,,,,,,,,,,,,,,,,,,,,"2,665,000,000","-1,008,000,000","-1,082,000,000","-911,000,000","2,074,000,000","-789,000,000","-803,000,000","-715,000,000","-23,000,000","-71,000,000","-94,000,000","-116,000,000","12,000,000","-129,000,000","-155,000,000","-149,000,000","-78,000,000",,,,"-185,000,000","-50,000,000",,,"-173,000,000","21,000,000","54,000,000","7,000,000",,"36,000,000","12,000,000","32,000,000",,"16,000,000","35,000,000","7,000,000",,,,,,,,,,,,,,,,,,,,,,,,,,,,,,,,,,,,"1,300,000","-121,000,000","-44,200,000","-100,000","30,400,000","3,400,000","72,500,000","6,600,000","112,500,000","54,300,000","27,400,000","51,400,000","81,000,000","1,900,000","22,900,000","22,900,000","22,400,000","1,700,000","3,500,000","15,600,000","5,400,000","10,100,000","16,200,000",,,,,,,,,,,,,,,,
TotalUnusualItems,,"-47,000,000","-243,000,000","-111,000,000",,,,,,,,,,,,,,,,,,,,,,,,,,,,,,,,,,"2,665,000,000","-1,008,000,000","-1,082,000,000","-911,000,000","2,074,000,000","-789,000,000","-803,000,000","-715,000,000","-23,000,000","-71,000,000","-94,000,000","-116,000,000","12,000,000","-129,000,000","-155,000,000","-149,000,000","-78,000,000",,,,"-185,000,000","-50,000,000",,,"-173,000,000","21,000,000","54,000,000","7,000,000",,"36,000,000","12,000,000","32,000,000",,"16,000,000","35,000,000","7,000,000",,,,,,,,,,,,,,,,,,,,,,,,,,,,,,,,,,,,"1,300,000","-121,000,000","-44,200,000","-100,000","30,400,000","3,400,000","72,500,000","6,600,000","112,500,000","54,300,000","27,400,000","51,400,000","81,000,000","1,900,000","22,900,000","22,900,000","22,400,000","1,700,000","3,500,000","15,600,000","5,400,000","10,100,000","16,200,000",,,,,,,,,,,,,,,,
TaxRateForCalcs,"0.181","0.215","0.178","0.161","0.169","0.17","0.098","0.175","0.137","0.151","0.175","0.166","0.163","0.163","0.157","0.183","0.17","0.4","0.268","0.26","0.23","0.234","0.254","0.243","0.235","0.261","0.2","0.282","0.244","0.221","0.274","0.254","0.253","0.249","0.235","0.237","0.242","0.22","0.236","0.241","0.257","0.23","0.27","0.204","0.27","0.269","0.188","0.282","0.279","0.321","0.26","0.145","0.201","0.35","0.23","0.316","0.4","0.212","0.307","0.317","0.307","0.259","0.361","0.341","0.338","0.338","0.313","0.361","0.24","0.293","0.259","0.342","0.332","0.326","0.351","0.37","0.337","0.343","0.34","0.34","0.341","0.351","0.344","0.346","0.338","0.34","0.341","0.349","0.346","0.298","0.348","0.342","0.334","0.36","0.353","0.342","0.335","0.353","0.357","0.34","0.349","0.352","0.354","0.352","0.343","0.4","0.32","0.318","0.316","0.292","0.329","0.324","0.324","0.324","0.333","0.327","0.345","0.32","0.311","0.314","0.333","0.282","0.312","0.296","0.258","0.374","0.143","0.238","0.171","0.4","0.239",,,,,,,,,,,,,,,,
TaxEffectOfUnusualItems,"0","0","-43,254,000","-17,871,000","0","0","0","0","0","0","0","0","0","0","0","0","0","0","0","0","0","0","0","0","0","0","0","0","0","0","0","0","0","0","0","0","0","586,762,472.885","-237,421,487.603","-260,342,141.864","-234,423,992.674","476,371,875","-213,299,212.598","-163,963,350.785","-193,175,438.596","-6,175,735.95","-13,321,802.935","-26,461,821.527","-32,387,096.774","3,856,869.01","-33,488,741.722","-22,417,355.372","-29,889,894.419","0","0","0","0","-39,292,035.398","-15,332,197.615","0","0","-44,840,630.473","7,573,028.867","18,404,844.291","2,368,224.299","0","11,259,259.259","4,326,530.612","7,690,987.124","0","4,137,931.034","11,969,696.97","2,323,828.921","0","0","0","0","0","0","0","0","0","0","0","0","0","0","0","0","0","0","0","0","0","0","0","0","0","0","0","0","0","0","0","0","0","0","0","410,935.8","-35,341,584.158","-14,533,452.338","-32,397.408","9,836,764.222","1,101,616.082","24,129,635.305","2,155,316.607","38,813,485.114","17,371,684.054","8,532,823.649","16,118,561.608","26,985,900.783","536,661.912","7,148,910.256","6,783,909.774","5,787,919.463","634,970.238","499,233.129","3,720,000","925,027.809","4,040,000","3,867,786.443",,,,,,,,,,,,,,,,