name,ttm,12/31/2021,09/30/2021,06/30/2021,03/31/2021,12/31/2020,09/30/2020,06/30/2020,03/31/2020,12/31/2019,09/30/2019,06/30/2019,03/31/2019,12/31/2018,09/30/2018,06/30/2018,03/31/2018,12/31/2017,09/30/2017,06/30/2017,03/31/2017,12/31/2016,09/30/2016,06/30/2016,03/31/2016,12/31/2015,09/30/2015,06/30/2015,03/31/2015,12/31/2014,09/30/2014,06/30/2014,03/31/2014,12/31/2013,09/30/2013,06/30/2013,03/31/2013,12/31/2012,09/30/2012,06/30/2012,03/31/2012,12/31/2011,09/30/2011,06/30/2011,03/31/2011,12/31/2010,09/30/2010,06/30/2010,03/31/2010,12/31/2009,09/30/2009,06/30/2009,03/31/2009,12/31/2008,09/30/2008,06/30/2008,03/31/2008,12/31/2007,09/30/2007,06/30/2007,03/31/2007,12/31/2006,09/30/2006,06/30/2006,03/31/2006,12/31/2005,09/30/2005,06/30/2005,03/31/2005,12/31/2004,09/30/2004,06/30/2004,03/31/2004,12/31/2003,09/30/2003,06/30/2003,03/31/2003,12/31/2002,09/30/2002,06/30/2002,03/31/2002,12/31/2001,09/30/2001,06/30/2001,03/31/2001,12/31/2000,09/30/2000,06/30/2000,03/31/2000,12/31/1999,09/30/1999,06/30/1999,03/31/1999,12/31/1998,09/30/1998,06/30/1998,03/31/1998,12/31/1997,09/30/1997,06/30/1997,03/31/1997,12/31/1996,09/30/1996,06/30/1996,03/31/1996,12/31/1995,09/30/1995,06/30/1995,03/31/1995,12/31/1994,09/30/1994,06/30/1994,03/31/1994,12/31/1993,09/30/1993,06/30/1993,03/31/1993,12/31/1992,09/30/1992,06/30/1992,03/31/1992,12/31/1991,09/30/1991,06/30/1991,03/31/1991,12/31/1990,09/30/1990,06/30/1990,03/31/1990,12/31/1989,09/30/1989,06/30/1989,03/31/1989,12/31/1988,09/30/1988,06/30/1988,03/31/1988,12/31/1987,09/30/1987,06/30/1987,03/31/1987,12/31/1986,09/30/1986,06/30/1986,03/31/1986,12/31/1985,09/30/1985
TotalRevenue,"3,764,800,000","988,600,000","969,200,000","941,100,000","865,900,000","796,000,000","798,500,000","713,300,000","710,000,000","755,200,000","713,600,000","799,500,000","688,900,000","740,500,000","711,400,000","780,600,000","1,269,700,000","1,260,900,000","1,226,800,000","1,265,300,000","1,183,500,000","1,188,100,000","1,210,700,000","1,733,300,000","1,575,500,000","1,760,700,000","1,552,100,000","1,661,200,000","1,475,000,000","1,802,500,000","1,758,400,000","1,910,800,000","1,725,200,000","1,916,700,000","1,824,800,000","1,963,700,000","1,774,000,000","1,750,932,000","865,512,000","941,525,000","858,177,000","865,692,000","890,546,000","910,175,000","790,273,000","753,858,000","773,735,000","796,167,000","707,013,000","702,251,000","662,665,000","693,712,000","633,840,000","737,648,000","864,167,000","909,757,000","840,404,000","830,224,000","837,834,000","922,645,000","807,995,000","743,038,000","778,020,000","862,022,000","771,389,000","732,113,000","716,308,000","788,523,000","709,635,000","651,476,000","607,767,000","813,873,000","767,141,000","682,846,000","685,014,000","718,989,000","637,516,000","640,303,000","629,301,000","708,116,000","613,435,000","595,926,000","646,559,000","702,076,000","671,383,000","543,196,000","715,926,000","776,613,000","712,278,000","785,100,000","604,900,000","507,200,000","470,500,000","524,100,000","476,800,000","471,800,000","465,000,000","523,600,000","482,100,000","422,300,000","411,100,000","426,900,000","411,000,000","362,900,000","366,300,000","377,500,000","353,300,000","338,200,000","459,300,000","441,900,000","426,100,000","391,900,000","389,300,000","340,600,000","345,500,000","320,300,000","321,800,000","320,900,000","328,200,000","296,700,000","292,800,000","295,600,000","300,600,000","283,800,000","289,100,000","293,900,000","300,700,000","294,900,000","286,400,000","284,800,000","300,100,000","303,900,000","274,800,000","221,100,000","203,900,000","203,900,000","194,300,000","196,600,000","198,500,000","196,300,000","197,800,000","191,100,000","163,200,000","133,700,000","135,900,000","126,800,000","129,100,000"
	OperatingRevenue,"3,764,800,000","988,600,000","969,200,000","941,100,000","865,900,000","796,000,000","798,500,000","713,300,000","710,000,000","755,200,000","713,600,000","799,500,000","688,900,000","740,500,000","711,400,000","780,600,000","1,269,700,000","1,260,900,000","1,226,800,000","1,265,300,000","1,183,500,000","1,188,100,000","1,210,700,000","1,733,300,000","1,575,500,000","1,760,700,000","1,552,100,000","1,661,200,000","1,475,000,000","1,802,500,000","1,758,400,000","1,910,800,000","1,725,200,000","1,916,700,000","1,824,800,000","1,963,700,000","1,774,000,000","1,750,932,000","865,512,000","941,525,000","858,177,000","865,692,000","890,546,000","910,175,000","790,273,000","753,858,000","773,735,000","796,167,000","707,013,000","702,251,000","662,665,000","693,712,000","633,840,000","737,648,000","864,167,000","909,757,000","840,404,000","830,224,000","837,834,000","922,645,000","807,995,000","743,038,000","778,020,000","862,022,000","771,389,000","732,113,000","716,308,000","788,523,000","709,635,000","651,476,000","607,767,000","813,873,000","767,141,000","682,846,000","685,014,000","718,989,000","637,516,000","640,303,000","629,301,000","708,116,000","613,435,000","595,926,000","646,559,000","702,076,000","671,383,000","543,196,000","715,926,000","776,613,000","712,278,000","785,100,000","604,900,000","507,200,000","470,500,000","524,100,000","476,800,000","471,800,000","465,000,000","523,600,000","482,100,000","422,300,000","411,100,000","426,900,000","411,000,000","362,900,000","366,300,000","377,500,000","353,300,000","338,200,000","459,300,000","441,900,000","426,100,000","391,900,000","389,300,000","340,600,000","345,500,000","320,300,000","321,800,000","320,900,000","328,200,000","296,700,000","292,800,000","295,600,000","300,600,000","283,800,000","289,100,000","293,900,000","300,700,000","294,900,000","286,400,000","284,800,000","300,100,000","303,900,000","274,800,000","221,100,000","203,900,000","203,900,000","194,300,000","196,600,000","198,500,000","196,300,000","197,800,000","191,100,000","163,200,000","133,700,000","135,900,000","126,800,000","129,100,000"
CostOfRevenue,"2,445,600,000","660,400,000","634,400,000","600,100,000","550,700,000","512,500,000","521,100,000","468,200,000","458,400,000","481,000,000","458,600,000","512,800,000","453,300,000","472,500,000","467,600,000","498,000,000","807,700,000","792,600,000","771,500,000","782,100,000","761,200,000","748,000,000","769,800,000","1,134,100,000","1,040,100,000","1,191,400,000","1,012,000,000","1,095,000,000","964,800,000","1,174,600,000","1,133,700,000","1,251,900,000","1,146,900,000","1,272,600,000","1,187,200,000","1,296,300,000","1,250,000,000","1,352,264,000","587,435,000","629,397,000","577,458,000","600,827,000","618,484,000","622,439,000","541,214,000","521,630,000","537,193,000","547,999,000","493,311,000","489,794,000","455,698,000","497,233,000","464,608,000","507,804,000","608,854,000","631,695,000","589,073,000","572,589,000","591,667,000","639,200,000","570,592,000","534,472,000","565,533,000","599,333,000","548,881,000","524,304,000","515,467,000","553,290,000","505,497,000","468,274,000","437,983,000","590,412,000","565,483,000","509,594,000","518,007,000","535,501,000","482,225,000","486,556,000","480,332,000","532,136,000","466,052,000","442,222,000","487,033,000","531,294,000","507,396,000","453,343,000","510,033,000","523,519,000","465,593,000","518,200,000","395,800,000","328,200,000","302,100,000","339,200,000","314,100,000","307,000,000","301,600,000","356,100,000","323,200,000","275,900,000","267,900,000","280,000,000","280,100,000","241,500,000","237,000,000","256,100,000","246,400,000","230,500,000","331,700,000","318,500,000","305,900,000","278,700,000","273,100,000","243,100,000","247,300,000","231,400,000","232,100,000","226,300,000","236,700,000","215,600,000","210,100,000","206,800,000","215,800,000","205,200,000","211,800,000","213,300,000","220,400,000","219,100,000","212,600,000",,,,,,,,,,,,,,,,,,
GrossProfit,"1,319,200,000","328,200,000","334,800,000","341,000,000","315,200,000","283,500,000","277,400,000","245,100,000","251,600,000","274,200,000","255,000,000","286,700,000","235,600,000","268,000,000","243,800,000","282,600,000","462,000,000","468,300,000","455,300,000","483,200,000","422,300,000","440,100,000","440,900,000","599,200,000","535,400,000","569,300,000","540,100,000","566,200,000","510,200,000","627,900,000","624,700,000","658,900,000","578,300,000","644,100,000","637,600,000","667,400,000","524,000,000","398,668,000","278,077,000","312,128,000","280,719,000","264,865,000","272,062,000","287,736,000","249,059,000","232,228,000","236,542,000","248,168,000","213,702,000","212,457,000","206,967,000","196,479,000","169,232,000","229,844,000","255,313,000","278,062,000","251,331,000","257,635,000","246,167,000","283,445,000","237,403,000","208,566,000","212,487,000","262,689,000","222,508,000","207,809,000","200,841,000","235,233,000","204,138,000","183,202,000","169,784,000","223,461,000","201,658,000","173,252,000","167,007,000","183,488,000","155,291,000","153,747,000","148,969,000","175,980,000","147,383,000","153,704,000","159,526,000","170,782,000","163,987,000","89,853,000","205,893,000","253,094,000","246,685,000","266,900,000","209,100,000","179,000,000","168,400,000","184,900,000","162,700,000","164,800,000","163,400,000","167,500,000","158,900,000","146,400,000","143,200,000","146,900,000","130,900,000","121,400,000","129,300,000","121,400,000","106,900,000","107,700,000","127,600,000","123,400,000","120,200,000","113,200,000","116,200,000","97,500,000","98,200,000","88,900,000","89,700,000","94,600,000","91,500,000","81,100,000","82,700,000","88,800,000","84,800,000","78,600,000","77,300,000","80,600,000","80,300,000","75,800,000","73,800,000",,,,,,,,,,,,,,,,,,
OperatingExpense,"682,300,000","177,500,000","167,500,000","179,200,000","158,100,000","162,000,000","149,300,000","134,000,000","150,900,000","151,900,000","146,200,000","152,900,000","168,000,000","155,000,000","135,400,000","160,000,000","309,700,000","330,900,000","263,100,000","270,400,000","283,900,000","278,300,000","258,100,000","382,300,000","364,800,000","406,500,000","360,100,000","348,300,000","339,000,000","451,900,000","357,300,000","431,200,000","398,400,000","399,300,000","397,600,000","441,500,000","450,000,000","637,490,000","224,400,000","194,336,000","195,767,000","184,330,000","179,159,000","178,314,000","162,882,000","152,623,000","145,719,000","148,042,000","150,101,000","159,965,000","140,285,000","132,919,000","132,018,000","180,630,000","171,663,000","183,060,000","154,512,000","165,634,000","155,191,000","168,600,000","157,250,000","148,404,000","152,194,000","154,714,000","143,952,000","153,363,000","120,065,000","123,756,000","127,765,000","121,152,000","105,685,000","126,915,000","128,622,000","109,963,000","99,262,000","107,156,000","103,103,000","99,896,000","87,147,000","101,388,000","101,656,000","120,227,000","108,342,000","110,433,000","111,131,000","54,729,000","166,757,000","175,377,000","171,843,000","175,200,000","146,500,000","127,400,000","122,000,000","126,900,000","116,100,000","120,100,000","119,400,000","116,400,000","116,100,000","107,900,000","105,800,000","105,100,000","95,300,000","88,500,000","96,700,000","89,200,000","78,800,000","81,100,000","95,900,000","87,100,000","91,600,000","86,900,000","89,800,000","68,600,000","70,400,000","67,500,000","67,800,000","63,700,000","67,500,000","62,600,000","63,700,000","62,700,000","62,300,000","59,600,000","60,700,000","58,700,000","58,600,000","58,800,000","59,500,000",,,,,,,,,,,,,,,,,,
	SellingGeneralAndAdministration,"596,400,000","156,000,000","145,600,000","158,200,000","136,600,000","141,900,000","130,000,000","116,700,000","131,900,000","134,200,000","126,400,000","132,200,000","147,300,000","135,300,000","116,300,000","140,900,000","279,600,000","302,200,000","234,700,000","241,700,000","253,900,000","251,100,000","228,400,000","348,400,000","331,600,000","375,600,000","330,200,000","319,300,000","309,200,000","422,800,000","328,800,000","400,300,000","368,400,000","370,600,000","366,100,000","409,400,000","416,000,000","605,316,000","204,665,000","173,445,000","175,010,000","164,267,000","159,068,000","158,432,000","144,760,000","136,542,000","128,854,000","131,043,000","132,890,000","145,346,000","125,578,000","119,104,000","117,275,000","167,051,000","154,972,000","146,311,000","138,646,000","151,028,000","140,745,000","153,792,000","142,300,000","134,366,000","137,923,000","139,831,000","129,089,000","140,428,000","108,917,000","113,224,000","116,338,000","111,220,000","96,882,000","115,086,000","116,695,000","98,405,000","88,267,000","95,932,000","92,982,000","89,276,000","78,243,000","92,367,000","93,292,000","111,850,000","100,537,000","103,183,000","103,392,000","29,789,000","135,009,000","140,321,000","143,364,000","120,000,000","123,600,000","108,400,000","103,400,000","87,500,000","101,000,000","101,700,000","100,900,000","78,700,000","99,500,000","90,400,000","88,500,000","74,500,000","80,400,000","73,600,000","82,100,000","62,700,000","69,800,000","72,300,000","77,900,000","63,400,000","72,500,000","71,200,000","72,100,000","55,900,000","57,900,000","54,800,000","55,000,000","52,300,000","55,300,000","50,200,000","51,300,000","51,000,000","50,600,000","47,800,000","48,700,000","48,700,000","47,400,000","47,700,000","48,000,000",,,,,,,,,,,,,,,,,,
	ResearchAndDevelopment,"85,900,000","21,500,000","21,900,000","21,000,000","21,500,000","20,100,000","19,300,000","17,300,000","19,000,000","17,700,000","19,800,000","20,700,000","20,700,000","19,700,000","19,100,000","19,100,000","30,100,000","28,700,000","28,400,000","28,700,000","30,000,000","27,200,000","29,700,000","33,900,000","33,200,000","30,900,000","29,900,000","29,000,000","29,800,000","29,100,000","28,500,000","30,900,000","30,000,000","28,700,000","31,500,000","32,100,000","34,000,000","32,174,000","19,735,000","20,891,000","20,757,000","20,063,000","20,091,000","19,882,000","18,122,000","16,081,000","16,865,000","16,999,000","17,211,000","14,619,000","14,707,000","13,815,000","14,743,000","13,579,000","16,691,000","16,314,000","15,866,000","14,606,000","14,446,000","14,808,000","14,950,000","14,038,000","14,271,000","14,883,000","14,863,000","12,935,000","11,148,000","10,532,000","11,427,000","9,932,000","8,803,000","11,829,000","11,927,000","11,558,000","10,995,000","11,224,000","10,121,000","10,620,000","8,904,000","9,021,000","8,364,000","8,377,000","7,805,000","7,250,000","7,739,000","4,074,000","8,252,000","8,869,000",,,,,,,,,,,,,,,,,,,,,,,,,,,,,,,,,,,,,,,,,,,,,,,,,,,,,,,,,,,
	DepreciationAmortizationDepletionIncomeStatement,,,,,,,,,,,,,,,,,,,,,,,,,,,,,,,,,,,,,,,,,,,,,,,,,,,,,,,,,,,,,,,,,,,,,,,,,,,,,,,,,,,,,,"20,866,000","23,496,000","26,187,000","28,479,000","28,100,000","22,900,000","19,000,000","18,600,000","16,400,000","15,100,000","18,400,000","18,500,000","16,400,000","16,600,000","17,500,000","17,300,000","15,100,000","14,900,000","14,900,000","14,600,000","13,100,000","9,000,000","8,800,000","18,000,000","11,600,000","19,100,000","15,700,000","17,700,000","12,700,000","12,500,000","12,700,000","12,800,000","11,400,000","12,200,000","12,400,000","12,400,000","11,700,000","11,700,000","11,800,000","12,000,000","10,000,000","11,200,000","11,100,000","11,500,000",,,,,,,,,,,,,,,,,,
		DepreciationAndAmortizationInIncomeStatement,,,,,,,,,,,,,,,,,,,,,,,,,,,,,,,,,,,,,,,,,,,,,,,,,,,,,,,,,,,,,,,,,,,,,,,,,,,,,,,,,,,,,,"20,866,000","23,496,000","26,187,000","28,479,000","28,100,000","22,900,000","19,000,000","18,600,000","16,400,000","15,100,000","18,400,000","18,500,000","16,400,000","16,600,000","17,500,000","17,300,000","15,100,000","14,900,000","14,900,000","14,600,000","13,100,000","9,000,000","8,800,000","18,000,000","11,600,000","19,100,000","15,700,000","17,700,000","12,700,000","12,500,000","12,700,000","12,800,000","11,400,000","12,200,000","12,400,000","12,400,000","11,700,000","11,700,000","11,800,000","12,000,000","10,000,000","11,200,000","11,100,000","11,500,000",,,,,,,,,,,,,,,,,,
	OtherOperatingExpenses,,,,,,,,,,,,,,,,,,,,,,,,,,,,,,,,,,,,,,,,,,,,,,,,,,,,,,"0",,"20,435,000",,,,,,,,,,,,,,,,,,,,,,,,,,,,,,,,,,,,,,,,,,,,,,,,,,,,,,,,,,,,,,,,,,,,,,,,,,,,,,,,,,,,,,,,,,,
OperatingIncome,"636,900,000","150,700,000","167,300,000","161,800,000","157,100,000","121,500,000","128,100,000","111,100,000","100,700,000","122,300,000","108,800,000","133,800,000","67,600,000","113,000,000","108,400,000","122,600,000","152,300,000","137,400,000","192,200,000","212,800,000","138,400,000","161,800,000","182,800,000","216,900,000","170,600,000","162,800,000","180,000,000","217,900,000","171,200,000","176,000,000","267,400,000","227,700,000","179,900,000","244,800,000","240,000,000","225,900,000","74,000,000","-238,822,000","53,677,000","117,792,000","84,952,000","80,535,000","92,903,000","109,422,000","86,177,000","79,605,000","90,823,000","100,126,000","63,601,000","52,492,000","66,682,000","63,560,000","37,214,000","49,214,000","83,650,000","95,002,000","96,819,000","92,001,000","90,976,000","114,845,000","80,153,000","60,162,000","60,293,000","107,975,000","78,556,000","54,446,000","80,776,000","111,477,000","76,373,000","62,050,000","64,099,000","96,546,000","73,036,000","63,289,000","67,745,000","76,332,000","52,188,000","53,851,000","61,822,000","74,592,000","45,727,000","33,477,000","51,184,000","60,349,000","52,856,000","35,124,000","39,136,000","77,717,000","74,842,000","91,700,000","62,600,000","51,600,000","46,400,000","58,000,000","46,600,000","44,700,000","44,000,000","51,100,000","42,800,000","38,500,000","37,400,000","41,800,000","35,600,000","32,900,000","32,600,000","32,200,000","28,100,000","26,600,000","31,700,000","36,300,000","28,600,000","26,300,000","26,400,000","28,900,000","27,800,000","21,400,000","21,900,000","30,900,000","24,000,000","18,500,000","19,000,000","26,100,000","22,500,000","19,000,000","16,600,000","21,900,000","21,700,000","17,000,000","14,300,000","-800,600,000","300,100,000","303,900,000","274,800,000","-526,500,000","203,900,000","203,900,000","194,300,000","-554,200,000","198,500,000","196,300,000","197,800,000","-401,300,000","163,200,000","133,700,000","135,900,000","-376,400,000","129,100,000"
NetNonOperatingInterestIncomeExpense,"-12,500,000","-1,000,000","-2,600,000","-3,800,000","-5,100,000","-3,900,000","-5,400,000","-7,700,000","-6,900,000","-6,500,000","-6,900,000","-9,400,000","-7,300,000","-4,700,000","-4,300,000","-10,100,000","-13,800,000","-13,100,000","-13,900,000","-25,300,000","-35,000,000","-34,200,000","-34,300,000","-35,500,000","-36,400,000","-34,600,000","-31,300,000","-18,600,000","-18,200,000","-17,500,000","-17,100,000","-17,500,000","-15,700,000","-16,500,000","-17,200,000","-18,400,000","-17,000,000","-18,168,000","-18,620,000","-16,079,000","-14,768,000","-17,524,000","-17,373,000","14,613,000","9,325,000","-9,067,000","-8,953,000","8,569,000","9,527,000","-72,446,000","9,711,000","-9,833,000","-11,784,000",,,,,,,,,,,,,,,,,,,,,,,,,,,,,,,,,,,,,,,,,,,,,,,,,,,,,,,,,,,,,,,,,,,,,,,,,,,,,,,,,,,,,,,,,,,,,,
	InterestExpenseNonOperating,"12,500,000","1,000,000","2,600,000","3,800,000","5,100,000","3,900,000","5,400,000","7,700,000","6,900,000","6,500,000","6,900,000","9,400,000","7,300,000","4,700,000","4,300,000","10,100,000","13,800,000","23,000,000","13,900,000","25,300,000","35,000,000","42,500,000","34,300,000","35,500,000","36,400,000","40,600,000","31,300,000","18,600,000","18,200,000","21,200,000","17,100,000","17,500,000","15,700,000","24,100,000","17,200,000","18,400,000","17,000,000","18,168,000",,,"14,768,000",,,,"9,325,000",,,,,,,,,,,,,,,,,,,,,,,,,,,,,,,,,,,,,,,,,,,,,,,,,,,,,,,,,,,,,,,,,,,,,,,,,,,,,,,,,,,,,,,,,,,,,,,,,,,,,,
	TotalOtherFinanceCost,,,,,,,,,,,,,,,,,,,,,,,,,,,,,,,,,,,,,,,"18,620,000","16,079,000",,,"17,373,000","-14,613,000","-9,325,000",,"8,953,000","-8,569,000","-9,527,000",,"-9,711,000","9,833,000","11,784,000",,,,,,,,,,,,,,,,,,,,,,,,,,,,,,,,,,,,,,,,,,,,,,,,,,,,,,,,,,,,,,,,,,,,,,,,,,,,,,,,,,,,,,,,,,,,,,
OtherIncomeExpense,"2,400,000","2,000,000","1,100,000","-300,000","-400,000","-6,900,000","2,500,000","200,000","-1,200,000","-9,900,000","-700,000","12,800,000","2,900,000","-2,500,000","-2,300,000","-13,800,000","-6,700,000","0","-3,500,000","-101,000,000","200,000","-2,300,000","1,200,000","1,000,000","900,000","-557,100,000","900,000","600,000","500,000","300,000","300,000","200,000","-7,600,000","-7,900,000","600,000","900,000","17,000,000","-136,230,000","616,000","636,000","1,049,000","-200,103,000","574,000","-672,000","-235,000","302,000","347,000","-1,375,000","-84,000","-11,678,000","135,000","-5,083,000","-277,000","-714,000","-5,280,000","88,366,000","-917,000",,,,,"197,000","167,000",,,"236,000",,"5,199,000",,,,,,,,,,,,,,"-40,590,000",,,"-2,500,000","-24,589,000",,,"-200,000","0",,,"-38,000,000",,,,,,,"100,000","200,000",,,,"700,000",,,,"2,700,000","3,700,000","800,000","100,000","1,000,000","1,200,000","-400,000","-100,000","-400,000","300,000","800,000","600,000","1,500,000","5,200,000","3,800,000","900,000","1,800,000","3,000,000","1,100,000","1,600,000","1,400,000",,,,,,,,,,,,,,,,,,
	EarningsFromEquityInterest,,,,,,,,,,,,,,,,,,"400,000","300,000","400,000","200,000","1,600,000","1,200,000","1,000,000","900,000","800,000","900,000","600,000","500,000","300,000","300,000","400,000","400,000","200,000","500,000","900,000","0","-145,000","616,000","636,000","1,049,000","417,000","574,000","-672,000","-235,000","302,000","347,000","-1,375,000","-84,000","-2,070,000","135,000","-279,000","-277,000","-608,000","-669,000","-847,000","-917,000",,,,,,,,,,,,,,,,,,,,,,,,,,,,,,,,,,,,,,,,,,,,,,,,,,,,,,,,,,,,,,,,,,,,,,,,,,,,,,,,,,,,,,,,,,
	SpecialIncomeCharges,"1,400,000","0","1,400,000","0",,"0","0","-100,000","0","-1,100,000","-100,000","-100,000","3,500,000","-900,000","-200,000","-18,000,000","-5,300,000","-400,000","-3,800,000","-101,400,000",,"-3,900,000",,,,"-557,900,000","0","0",,"0","0","-200,000","-8,000,000","-8,100,000","100,000","0","17,000,000","-136,085,000",,,,,,,,,,,,"-9,608,000","0","-4,804,000",,"-106,000","-4,611,000","89,213,000",,,,,,"197,000","167,000",,,"236,000",,"5,199,000",,,,,,,,,,,,,,"-40,590,000",,,"-2,500,000","-24,589,000",,,"-200,000","0",,,"-38,000,000",,,,,,,"100,000","200,000",,,,"700,000",,,,"2,700,000","3,700,000","800,000","100,000","1,000,000","1,200,000","-400,000","-100,000","-400,000","300,000","800,000","600,000","1,500,000","5,200,000","3,800,000","900,000","1,800,000","3,000,000","1,100,000","1,600,000","1,400,000",,,,,,,,,,,,,,,,,,
		ImpairmentOfCapitalAssets,,,,,,,,,,,,,,,,,,,,,,,,,,,,,,"0",,,,"11,000,000",,,,"60,718,000",,,,,,,,,,,,,,,,,,,,,,,,,,,,,,,,,,,,,,,,,,,,,,,,,,,,,,,,,,,,,,,,,,,,,,,,,,,,,,,,,,,,,,,,,,,,,,,,,,,,,,,,,,,,,
		OtherSpecialCharges,,,,,,,,,,,,,,"0",,"17,100,000",,"0",,"101,400,000",,,,,,,,,,,,,,,,,,"75,367,000",,,,,,,,,,,,"9,608,000",,"4,804,000",,,,,,,,,,,,,,,,,,,,,,,,,,,,,,,,,,,,,,,,,,,,,,,,,,,,,,,,,,,,,,,,,,,,,,,,,,,,,,,,,,,,,,,,,,,,,,,
		GainOnSaleOfBusiness,"1,400,000","0","1,400,000","0",,"0","0","-100,000","0","-1,100,000","-100,000","-100,000","3,500,000","-900,000","-200,000","-900,000","-5,300,000","-400,000","-3,800,000",,,"-3,900,000",,,,"-3,200,000","0","0",,"0","0","-200,000","-8,000,000","2,900,000","100,000","0","17,000,000",,,,,,,,,,,,,"0","0","0",,,,,,,,,,,,,,,,,,,,,,,,,,,,,,,,,,,,,,,,,,,,,,,,,,,,,,,,,,,,,,,,,,,,,,,,,,,,,,,,,,,,,,,,,,,,,,,
	OtherNonOperatingIncomeExpenses,"1,000,000","2,000,000","-300,000","-300,000","-400,000","-6,900,000","2,500,000","300,000","-1,200,000","-8,800,000","-600,000","12,900,000","-600,000","-1,600,000","-2,100,000","4,200,000","-1,400,000",,,,,,,,,,,,,,,,,,,,,,,,,,,,,,,,,,,,,,,,,,,,,,,,,,,,,,,,,,,,,,,,,,,,,,,,,,,,,,,,,,,,,,,,,,,,,,,,,,,,,,,,,,,,,,,,,,,,,,,,,,,,,,,,,,
PretaxIncome,"626,800,000","151,700,000","165,800,000","157,700,000","151,600,000","110,700,000","125,200,000","103,600,000","92,600,000","105,900,000","101,200,000","137,200,000","63,200,000","105,800,000","101,800,000","98,700,000","131,800,000","124,300,000","174,800,000","86,500,000","103,600,000","125,300,000","149,700,000","182,400,000","135,100,000","-428,900,000","149,600,000","199,900,000","153,500,000","158,800,000","250,600,000","210,400,000","156,600,000","220,400,000","223,400,000","208,400,000","74,000,000","-393,220,000","35,673,000","102,349,000","71,233,000","-137,092,000","76,104,000","95,481,000","77,087,000","70,840,000","82,217,000","92,932,000","54,158,000","42,014,000","56,836,000","48,644,000","25,153,000","34,750,000","64,635,000","187,941,000","79,814,000","70,510,000","72,140,000","95,960,000","65,033,000","47,339,000","47,436,000","95,422,000","65,272,000","43,419,000","70,024,000","104,978,000","65,097,000","51,156,000","52,927,000","85,313,000","61,862,000","51,783,000","58,145,000","66,495,000","42,195,000","42,717,000","53,617,000","64,116,000","31,997,000","-20,235,000","36,775,000","44,108,000","32,640,000","-3,893,000","19,075,000","57,712,000","54,237,000","70,000,000","48,500,000","44,600,000","3,500,000","52,200,000","41,100,000","39,100,000","38,500,000","55,700,000","36,700,000","33,600,000","32,300,000","37,300,000","31,100,000","28,200,000","28,000,000","30,200,000","25,500,000","22,500,000","25,900,000","28,400,000","22,500,000","19,300,000","18,900,000","23,100,000","22,100,000","16,200,000","16,000,000","25,000,000","19,000,000","13,400,000","15,300,000","25,900,000","20,200,000","14,900,000","13,200,000","19,200,000","16,200,000","12,100,000","10,000,000",,,,,,,,,,,,,,,,,,
TaxProvision,"70,800,000","3,100,000","22,100,000","25,100,000","20,500,000","10,900,000","14,400,000","29,800,000","19,900,000","3,000,000","9,900,000","22,100,000","10,800,000","11,600,000","10,600,000","20,800,000","27,600,000","-79,600,000","47,700,000","18,200,000","22,900,000","15,700,000","32,200,000","39,600,000","27,700,000","23,400,000","34,400,000","46,000,000","35,300,000","29,000,000","58,100,000","48,900,000","38,000,000","60,700,000","49,200,000","53,000,000","21,000,000","-121,319,000","4,023,000","28,864,000","9,079,000","-3,388,000","24,050,000","27,344,000","25,053,000","21,263,000","26,488,000","31,320,000","18,129,000","14,620,000","18,159,000","16,217,000","7,432,000","10,822,000","21,146,000","49,206,000","27,170,000","22,196,000","14,096,000","33,959,000","22,903,000","8,717,000","13,995,000","26,789,000","22,201,000","13,572,000","22,649,000","40,456,000","21,792,000","17,460,000","19,835,000","29,853,000","21,652,000","17,606,000","19,770,000","22,608,000","14,346,000","14,632,000","16,214,000","21,140,000","10,559,000","-3,961,000","12,104,000","15,552,000","12,077,000","-2,560,000","6,402,000","21,082,000","20,338,000","27,000,000","18,700,000","16,300,000","1,300,000","19,300,000","15,300,000","14,700,000","14,800,000","26,200,000","14,500,000","13,100,000","12,900,000","15,000,000","12,500,000","11,100,000","11,500,000","12,200,000","10,200,000","9,200,000","10,500,000","11,500,000","8,700,000","7,500,000","7,800,000","9,100,000","8,800,000","6,400,000","6,500,000","10,700,000","7,400,000","5,200,000","6,600,000","12,200,000","9,000,000","6,000,000","5,800,000","8,400,000","6,700,000","5,100,000","4,300,000",,,,,,,,,,,,,,,,,,
NetIncomeCommonStockholders,"553,000,000","148,700,000","143,600,000","132,100,000","128,600,000","103,000,000","110,800,000","72,100,000","72,700,000","97,800,000","92,300,000","114,300,000","51,300,000","92,900,000","110,100,000","41,500,000","102,900,000","189,600,000","125,400,000","263,700,000","87,800,000","131,000,000","141,000,000","142,800,000","107,400,000","-453,300,000","115,200,000","147,800,000","113,900,000","120,800,000","-186,000,000","161,500,000","118,600,000","158,200,000","172,800,000","154,100,000","52,000,000","-270,248,000","30,418,000","71,830,000","60,814,000","-134,123,000","51,092,000","66,712,000","50,541,000","47,002,000","55,050,000","61,081,000","35,321,000","29,352,000","36,948,000","31,928,000","17,265,000","4,589,000","41,120,000","138,735,000","44,290,000","48,545,000","58,044,000","62,065,000","42,273,000","38,637,000","34,841,000","68,633,000","41,620,000","29,847,000","47,375,000","64,522,000","43,305,000","27,652,000","47,902,000","55,460,000","40,210,000","31,241,000","38,375,000","43,887,000","27,849,000","28,085,000","37,403,000","42,976,000","21,438,000","-40,921,000","24,671,000","28,556,000","20,563,000","-27,314,000","12,673,000","36,630,000","33,899,000","43,000,000","29,800,000","28,300,000","2,200,000","32,100,000","24,600,000","23,200,000","22,500,000","28,200,000","21,000,000","19,300,000","18,200,000","21,200,000","17,300,000","15,800,000","15,200,000","16,800,000","14,000,000","27,200,000","14,100,000","15,600,000","12,400,000","10,400,000","9,700,000","12,700,000","11,900,000","8,400,000","7,500,000","-31,000,000","10,000,000","6,600,000","7,100,000","12,100,000","9,600,000","7,300,000","5,800,000","10,600,000","7,400,000","4,800,000","4,300,000",,,,,,,,,,,,,,,,,,
	NetIncome,"553,000,000","148,700,000","143,600,000","132,100,000","128,600,000","103,000,000","110,800,000","72,100,000","72,700,000","97,800,000","92,300,000","114,300,000","51,300,000","92,900,000","110,100,000","41,500,000","102,900,000","189,600,000","125,400,000","263,700,000","87,800,000","131,000,000","141,000,000","142,800,000","107,400,000","-453,300,000","115,200,000","147,800,000","113,900,000","120,800,000","-186,000,000","161,500,000","118,600,000","158,200,000","172,800,000","154,100,000","52,000,000","-270,248,000","30,418,000","71,830,000","60,814,000","-134,123,000","51,092,000","66,712,000","50,541,000","46,376,000","55,050,000","61,081,000","35,321,000","29,352,000","36,948,000","31,928,000","17,265,000","4,589,000","41,120,000","138,735,000","44,290,000","48,545,000","58,044,000","62,065,000","42,273,000","38,637,000","34,841,000","68,633,000","41,620,000","29,847,000","47,375,000","64,522,000","43,305,000","27,652,000","47,902,000","55,460,000","40,210,000","31,241,000","38,375,000","43,887,000","27,849,000","28,085,000","37,403,000","42,976,000","21,438,000","-40,921,000","24,671,000","28,556,000","20,563,000","-27,314,000","12,673,000","36,630,000","33,899,000","43,000,000","29,800,000","28,300,000","2,200,000","32,900,000","25,800,000","24,400,000","23,700,000","29,500,000","22,200,000","20,500,000","19,400,000","22,300,000","18,600,000","17,100,000","16,500,000","18,000,000","15,300,000","28,500,000","15,400,000","16,900,000","13,800,000","11,800,000","11,100,000","14,000,000","13,300,000","9,800,000","9,500,000","-27,300,000","11,600,000","8,200,000","8,700,000","13,700,000","11,200,000","8,900,000","7,400,000","10,800,000","9,500,000","7,000,000","5,700,000",,,,,,,,,,,,,,,,,,
		NetIncomeIncludingNoncontrollingInterests,"553,000,000","148,700,000","143,600,000","132,100,000","128,600,000","103,000,000","110,800,000","72,100,000","72,700,000","97,800,000","92,300,000","114,300,000","51,300,000","92,900,000","110,100,000","41,500,000","102,900,000","189,600,000","125,400,000","263,700,000","87,800,000","131,000,000","141,000,000","142,800,000","107,400,000","-453,300,000","115,200,000","147,800,000","113,900,000","120,800,000","-186,000,000","161,500,000","118,600,000","159,700,000","174,200,000","155,400,000","53,000,000","-271,901,000","31,650,000","73,485,000","62,154,000","-133,704,000","52,054,000","68,137,000","52,034,000","47,285,000","56,278,000","62,205,000","36,553,000","27,528,000","38,592,000","32,349,000","17,731,000","4,922,000","43,220,000","138,735,000","44,290,000","48,545,000","58,044,000","62,065,000","42,273,000","38,637,000","34,841,000","68,633,000","41,620,000","29,847,000","47,375,000","64,522,000","43,305,000","27,652,000","47,902,000","55,460,000","40,210,000","31,241,000","38,375,000","43,887,000","27,849,000","28,085,000","37,403,000","42,976,000","21,438,000","-40,921,000","24,671,000","28,556,000","20,563,000","-27,314,000","12,673,000","36,630,000","33,899,000","43,000,000","29,800,000","28,300,000","2,200,000","32,900,000","25,800,000","24,400,000","23,700,000","29,500,000","22,200,000","20,500,000","19,400,000","22,300,000","18,600,000","17,100,000","16,500,000","18,000,000","15,300,000","28,500,000","15,400,000","16,900,000","13,800,000","11,800,000","11,100,000","14,000,000","13,300,000","9,800,000","9,500,000","-27,300,000","11,600,000","8,200,000","8,700,000","13,700,000","11,200,000","8,900,000","7,400,000","10,800,000","9,500,000","7,000,000","5,700,000","9,100,000","8,000,000","10,300,000","9,000,000","8,800,000","9,900,000","10,100,000","11,000,000","10,700,000","4,600,000","2,900,000","3,700,000","4,600,000","3,200,000","3,800,000","3,600,000","2,900,000","4,600,000"
			NetIncomeContinuousOperations,"556,000,000","148,600,000","143,700,000","132,600,000","131,100,000","99,800,000","110,800,000","73,800,000","72,700,000","102,900,000","91,300,000","115,100,000","52,400,000","94,200,000","91,200,000","77,900,000","104,200,000","203,900,000","127,100,000","68,300,000","80,700,000","109,600,000","117,500,000","142,800,000","107,400,000","-452,300,000","115,200,000","153,900,000","118,200,000","129,800,000","192,500,000","161,500,000","118,600,000","159,700,000","174,200,000","155,400,000","53,000,000","-271,901,000","31,650,000","73,485,000","62,154,000","-133,704,000","52,054,000","68,137,000","52,034,000","49,577,000","55,729,000","61,612,000","36,029,000","27,394,000","38,677,000","32,427,000","17,721,000","23,595,000","41,389,000","138,735,000","52,644,000","48,314,000","58,044,000","62,001,000","42,130,000","38,622,000","33,441,000","68,633,000","43,071,000","29,847,000","47,375,000","64,522,000","43,305,000","33,698,000","33,092,000","55,460,000","40,210,000","34,177,000","38,375,000","43,887,000","27,849,000","28,085,000","37,403,000","42,976,000","21,438,000","-16,274,000","24,671,000","28,556,000","20,563,000","-1,333,000","12,673,000","36,630,000","33,899,000","43,000,000","29,800,000","28,300,000","2,200,000","32,900,000","25,800,000","24,400,000","23,700,000","29,500,000","22,200,000","20,500,000","19,400,000","22,300,000","18,600,000","17,100,000","16,500,000","18,000,000","15,300,000","13,300,000","15,400,000","16,900,000","13,800,000","11,800,000","11,100,000","14,000,000","13,300,000","9,800,000","9,500,000","14,300,000","11,600,000","8,200,000","8,700,000","13,700,000","11,200,000","8,900,000","7,400,000","10,800,000","9,500,000","7,000,000","5,700,000","9,100,000","8,000,000","10,300,000","9,000,000","8,800,000","9,900,000","10,100,000","11,000,000","10,700,000","4,600,000","2,900,000","3,700,000","4,600,000","3,200,000","3,800,000","3,600,000","2,900,000","4,600,000"
			NetIncomeDiscontinuousOperations,"-3,000,000","100,000","-100,000","-500,000","-2,500,000","3,200,000","0","-1,700,000","0","-5,100,000","1,000,000","-800,000","-1,100,000","-1,300,000","18,900,000","-36,400,000","-1,300,000","-14,300,000","-1,700,000","195,400,000","7,100,000","21,400,000","23,500,000","0","0","-1,000,000","0","-6,100,000","-4,300,000","-9,000,000","-378,500,000",,,,,,,,,,,"0","0","0","0","-2,292,000","549,000","593,000","524,000","134,000","-85,000","-78,000","10,000","-19,006,000","-269,000",,"-8,354,000","231,000",,"64,000","143,000","15,000","1,400,000",,"-1,451,000",,,,,"-6,046,000","14,810,000",,,,,,,,,,,,,,,,,,,,,,,,,,,,,,,,,,,"0",,"15,200,000",,,,,,,,,,,,,,,,,,,,,,,,,,,,,,,,,,,,,,,
		MinorityInterests,,,,,,,,,,,,,,,,,,,,,,,,,,,,,,"0","0","0","0","-1,500,000","-1,400,000","-1,300,000","-1,000,000","1,653,000","-1,232,000","-1,655,000","-1,340,000","-419,000","-962,000","-1,425,000","-1,493,000","-909,000","-1,228,000","-1,124,000","-1,232,000","1,824,000","-1,644,000","-421,000","-466,000","-333,000","-2,100,000",,,,,,,,,,,,,,,,,,,,,,,,,,,,,,,,,,,,,,,,,,,,,,,,,,,,,,,,,,,,,,,,,,,,,,,,,,,,,,,,,,,,,,,,,,,,
	PreferredStockDividends,,,,,,,,,,,,,,,,,,,,,,,,,,,,,,,,,,,,,,,,,,,,,,,,,,,,,,,,,,,,,,,,,,,,,,,,,,,,,,,,,,,,,,,,,,,,,,"800,000","1,200,000","1,200,000","1,200,000","1,300,000","1,200,000","1,200,000","1,200,000","1,100,000","1,300,000","1,300,000","1,300,000","1,200,000","1,300,000","1,300,000","1,300,000","1,300,000","1,400,000","1,400,000","1,400,000","1,300,000","1,400,000","1,400,000","2,000,000","3,700,000","1,600,000","1,600,000","1,600,000","1,600,000","1,600,000","1,600,000","1,600,000","200,000","2,100,000","2,200,000","1,400,000",,,,,,,,,,,,,,,,,,
DilutedNIAvailtoComStockholders,"553,000,000","148,700,000","143,600,000","132,100,000","128,600,000","103,000,000","110,800,000","72,100,000","72,700,000","97,800,000","92,300,000","114,300,000","51,300,000","92,900,000","110,100,000","41,500,000","102,900,000","189,600,000","125,400,000","263,700,000","87,800,000","131,000,000","141,000,000","142,800,000","107,400,000","-453,300,000","115,200,000","147,800,000","113,900,000","120,800,000","-186,000,000","161,500,000","118,600,000","158,200,000","172,800,000","154,100,000","52,000,000","-270,248,000","30,418,000","71,830,000","60,814,000","-134,123,000","51,092,000","66,712,000","50,541,000","47,002,000","55,050,000","61,081,000","35,321,000","29,352,000","36,948,000","31,928,000","17,265,000","4,589,000","41,120,000","138,735,000","44,290,000","48,545,000","58,044,000","62,065,000","42,273,000","38,637,000","34,841,000","68,633,000","41,620,000","29,847,000","47,375,000","64,522,000","43,305,000","27,652,000","47,902,000","55,460,000","40,210,000","31,241,000","38,375,000","43,887,000","27,849,000","28,085,000","37,403,000","42,976,000","21,438,000","-40,921,000","24,671,000","28,556,000","20,563,000","-27,314,000","12,673,000","36,630,000","33,899,000","43,000,000","29,800,000","28,300,000","2,200,000","32,100,000","24,600,000","23,200,000","22,500,000","28,200,000","21,000,000","19,300,000","18,200,000","21,200,000","17,300,000","15,800,000","15,200,000","16,800,000","14,000,000","27,200,000","14,100,000","15,600,000","12,400,000","10,400,000","9,700,000","12,700,000","11,900,000","8,400,000","7,500,000","-31,000,000","10,000,000","6,600,000","7,100,000","12,100,000","9,600,000","7,300,000","5,800,000","10,600,000","7,400,000","4,800,000","4,300,000",,,,,,,,,,,,,,,,,,
BasicEPS,,"0.9","0.87","0.8","0.77","0.62","0.67","0.43","0.43","0.58","0.55","0.67","0.3","0.54","0.63","0.23","0.57","1.05","0.69","1.45","0.48","0.72","0.78","0.79","0.59","0.51","0.64","0.82","0.63","0.7","-0.98","0.84","0.6","0.8","0.87","0.76","0.25","-1.31","0.3","0.73","0.614",,"0.517","0.68","0.52",,"0.56","0.62","0.36",,"0.38","0.33","0.18",,"0.42","1.41","0.45",,"0.59","0.63","0.43",,"0.35","0.68","0.42",,"0.47","0.64","0.43",,"0.48","0.56","0.41",,"0.78","0.89","0.28",,"0.76","0.87","0.22",,"0.5","0.58","0.42",,"0.26","0.75","0.35",,"0.35","0.335","0.025",,"0.32","0.3","0.295",,"0.275","0.255","0.24",,"0.23","0.21","0.205",,"0.19","0.365","0.19",,"0.17","0.145","0.135",,"0.165","0.115","0.115",,"0.16","0.105","0.115",,"0.155","0.12","0.095",,"0.125","0.085","0.07",,"0.11","0.14","0.125",,"0.16","0.16","0.16",,"0.065","0.04","0.065",,"0.055","0.07","0.065",,"0.08"
DilutedEPS,,"0.89","0.86","0.79","0.77","0.61","0.66","0.43","0.43","0.58","0.55","0.67","0.3","0.53","0.63","0.23","0.57","1.04","0.68","1.43","0.48","0.71","0.77","0.78","0.59","0.5","0.63","0.81","0.62","0.69","-0.98","0.82","0.59","0.78","0.85","0.75","0.25","-1.31","0.3","0.71","0.614",,"0.517","0.67","0.51",,"0.55","0.61","0.36",,"0.38","0.33","0.18",,"0.42","1.39","0.45",,"0.58","0.62","0.42",,"0.34","0.67","0.41",,"0.46","0.63","0.42",,"0.47","0.55","0.4",,"0.77","0.88","0.28",,"0.75","0.86","0.215",,"0.5","0.58","0.42",,"0.26","0.75","0.35",,"0.345","0.33","0.025",,"0.3","0.28","0.27",,"0.255","0.235","0.225",,"0.215","0.2","0.19",,"0.18","0.335","0.18",,"0.16","0.14","0.13",,"0.16","0.115","0.115",,"0.145","0.1","0.11",,"0.14","0.11","0.095",,"0.12","0.085","0.07",,"0.105","0.135","0.12",,"0.14","0.145","0.15",,"0.065","0.04","0.065",,"0.055","0.065","0.065",,"0.075"
BasicAverageShares,,"165,300,000","165,700,000","166,000,000","166,200,000","166,200,000","166,100,000","165,800,000","167,800,000","168,200,000","168,100,000","169,800,000","171,600,000","172,900,000","174,300,000","176,900,000","179,200,000","181,400,000","181,500,000","181,700,000","182,000,000","181,800,000","181,400,000","180,900,000","180,700,000","180,500,000","180,200,000","179,800,000","180,100,000","183,100,000","190,200,000","193,100,000","196,200,000","198,100,000","199,300,000","202,100,000","204,800,000","208,402,000","100,445,000","99,047,000","99,048,375",,"98,566,023","98,333,000","98,098,000",,"98,298,000","98,208,000","98,030,000",,"97,496,000","97,507,000","97,375,000",,"97,827,000","98,062,000","98,280,000",,"98,747,000","98,874,000","98,966,000",,"99,419,000","100,509,000","100,493,000",,"100,922,000","100,769,000","100,363,000",,"99,502,000","99,320,000","98,428,000",,"49,484,000","49,381,000","98,696,000",,"49,235,000","49,228,000","98,346,000",,"49,082,000","49,032,000","49,006,000",,"48,521,000","48,517,000","96,908,000",,"85,142,857","84,477,612","42,700,169",,"76,875,000","77,333,333","38,319,608",,"76,363,636","75,686,275","37,863,963",,"75,217,391","75,238,095","37,394,754",,"73,684,211","74,520,548","36,632,940",,"72,941,176","71,724,138","71,851,852",,"72,121,212","73,043,478","65,217,391",,"62,500,000","62,857,143","61,739,130",,"61,935,484","60,833,333","61,052,632",,"59,200,000","56,470,588","61,428,571",,"64,732,000","64,148,000","64,148,000",,"57,620,000","57,312,000","52,108,000",,"57,324,000","57,024,000","57,024,000",,"56,876,000","56,744,000","56,676,000",,"56,568,000"
DilutedAverageShares,,"167,000,000","167,600,000","167,800,000","167,700,000","167,500,000","167,100,000","166,400,000","168,700,000","169,300,000","168,600,000","170,500,000","172,500,000","174,000,000","175,700,000","178,600,000","181,500,000","183,600,000","183,500,000","183,800,000","184,000,000","183,600,000","183,600,000","183,000,000","182,400,000","182,500,000","182,600,000","182,300,000","182,700,000","185,800,000","193,100,000","196,400,000","199,700,000","201,600,000","202,800,000","205,500,000","208,200,000","208,402,000","102,910,000","101,165,000","99,048,375",,"98,566,023","100,065,000","99,670,000",,"99,514,000","99,638,000","99,568,000",,"98,641,000","98,422,000","97,966,000",,"99,319,000","99,509,000","99,558,000",,"100,365,000","100,371,000","100,271,000",,"101,062,000","102,429,000","102,492,000",,"102,973,000","102,967,000","102,742,000",,"102,059,000","101,694,000","100,530,000",,"50,043,000","49,812,000","99,234,000",,"49,804,000","50,039,000","99,168,000",,"49,410,000","49,274,000","49,127,000",,"48,568,000","48,742,000","97,150,000",,"86,376,812","85,757,576","42,700,169",,"82,000,000","82,857,143","38,319,608",,"82,352,941","82,127,660","37,863,963",,"80,465,116","79,000,000","37,394,754",,"77,777,778","81,194,030","36,632,940",,"77,500,000","74,285,714","74,615,385",,"74,375,000","73,043,478","65,217,391",,"68,965,517","66,000,000","64,545,455",,"68,571,429","66,363,636","61,052,632",,"61,666,667","56,470,588","61,428,571",,"64,732,000","64,148,000","64,148,000",,"57,620,000","57,312,000","52,108,000",,"57,324,000","57,024,000","57,024,000",,"56,876,000","56,744,000","56,676,000",,"56,568,000"
TotalOperatingIncomeAsReported,"636,900,000","150,700,000","167,300,000","161,800,000","157,100,000","121,500,000","128,100,000","111,100,000","100,700,000","122,300,000","108,800,000","133,800,000","67,600,000","113,000,000","108,400,000","122,600,000","152,300,000","137,400,000","192,200,000","212,800,000","138,400,000","161,800,000","182,800,000","216,900,000","170,600,000","-391,900,000","180,000,000","217,900,000","171,200,000","176,000,000","267,400,000","227,700,000","179,900,000","233,800,000","240,000,000","225,900,000","74,000,000","-299,540,000","53,677,000","117,792,000","84,952,000","-119,985,000","92,903,000","109,422,000","86,177,000","79,605,000","90,823,000","100,126,000","63,601,000","52,492,000","66,682,000","63,560,000","37,214,000","49,214,000","83,650,000","95,002,000","96,819,000","92,001,000","90,976,000","114,845,000","80,153,000","60,162,000","60,293,000","107,975,000","78,556,000","54,446,000","80,776,000","111,477,000","76,373,000","62,050,000","64,099,000","96,546,000","73,036,000","63,289,000","67,745,000","76,332,000","52,188,000","53,851,000","61,822,000","74,592,000","45,727,000","-6,628,000","51,184,000","60,349,000","52,856,000","35,124,000","39,136,000","77,717,000","74,842,000","91,700,000","62,600,000","51,600,000","46,400,000","58,000,000","46,600,000","44,700,000","44,000,000","51,100,000","42,800,000","38,500,000","37,400,000","41,800,000","35,600,000","32,900,000","32,600,000","32,200,000","28,100,000","26,600,000","31,700,000","36,300,000","28,600,000","26,300,000","26,400,000","28,900,000","27,800,000","21,400,000","21,900,000","30,900,000","24,000,000","18,500,000","19,000,000","26,100,000","22,500,000","19,000,000","16,600,000","21,900,000","21,700,000","17,000,000","14,300,000",,,,,,,,,,,,,,,,,,
TotalExpenses,"3,127,900,000","837,900,000","801,900,000","779,300,000","708,800,000","674,500,000","670,400,000","602,200,000","609,300,000","632,900,000","604,800,000","665,700,000","621,300,000","627,500,000","603,000,000","658,000,000","1,117,400,000","1,123,500,000","1,034,600,000","1,052,500,000","1,045,100,000","1,026,300,000","1,027,900,000","1,516,400,000","1,404,900,000","1,597,900,000","1,372,100,000","1,443,300,000","1,303,800,000","1,626,500,000","1,491,000,000","1,683,100,000","1,545,300,000","1,671,900,000","1,584,800,000","1,737,800,000","1,700,000,000","1,989,754,000","811,835,000","823,733,000","773,225,000","785,157,000","797,643,000","800,753,000","704,096,000","674,253,000","682,912,000","696,041,000","643,412,000","649,759,000","595,983,000","630,152,000","596,626,000","688,434,000","780,517,000","814,755,000","743,585,000","738,223,000","746,858,000","807,800,000","727,842,000","682,876,000","717,727,000","754,047,000","692,833,000","677,667,000","635,532,000","677,046,000","633,262,000","589,426,000","543,668,000","717,327,000","694,105,000","619,557,000","617,269,000","642,657,000","585,328,000","586,452,000","567,479,000","633,524,000","567,708,000","562,449,000","595,375,000","641,727,000","618,527,000","508,072,000","676,790,000","698,896,000","637,436,000","693,400,000","542,300,000","455,600,000","424,100,000","466,100,000","430,200,000","427,100,000","421,000,000","472,500,000","439,300,000","383,800,000","373,700,000","385,100,000","375,400,000","330,000,000","333,700,000","345,300,000","325,200,000","311,600,000","427,600,000","405,600,000","397,500,000","365,600,000","362,900,000","311,700,000","317,700,000","298,900,000","299,900,000","290,000,000","304,200,000","278,200,000","273,800,000","269,500,000","278,100,000","264,800,000","272,500,000","272,000,000","279,000,000","277,900,000","272,100,000",,,,,,,,,,,,,,,,,,
NetIncomeFromContinuingAndDiscontinuedOperation,"553,000,000","148,700,000","143,600,000","132,100,000","128,600,000","103,000,000","110,800,000","72,100,000","72,700,000","97,800,000","92,300,000","114,300,000","51,300,000","92,900,000","110,100,000","41,500,000","102,900,000","189,600,000","125,400,000","263,700,000","87,800,000","131,000,000","141,000,000","142,800,000","107,400,000","-453,300,000","115,200,000","147,800,000","113,900,000","120,800,000","-186,000,000","161,500,000","118,600,000","158,200,000","172,800,000","154,100,000","52,000,000","-270,248,000","30,418,000","71,830,000","60,814,000","-134,123,000","51,092,000","66,712,000","50,541,000","46,376,000","55,050,000","61,081,000","35,321,000","29,352,000","36,948,000","31,928,000","17,265,000","4,589,000","41,120,000","138,735,000","44,290,000","48,545,000","58,044,000","62,065,000","42,273,000","38,637,000","34,841,000","68,633,000","41,620,000","29,847,000","47,375,000","64,522,000","43,305,000","27,652,000","47,902,000","55,460,000","40,210,000","31,241,000","38,375,000","43,887,000","27,849,000","28,085,000","37,403,000","42,976,000","21,438,000","-40,921,000","24,671,000","28,556,000","20,563,000","-26,092,000","12,673,000","36,630,000","33,899,000","43,000,000","29,800,000","28,300,000","2,200,000","32,900,000","25,800,000","24,400,000","23,700,000","29,500,000","22,200,000","20,500,000","19,400,000","22,300,000","18,600,000","17,100,000","16,500,000","18,000,000","15,300,000","28,500,000","15,400,000","16,900,000","13,800,000","11,800,000","11,100,000","14,000,000","13,300,000","9,800,000","9,500,000","14,300,000","11,600,000","8,200,000","8,700,000","13,700,000","11,200,000","8,900,000","7,400,000","10,800,000","9,500,000","7,000,000","5,700,000",,,,,,,,,,,,,,,,,,
NormalizedIncome,"554,758,200","148,600,000","142,486,200","132,600,000","131,100,000","99,800,000","110,800,000","73,871,200","72,700,000","103,968,838.527","91,390,200","115,183,900","49,498,500","95,001,323.251","91,379,200","92,102,000","108,392,300","204,140,000","129,862,600","148,406,000","80,700,000","109,600,000","117,500,000","142,800,000","107,400,000","-117,560,000","115,200,000","153,900,000","118,200,000","129,800,000","192,500,000","161,653,600","124,656,000","164,069,192.377","172,722,000","154,100,000","39,828,000","-270,248,000","30,418,000","71,830,000","60,814,000","-134,123,000","51,092,000","66,712,000","50,541,000","48,668,000","54,501,000","60,488,000","34,797,000","35,482,615.414","37,033,000","35,208,436.231","17,255,000","23,667,989.007","44,491,464.284","72,879,409.389","52,644,000","48,314,000","58,044,000","62,001,000","42,130,000","38,461,275.566","33,323,269.858","68,633,000","43,071,000","29,684,769.364","47,375,000","61,326,569.738","43,305,000","33,698,000","33,092,000","55,460,000","40,210,000","34,177,000","38,375,000","43,887,000","27,849,000","28,085,000","37,403,000","42,976,000","21,438,000","16,370,510.007","24,671,000","28,556,000","22,137,984.681","13,420,400","12,673,000","36,630,000","34,024,003.227","43,000,000","29,800,000","28,300,000","26,085,714.286","32,900,000","25,800,000","24,400,000","23,700,000","29,500,000","22,200,000","20,438,988.095","19,279,876.161","22,300,000","18,600,000","17,100,000","16,080,000","18,000,000","15,300,000","13,300,000","13,780,000","14,680,000","13,309,333.333","11,738,860.104","10,500,000","13,272,727.273","13,540,723.982","9,860,493.827","9,740,000","14,120,000","11,111,578.947","7,832,835.821","7,800,000","10,580,000","8,920,000","8,360,000","6,320,000","9,000,000","8,840,000","6,040,000","4,860,000",,,,,,,,,,,,,,,,,,
InterestExpense,"12,500,000","1,000,000","2,600,000","3,800,000","5,100,000","3,900,000","5,400,000","7,700,000","6,900,000","6,500,000","6,900,000","9,400,000","7,300,000","4,700,000","4,300,000","10,100,000","13,800,000","23,000,000","13,900,000","25,300,000","35,000,000","42,500,000","34,300,000","35,500,000","36,400,000","40,600,000","31,300,000","18,600,000","18,200,000","21,200,000","17,100,000","17,500,000","15,700,000","24,100,000","17,200,000","18,400,000","17,000,000","18,168,000",,,"14,768,000",,,,"9,325,000",,,,,,,,,,,,,,,,,,,,,,,,,,,,,,,,,,,,,,,,,,,,,,,,,,,,,,,,,,,,,,,,,,,,,,,,,,,,,,,,,,,,,,,,,,,,,,,,,,,,,,
NetInterestIncome,"-12,500,000","-1,000,000","-2,600,000","-3,800,000","-5,100,000","-3,900,000","-5,400,000","-7,700,000","-6,900,000","-6,500,000","-6,900,000","-9,400,000","-7,300,000","-4,700,000","-4,300,000","-10,100,000","-13,800,000","-13,100,000","-13,900,000","-25,300,000","-35,000,000","-34,200,000","-34,300,000","-35,500,000","-36,400,000","-34,600,000","-31,300,000","-18,600,000","-18,200,000","-17,500,000","-17,100,000","-17,500,000","-15,700,000","-16,500,000","-17,200,000","-18,400,000","-17,000,000","-18,168,000","-18,620,000","-16,079,000","-14,768,000","-17,524,000","-17,373,000","14,613,000","9,325,000","-9,067,000","-8,953,000","8,569,000","9,527,000","-72,446,000","9,711,000","-9,833,000","-11,784,000",,,,,,,,,,,,,,,,,,,,,,,,,,,,,,,,,,,,,,,,,,,,,,,,,,,,,,,,,,,,,,,,,,,,,,,,,,,,,,,,,,,,,,,,,,,,,,
EBIT,"639,300,000","152,700,000","168,400,000","161,500,000","156,700,000","114,600,000","130,600,000","111,300,000","99,500,000","112,400,000","108,100,000","146,600,000","70,500,000","110,500,000","106,100,000","108,800,000","145,600,000","147,300,000","188,700,000","111,800,000","138,600,000","167,800,000","184,000,000","217,900,000","171,500,000","-388,300,000","180,900,000","218,500,000","171,700,000","180,000,000","267,700,000","227,900,000","172,300,000","244,500,000","240,600,000","226,800,000","91,000,000","-369,849,000","53,677,000","117,792,000","86,001,000","-116,655,000","92,903,000","109,422,000","86,177,000","82,976,000","90,823,000","100,126,000","63,601,000","47,308,000","66,682,000","63,560,000","37,214,000","49,214,000","83,650,000","95,002,000","96,819,000","92,001,000","90,976,000","114,845,000","80,153,000","60,162,000","60,293,000","107,975,000","78,556,000","54,446,000","80,776,000","111,477,000","76,373,000","62,050,000","64,099,000","96,546,000","73,036,000","63,289,000","67,745,000","76,332,000","52,188,000","53,851,000","61,822,000","74,592,000","45,727,000","33,477,000","51,184,000","60,349,000","52,856,000","35,124,000","39,136,000","77,717,000","74,842,000","91,700,000","62,600,000","51,600,000","46,400,000","58,000,000","46,600,000","44,700,000","44,000,000","51,100,000","42,800,000","38,500,000","37,400,000","41,800,000","35,600,000","32,900,000","32,600,000","32,200,000","28,100,000","26,600,000","31,700,000","36,300,000","28,600,000","26,300,000","26,400,000","28,900,000","27,800,000","21,400,000","21,900,000","30,900,000","24,000,000","18,500,000","19,000,000","26,100,000","22,500,000","19,000,000","16,600,000","21,900,000","21,700,000","17,000,000","14,300,000","-800,600,000","300,100,000","303,900,000","274,800,000","-526,500,000","203,900,000","203,900,000","194,300,000","-554,200,000","198,500,000","196,300,000","197,800,000","-401,300,000","163,200,000","133,700,000","135,900,000","-376,400,000","129,100,000"
EBITDA,"716,800,000"
ReconciledCostOfRevenue,"2,445,600,000","660,400,000","634,400,000","600,100,000","550,700,000","512,500,000","521,100,000","468,200,000","458,400,000","481,000,000","458,600,000","512,800,000","453,300,000","472,500,000","467,600,000","498,000,000","807,700,000","792,600,000","771,500,000","782,100,000","761,200,000","748,000,000","769,800,000","1,134,100,000","1,040,100,000","1,191,400,000","1,012,000,000","1,095,000,000","964,800,000","1,174,600,000","1,133,700,000","1,251,900,000","1,146,900,000","1,272,600,000","1,187,200,000","1,296,300,000","1,250,000,000","1,352,264,000","587,435,000","629,397,000","577,458,000","600,827,000","618,484,000","622,439,000","541,214,000","521,630,000","537,193,000","547,999,000","493,311,000","489,794,000","455,698,000","497,233,000","464,608,000","507,804,000","608,854,000","631,695,000","589,073,000","572,589,000","591,667,000","639,200,000","570,592,000","534,472,000","565,533,000","599,333,000","548,881,000","524,304,000","515,467,000","553,290,000","505,497,000","468,274,000","437,983,000","590,412,000","565,483,000","509,594,000","518,007,000","535,501,000","482,225,000","486,556,000","480,332,000","532,136,000","466,052,000","442,222,000","487,033,000","531,294,000","507,396,000","453,343,000","510,033,000","523,519,000","465,593,000","518,200,000","395,800,000","328,200,000","302,100,000","339,200,000","314,100,000","307,000,000","301,600,000","356,100,000","323,200,000","275,900,000","267,900,000","280,000,000","280,100,000","241,500,000","237,000,000","256,100,000","243,300,000","233,600,000","331,700,000","318,500,000","305,900,000","278,700,000","273,100,000","243,100,000","247,900,000","231,400,000","232,100,000","226,300,000","237,200,000","215,600,000","210,100,000","206,800,000","215,800,000","205,200,000","211,800,000","213,300,000","220,400,000","219,100,000","212,600,000",,,,,,,,,,,,,,,,,,
ReconciledDepreciation,"77,500,000","19,800,000","18,800,000","19,100,000","19,800,000","19,200,000","18,500,000","18,200,000","19,200,000","19,500,000","19,600,000","20,700,000","20,200,000","20,700,000","20,600,000","-2,900,000","46,200,000","45,800,000","46,500,000","45,200,000","45,400,000","44,100,000","-6,600,000","72,400,000","71,100,000","75,700,000","62,800,000","62,400,000","60,000,000","62,900,000","57,500,000","65,600,000","66,700,000","62,300,000","69,400,000","74,400,000","80,000,000","85,808,000","25,641,000","26,425,000","25,918,000","29,246,000","29,021,000","28,240,000","21,625,000","21,296,000","20,650,000","20,923,000","21,310,000","39,240,000","22,005,000","21,832,000","22,403,000","21,302,000","22,083,000","22,280,000","21,616,000","20,098,000","21,294,000","22,734,000","20,423,000","16,379,000","18,855,000","20,374,000","19,488,000","11,598,000","19,925,000","20,706,000","20,331,000","15,653,000","6,972,000","19,469,000","18,815,000","14,372,000","16,674,000","17,707,000","16,890,000","17,611,000","14,987,000","16,205,000","15,899,000","24,721,000","26,233,000","26,657,000","26,738,000","20,866,000","23,496,000","26,187,000","28,479,000","28,100,000","22,900,000","19,000,000","18,600,000","16,400,000","15,100,000","18,400,000","18,500,000","16,400,000","16,600,000","17,500,000","17,300,000","15,100,000","14,900,000","14,900,000","14,600,000","13,100,000","12,100,000","5,700,000","18,000,000","11,600,000","19,100,000","15,700,000","17,700,000","12,700,000","11,900,000","12,700,000","12,800,000","11,400,000","11,700,000","12,400,000","12,400,000","11,700,000","11,700,000","11,800,000","12,000,000","10,000,000","11,200,000","11,100,000","11,500,000",,,,,,,,,,,,,,,,,,
NetIncomeFromContinuingOperationNetMinorityInterest,"556,000,000","148,600,000","143,700,000","132,600,000","131,100,000","99,800,000","110,800,000","73,800,000","72,700,000","102,900,000","91,300,000","115,100,000","52,400,000","94,200,000","91,200,000","77,900,000","104,200,000","203,900,000","127,100,000","68,300,000","80,700,000","109,600,000","117,500,000","142,800,000","107,400,000","-452,300,000","115,200,000","153,900,000","118,200,000","129,800,000","192,500,000","161,500,000","118,600,000","158,200,000","172,800,000","154,100,000","52,000,000","-270,248,000","30,418,000","71,830,000","60,814,000","-134,123,000","51,092,000","66,712,000","50,541,000","48,668,000","54,501,000","60,488,000","34,797,000","29,218,000","37,033,000","32,006,000","17,255,000","23,595,000","41,389,000","138,735,000","52,644,000","48,314,000","58,044,000","62,001,000","42,130,000","38,622,000","33,441,000","68,633,000","43,071,000","29,847,000","47,375,000","64,522,000","43,305,000","33,698,000","33,092,000","55,460,000","40,210,000","34,177,000","38,375,000","43,887,000","27,849,000","28,085,000","37,403,000","42,976,000","21,438,000","-16,274,000","24,671,000","28,556,000","20,563,000","-1,333,000","12,673,000","36,630,000","33,899,000","43,000,000","29,800,000","28,300,000","2,200,000","32,900,000","25,800,000","24,400,000","23,700,000","29,500,000","22,200,000","20,500,000","19,400,000","22,300,000","18,600,000","17,100,000","16,500,000","18,000,000","15,300,000","13,300,000","15,400,000","16,900,000","13,800,000","11,800,000","11,100,000","14,000,000","13,300,000","9,800,000","9,500,000","14,300,000","11,600,000","8,200,000","8,700,000","13,700,000","11,200,000","8,900,000","7,400,000","10,800,000","9,500,000","7,000,000","5,700,000",,,,,,,,,,,,,,,,,,
TotalUnusualItemsExcludingGoodwill,"1,400,000","0","1,400,000","0",,"0","0","-100,000","0","-1,100,000","-100,000","-100,000","3,500,000","-900,000","-200,000","-18,000,000","-5,300,000","-400,000","-3,800,000","-101,400,000",,"-3,900,000",,,,"-557,900,000","0","0",,"0","0","-200,000","-8,000,000","-8,100,000","100,000","0","17,000,000","-136,085,000",,,,,,,,,,,,"-9,608,000","0","-4,804,000",,"-106,000","-4,611,000","89,213,000",,,,,,"197,000","167,000",,,"236,000",,"5,199,000",,,,,,,,,,,,,,"-40,590,000",,,"-2,500,000","-24,589,000",,,"-200,000","0",,,"-38,000,000",,,,,,,"100,000","200,000",,,,"700,000",,,,"2,700,000","3,700,000","800,000","100,000","1,000,000","1,200,000","-400,000","-100,000","-400,000","300,000","800,000","600,000","1,500,000","5,200,000","3,800,000","900,000","1,800,000","3,000,000","1,100,000","1,600,000","1,400,000",,,,,,,,,,,,,,,,,,
TotalUnusualItems,"1,400,000","0","1,400,000","0",,"0","0","-100,000","0","-1,100,000","-100,000","-100,000","3,500,000","-900,000","-200,000","-18,000,000","-5,300,000","-400,000","-3,800,000","-101,400,000",,"-3,900,000",,,,"-557,900,000","0","0",,"0","0","-200,000","-8,000,000","-8,100,000","100,000","0","17,000,000","-136,085,000",,,,,,,,,,,,"-9,608,000","0","-4,804,000",,"-106,000","-4,611,000","89,213,000",,,,,,"197,000","167,000",,,"236,000",,"5,199,000",,,,,,,,,,,,,,"-40,590,000",,,"-2,500,000","-24,589,000",,,"-200,000","0",,,"-38,000,000",,,,,,,"100,000","200,000",,,,"700,000",,,,"2,700,000","3,700,000","800,000","100,000","1,000,000","1,200,000","-400,000","-100,000","-400,000","300,000","800,000","600,000","1,500,000","5,200,000","3,800,000","900,000","1,800,000","3,000,000","1,100,000","1,600,000","1,400,000",,,,,,,,,,,,,,,,,,
NormalizedEBITDA,"715,400,000","172,500,000","185,800,000","180,600,000","176,500,000","133,800,000","149,100,000","129,600,000","118,700,000","133,000,000","127,800,000","167,400,000","87,200,000","132,100,000","126,900,000","126,800,000","197,100,000","193,500,000","239,000,000","258,400,000","184,000,000","211,900,000","184,000,000","290,300,000","242,600,000","245,300,000","243,700,000","280,900,000","231,700,000","242,900,000","325,200,000","293,700,000","247,000,000","314,900,000","309,900,000","301,200,000","154,000,000","-284,041,000","79,318,000","144,217,000","111,919,000","-87,409,000","121,924,000","137,662,000","107,802,000","104,272,000","111,473,000","121,049,000","84,911,000","96,156,000","88,687,000","90,196,000","59,617,000","70,622,000","110,344,000","28,069,000","118,435,000","112,099,000","112,270,000","137,579,000","100,576,000","76,344,000","78,981,000","128,349,000","98,044,000","65,808,000","100,701,000","126,984,000","96,704,000","77,703,000","71,071,000","116,015,000","91,851,000","77,661,000","84,419,000","94,039,000","69,078,000","71,462,000","76,809,000","90,797,000","61,626,000","98,788,000","77,417,000","87,006,000","82,094,000","80,579,000","62,632,000","103,904,000","103,521,000","119,800,000","85,500,000","70,600,000","103,000,000","74,400,000","61,700,000","63,100,000","62,500,000","67,500,000","59,400,000","55,900,000","54,500,000","56,900,000","50,500,000","47,800,000","46,500,000","45,300,000","40,200,000","35,400,000","47,000,000","44,200,000","46,900,000","41,900,000","43,100,000","40,400,000","40,700,000","34,200,000","35,100,000","42,000,000","35,400,000","30,300,000","29,900,000","32,600,000","30,400,000","29,900,000","26,800,000","28,900,000","31,800,000","26,500,000","24,400,000","-800,600,000","300,100,000","303,900,000","274,800,000","-526,500,000","203,900,000","203,900,000","194,300,000","-554,200,000","198,500,000","196,300,000","197,800,000","-401,300,000","163,200,000","133,700,000","135,900,000","-376,400,000","129,100,000"
TaxRateForCalcs,"0.113","0.02","0.133","0.159","0.135","0.098","0.115","0.288","0.215","0.028","0.098","0.161","0.171","0.11","0.104","0.211","0.209","0.4","0.273","0.21","0.221","0.125","0.215","0.217","0.205","0.4","0.23","0.23","0.23","0.183","0.232","0.232","0.243","0.275","0.22","0.254","0.284","0.309","0.113","0.282","0.127","0.025","0.316","0.286","0.325","0.3","0.322","0.337","0.335","0.348","0.319","0.333","0.295","0.311","0.327","0.262","0.34","0.315","0.195","0.354","0.352","0.184","0.295","0.281","0.34","0.313","0.323","0.385","0.335","0.341","0.375","0.35","0.35","0.34","0.34","0.34","0.34","0.343","0.302","0.33","0.33","0.196","0.329","0.353","0.37","0.4","0.336","0.365","0.375","0.386","0.386","0.365","0.371","0.37","0.372","0.376","0.384","0.4","0.395","0.39","0.399","0.4","0.4","0.394","0.4","0.4","0.4","0.4","0.4","0.4","0.387","0.389","0.4","0.394","0.398","0.395","0.4","0.4","0.389","0.388","0.4","0.4","0.4","0.4","0.4","0.4","0.4","0.4","0.4",,,,,,,,,,,,,,,,,,
TaxEffectOfUnusualItems,"158,200","0","186,200","0","0","0","0","-28,800","0","-31,161.473","-9,800","-16,100","598,500","-98,676.749","-20,800","-3,798,000","-1,107,700","-160,000","-1,037,400","-21,294,000","0","0","0","0","0","-223,160,000","0","0","0","0","0","-46,400","-1,944,000","-2,230,807.623","22,000","0","4,828,000","0","0","0","0","0","0","0","0","0","0","0","0","-3,343,384.586","0","-1,601,563.769","0","-33,010.993","-1,508,535.716","23,357,409.389","0","0","0","0","0","36,275.566","49,269.858","0","0","73,769.364","0","2,003,569.738","0","0","0","0","0","0","0","0","0","0","0","0","0","-7,945,489.993","0","0","-925,015.319","-9,835,600","0","0","-74,996.773","0","0","0","-14,114,285.714","0","0","0","0","0","0","38,988.095","79,876.161","0","0","0","280,000","0","0","0","1,080,000","1,480,000","309,333.333","38,860.104","400,000","472,727.273","-159,276.018","-39,506.173","-160,000","120,000","311,578.947","232,835.821","600,000","2,080,000","1,520,000","360,000","720,000","1,200,000","440,000","640,000","560,000",,,,,,,,,,,,,,,,,,