name,ttm,12/31/2021,09/30/2021,06/30/2021,03/31/2021,12/31/2020,09/30/2020,06/30/2020,03/31/2020,12/31/2019,09/30/2019,06/30/2019,03/31/2019,12/31/2018,09/30/2018,06/30/2018,03/31/2018,12/31/2017,09/30/2017,06/30/2017,03/31/2017,12/31/2016,09/30/2016,06/30/2016,03/31/2016,12/31/2015,09/30/2015,06/30/2015,03/31/2015,12/31/2014,09/30/2014,06/30/2014,03/31/2014,12/31/2013,09/30/2013,06/30/2013,03/31/2013,12/31/2012,09/30/2012,06/30/2012,03/31/2012,12/31/2011,09/30/2011,06/30/2011,03/31/2011,12/31/2010,09/30/2010,06/30/2010,03/31/2010,12/31/2009,09/30/2009,06/30/2009,03/31/2009,12/31/2008,09/30/2008,06/30/2008,03/31/2008,12/31/2007,09/30/2007,06/30/2007,03/31/2007,12/31/2006,09/30/2006,06/30/2006,03/31/2006,12/31/2005,09/30/2005,06/30/2005,03/31/2005,12/31/2004,09/30/2004,06/30/2004,03/31/2004,12/31/2003,09/30/2003,06/30/2003,03/31/2003,12/31/2002,09/30/2002,06/30/2002,03/31/2002,12/31/2001,09/30/2001,06/30/2001,03/31/2001,12/31/2000,09/30/2000,06/30/2000,03/31/2000,12/31/1999,09/30/1999,06/30/1999,03/31/1999,12/31/1998,09/30/1998,06/30/1998,03/31/1998,12/31/1997,09/30/1997,06/30/1997,03/31/1997,12/31/1996,09/30/1996,06/30/1996,03/31/1996,12/31/1995,09/30/1995,06/30/1995,03/31/1995,12/31/1994,09/30/1994,06/30/1994,03/31/1994,12/31/1993,09/30/1993,06/30/1993,03/31/1993,12/31/1992,09/30/1992,06/30/1992,03/31/1992,12/31/1991,09/30/1991,06/30/1991,03/31/1991,12/31/1990,09/30/1990,06/30/1990,03/31/1990,12/31/1989,09/30/1989,06/30/1989,03/31/1989,12/31/1988,09/30/1988,06/30/1988,03/31/1988,12/31/1987,09/30/1987,06/30/1987,03/31/1987,12/31/1986,09/30/1986,06/30/1986,03/31/1986,12/31/1985,09/30/1985
TotalRevenue,"3,803,835,000","798,857,000","1,308,254,000","1,000,249,000","696,475,000","740,961,000","1,254,501,000","929,590,000","661,930,000","670,391,000","1,190,787,000","869,501,000","740,530,000","756,376,000","1,268,034,000","974,123,000","692,714,000","759,659,000","1,183,322,000","944,587,000","677,728,000","739,199,000","1,166,922,000","915,394,000","677,167,000","734,430,000","1,199,146,000","890,648,000","671,219,000","726,450,000","1,172,667,000","906,264,000","686,251,000","699,762,000","1,152,392,000","915,822,000","686,652,000","693,122,000","1,109,475,000","878,576,000","620,631,000","667,892,000","1,124,841,000","799,799,000","659,575,000","683,611,000","1,139,085,000","820,594,000","633,591,000","687,846,000","1,143,077,000","840,055,000","629,393,000","624,170,000","1,079,975,000","926,193,000","736,738,000","759,116,000","1,205,934,000","863,435,000","695,135,000","730,072,000","1,076,442,000","925,028,000","670,206,000","691,672,000","955,583,000","755,836,000","615,087,000","734,718,000","886,779,000","722,686,000","574,369,000","509,837,000","946,570,000","757,483,000","603,962,000","644,436,000","872,951,000","714,938,000","620,957,000","744,703,000","1,574,029,000","1,293,812,000","938,829,000","838,154,000","1,607,356,000","756,548,000","488,117,000","546,500,000","894,200,000","544,100,000","438,700,000","486,300,000","759,000,000","470,600,000","414,600,000","443,900,000","663,700,000","489,000,000","398,500,000","405,000,000","598,800,000","452,900,000","361,300,000","371,700,000","558,800,000","393,200,000","346,100,000","294,000,000","583,900,000","433,000,000","374,600,000","395,100,000","534,600,000","413,700,000","375,100,000","403,100,000","526,300,000","412,900,000","347,300,000","305,100,000","474,700,000","362,500,000","332,300,000","348,100,000","474,600,000","418,400,000","355,500,000","311,900,000","463,300,000","375,800,000","356,900,000","341,500,000","463,400,000","329,800,000","307,300,000","303,500,000","392,800,000","326,800,000","290,300,000","288,200,000","391,700,000","295,500,000","274,500,000","286,100,000","368,100,000"
	OperatingRevenue,"3,803,835,000","798,857,000","1,308,254,000","1,000,249,000","696,475,000","740,961,000","1,254,501,000","929,590,000","661,930,000","670,391,000","1,190,787,000","869,501,000","740,530,000","756,376,000","1,268,034,000","974,123,000","692,714,000","759,659,000","1,183,322,000","944,587,000","677,728,000","739,199,000","1,166,922,000","915,394,000","677,167,000","734,430,000","1,199,146,000","890,648,000","671,219,000","726,450,000","1,172,667,000","906,264,000","686,251,000","699,762,000","1,152,392,000","915,822,000","686,652,000","693,122,000","1,109,475,000","878,576,000","620,631,000","667,892,000","1,124,841,000","799,799,000","659,575,000","683,611,000","1,139,085,000","820,594,000","633,591,000","687,846,000","1,143,077,000","840,055,000","629,393,000","624,170,000","1,079,975,000","926,193,000","736,738,000","759,116,000","1,205,934,000","863,435,000","695,135,000","730,072,000","1,076,442,000","925,028,000","670,206,000","691,672,000","955,583,000","755,836,000","615,087,000","734,718,000","886,779,000","722,686,000","574,369,000","509,837,000","946,570,000","757,483,000","603,962,000","644,436,000","872,951,000","714,938,000","620,957,000","744,703,000","1,574,029,000","1,293,812,000","938,829,000","838,154,000","1,607,356,000","756,548,000","488,117,000","546,500,000","894,200,000","544,100,000","438,700,000","486,300,000","759,000,000","470,600,000","414,600,000","443,900,000","663,700,000","489,000,000","398,500,000","405,000,000","598,800,000","452,900,000","361,300,000","371,700,000","558,800,000","393,200,000","346,100,000","294,000,000","583,900,000","433,000,000","374,600,000","395,100,000","534,600,000","413,700,000","375,100,000","403,100,000","526,300,000","412,900,000","347,300,000","305,100,000","474,700,000","362,500,000","332,300,000","348,100,000","474,600,000","418,400,000","355,500,000","311,900,000","463,300,000","375,800,000","356,900,000","341,500,000","463,400,000","329,800,000","307,300,000","303,500,000","392,800,000","326,800,000","290,300,000","288,200,000","391,700,000","295,500,000","274,500,000","286,100,000","368,100,000"
CostOfRevenue,"2,106,618,000","518,973,000","659,838,000","499,525,000","428,282,000","494,574,000","590,142,000","457,774,000","409,839,000","454,422,000","583,444,000","469,765,000","476,222,000","488,103,000","636,481,000","525,484,000","462,792,000","469,975,000","534,774,000","468,624,000","432,371,000","451,534,000","553,688,000","517,127,000","464,480,000","454,756,000","584,296,000","492,442,000","438,181,000","517,331,000","605,779,000","502,076,000","462,668,000","475,347,000","584,276,000","506,884,000","453,929,000","1,095,633,000","302,894,000","264,723,000","216,309,000","215,512,000","337,896,000","244,049,000","212,007,000","225,571,000","353,904,000","251,800,000","229,430,000","283,478,000","408,406,000","315,392,000","277,669,000","355,625,000","429,482,000","372,806,000","320,900,000","327,890,000","501,102,000","344,870,000","261,297,000","288,000,000","395,056,000","336,660,000","231,570,000","230,353,000","290,464,000","218,183,000","179,064,000","237,910,000","309,533,000","245,762,000","156,375,000","-19,760,000","391,819,000","271,806,000","218,316,000","160,345,000","300,845,000","234,517,000","221,036,000","339,601,000","949,436,000","858,757,000","516,424,000","439,565,000","1,079,436,000","289,785,000","125,997,000","167,700,000","396,600,000","132,500,000","99,200,000","115,300,000","252,700,000","95,600,000","73,900,000","93,300,000","158,500,000","99,300,000","85,500,000","81,400,000","108,000,000","79,800,000","56,300,000","60,000,000","92,300,000","62,600,000","54,900,000","60,700,000","95,600,000","76,400,000","68,000,000",,,,,,,,,,,,,,,,,,,,,,,,,,,,,,,,,,
GrossProfit,"1,697,217,000","279,884,000","648,416,000","500,724,000","268,193,000","246,387,000","664,359,000","471,816,000","252,091,000","215,969,000","607,343,000","399,736,000","264,308,000","268,273,000","631,553,000","448,639,000","229,922,000","289,684,000","648,548,000","475,963,000","245,357,000","287,665,000","613,234,000","398,267,000","212,687,000","279,674,000","614,850,000","398,206,000","233,038,000","209,119,000","566,888,000","404,188,000","223,583,000","224,415,000","568,116,000","408,938,000","232,723,000","-402,511,000","806,581,000","613,853,000","404,322,000","452,380,000","786,945,000","555,750,000","447,568,000","458,040,000","785,181,000","568,794,000","404,161,000","404,368,000","734,671,000","524,663,000","351,724,000","268,545,000","650,493,000","553,387,000","415,838,000","431,226,000","704,832,000","518,565,000","433,838,000","442,072,000","681,386,000","588,368,000","438,636,000","461,319,000","665,119,000","537,653,000","436,023,000","496,808,000","577,246,000","476,924,000","417,994,000","529,597,000","554,751,000","485,677,000","385,646,000","484,091,000","572,106,000","480,421,000","399,921,000","405,102,000","624,593,000","435,055,000","422,405,000","398,589,000","527,920,000","466,763,000","362,120,000","378,800,000","497,600,000","411,600,000","339,500,000","371,000,000","506,300,000","375,000,000","340,700,000","350,600,000","505,200,000","389,700,000","313,000,000","323,600,000","490,800,000","373,100,000","305,000,000","311,700,000","466,500,000","330,600,000","291,200,000","233,300,000","488,300,000","356,600,000","306,600,000",,,,,,,,,,,,,,,,,,,,,,,,,,,,,,,,,,
OperatingExpense,"891,907,000","229,867,000","219,043,000","222,338,000","220,659,000","215,539,000","209,351,000","209,942,000","211,669,000","203,972,000","204,053,000","203,147,000","204,224,000","201,389,000","198,246,000","206,477,000","198,588,000","199,074,000","182,466,000","171,734,000","171,851,000","164,849,000","161,976,000","166,519,000","162,525,000","169,840,000","169,739,000","166,233,000","165,354,000","148,935,000","145,113,000","150,075,000","148,413,000","140,515,000","152,428,000","149,126,000","145,800,000","-503,800,000","358,611,000","359,364,000","356,315,000","373,665,000","351,928,000","358,758,000","410,427,000","398,722,000","381,556,000","365,521,000","351,415,000","367,734,000","353,167,000","366,928,000","348,047,000","250,666,000","368,259,000","374,512,000","377,040,000","405,964,000","354,809,000","359,879,000","365,849,000","382,002,000","370,946,000","397,171,000","381,473,000","378,532,000","503,006,000","359,026,000","350,767,000","406,063,000","366,410,000","355,764,000","334,623,000","448,130,000","355,901,000","353,195,000","316,391,000","467,213,000","359,081,000","314,928,000","281,459,000","304,032,000","325,987,000","296,167,000","286,342,000","276,043,000","271,919,000","265,610,000","265,849,000","280,800,000","257,500,000","262,600,000","247,600,000","269,100,000","254,500,000","252,400,000","249,700,000","268,800,000","261,800,000","239,600,000","230,600,000","284,200,000","244,900,000","220,900,000","198,300,000","233,100,000","205,500,000","203,400,000","195,400,000","150,600,000","242,800,000","239,300,000","218,100,000",,,,,,,,,,,,,,,,,,,,,,,,,,,,,,,,,,
	DepreciationAmortizationDepletionIncomeStatement,"650,875,000","170,782,000","163,523,000","158,750,000","157,820,000","155,121,000","152,696,000","152,482,000","154,079,000","145,398,000","149,450,000","147,374,000","148,707,000","146,122,000","145,971,000","145,436,000","144,825,000","146,840,000","133,912,000","125,739,000","127,627,000","122,852,000","120,428,000","123,073,000","119,476,000","125,109,000","125,625,000","122,739,000","120,949,000","106,776,000","103,660,000","105,150,000","101,772,000","98,298,000","107,388,000","106,292,000","103,730,000","103,268,000","100,353,000","100,606,000","100,109,000","107,504,000","106,350,000","106,617,000","106,601,000","106,691,000","104,194,000","103,017,000","101,536,000","102,076,000","102,273,000","100,063,000","99,921,000","98,399,000","98,568,000","97,784,000","95,607,000","95,921,000","95,059,000","92,835,000","89,621,000","91,336,000","90,390,000","89,297,000","87,621,000","85,622,000","87,123,000","85,142,000","94,231,000","98,186,000","97,349,000","104,241,000","101,504,000","114,672,000","110,997,000","107,076,000","105,398,000","114,074,000","108,812,000","102,087,000","99,913,000","109,061,000","107,932,000","106,129,000","104,781,000","100,803,000","98,628,000","97,941,000","97,038,000","103,300,000","103,700,000","104,800,000","105,200,000","105,500,000","103,700,000","102,000,000","101,400,000","101,100,000","99,700,000","100,700,000","100,300,000","99,200,000","101,000,000","67,100,000","67,500,000","68,100,000","71,000,000","68,500,000","68,700,000","72,100,000","69,800,000","64,800,000","65,000,000",,,,,,,,,,,,,,,,,,,,,,,,,,,,,,,,,,
		DepreciationAndAmortizationInIncomeStatement,"650,875,000","170,782,000","163,523,000","158,750,000","157,820,000","155,121,000","152,696,000","152,482,000","154,079,000","145,398,000","149,450,000","147,374,000","148,707,000","146,122,000","145,971,000","145,436,000","144,825,000","146,840,000","133,912,000","125,739,000","127,627,000","122,852,000","120,428,000","123,073,000","119,476,000","125,109,000","125,625,000","122,739,000","120,949,000","106,776,000","103,660,000","105,150,000","101,772,000","98,298,000","107,388,000","106,292,000","103,730,000","103,268,000","100,353,000","100,606,000","100,109,000","107,504,000","106,350,000","106,617,000","106,601,000","106,691,000","104,194,000","103,017,000","101,536,000","102,076,000","102,273,000","100,063,000","99,921,000",,,,,,,,,,,,,,,,,,,,,,,,,,,,,,,,,,,,,,,,,,,,,,,,,,,,,,,,,,,,,,,,,,,,,,,,,,,,,,,,,,,,,,,,,,,,,,
	OtherTaxes,"234,639,000","58,053,000","57,608,000","59,495,000","59,483,000","56,321,000","54,978,000","56,768,000","56,768,000","54,590,000","53,809,000","55,090,000","55,090,000","54,267,000","51,375,000","53,607,000","53,600,000","51,053,000","45,169,000","44,289,000","43,836,000","40,597,000","41,284,000","42,117,000","42,501,000","42,323,000","43,241,000","43,032,000","43,216,000","41,596,000","40,850,000","44,004,000","45,845,000","40,076,000","43,256,000","40,814,000","40,021,000","39,052,000","36,507,000","41,289,000","42,475,000","35,406,000","34,223,000","40,155,000","37,624,000","34,398,000","37,528,000","31,684,000","31,827,000","22,537,000","34,111,000","32,887,000","34,128,000","30,510,000","28,423,000","33,251,000","33,152,000","23,802,000","34,940,000","34,757,000","34,719,000","28,425,000","31,697,000","32,700,000","35,573,000","28,512,000","34,325,000","34,638,000","35,190,000","27,705,000","31,649,000","32,532,000","30,330,000","25,419,000","28,206,000","28,149,000","28,496,000","26,805,000","26,757,000","27,632,000","26,758,000","20,967,000","29,336,000","25,462,000","25,303,000","23,137,000","25,641,000","25,610,000","25,392,000","12,100,000","25,500,000","29,600,000","29,400,000","26,200,000","30,400,000","29,900,000","30,300,000","30,400,000","30,600,000","30,300,000","30,200,000","27,400,000","25,000,000","35,500,000","34,200,000","35,700,000","35,500,000","35,400,000","35,700,000","-34,600,000","65,500,000","57,300,000","53,600,000",,,,,,,,,,,,,,,,,,,,,,,,,,,,,,,,,,
	OtherOperatingExpenses,"6,393,000","1,032,000","-2,088,000","4,093,000","3,356,000","4,097,000","1,677,000","692,000","822,000","3,984,000","794,000","683,000","427,000","1,000,000","900,000","7,434,000","163,000","1,181,000","3,385,000","1,706,000","388,000","1,400,000","264,000","1,329,000","548,000","2,408,000","873,000","462,000","1,189,000","563,000","603,000","921,000","796,000","2,141,000","1,784,000","2,020,000","2,049,000","1,508,000","1,022,000","1,233,000","3,068,000","2,123,000","1,320,000","1,396,000","9,716,000","257,633,000","239,834,000","230,820,000","218,052,000","243,121,000","216,783,000","233,978,000","213,998,000","121,757,000","241,268,000","243,477,000","248,281,000","286,241,000","224,810,000","232,287,000","241,509,000","262,241,000","248,859,000","275,174,000","258,279,000","264,398,000","381,558,000","239,246,000","221,346,000","280,172,000","237,412,000","218,991,000","202,789,000","308,039,000","216,698,000","217,970,000","182,497,000","326,334,000","223,512,000","185,209,000","154,788,000","174,004,000","188,719,000","164,576,000","156,258,000","152,103,000","147,650,000","142,059,000","143,419,000","165,400,000","128,300,000","128,200,000","113,000,000","137,400,000","120,400,000","120,500,000","118,000,000","137,300,000","131,500,000","108,600,000","100,100,000","157,600,000","118,900,000","118,300,000","96,600,000","129,300,000","99,000,000","99,500,000","91,000,000","113,100,000","107,500,000","117,200,000","99,500,000",,,,,,,,,,,,,,,,,,,,,,,,,,,,,,,,,,
OperatingIncome,"805,310,000","50,017,000","429,373,000","278,386,000","47,534,000","30,848,000","455,008,000","261,874,000","40,422,000","11,997,000","403,290,000","196,589,000","60,084,000","66,884,000","433,307,000","242,162,000","31,334,000","90,610,000","466,082,000","304,229,000","73,506,000","122,816,000","451,258,000","231,748,000","50,162,000","109,834,000","445,111,000","231,973,000","67,684,000","60,184,000","421,775,000","254,113,000","75,170,000","83,900,000","415,688,000","259,812,000","86,923,000","101,289,000","447,970,000","254,489,000","48,007,000","78,715,000","435,017,000","196,992,000","37,141,000","59,318,000","403,625,000","203,273,000","52,746,000","36,634,000","381,504,000","157,735,000","3,677,000","17,879,000","282,234,000","178,875,000","38,798,000","25,262,000","350,023,000","158,686,000","67,989,000","60,070,000","310,440,000","191,197,000","57,163,000","82,787,000","162,113,000","178,627,000","85,256,000","90,745,000","210,836,000","121,160,000","83,371,000","81,467,000","198,850,000","132,482,000","69,255,000","16,878,000","213,025,000","165,493,000","118,462,000","101,070,000","298,606,000","138,888,000","136,063,000","122,546,000","256,001,000","201,153,000","96,271,000","98,000,000","240,100,000","149,000,000","91,900,000","101,900,000","251,800,000","122,600,000","91,000,000","81,800,000","243,400,000","150,100,000","82,400,000","39,400,000","245,900,000","152,200,000","106,700,000","78,600,000","261,000,000","127,200,000","95,800,000","82,700,000","245,500,000","117,300,000","88,500,000","395,100,000","534,600,000","413,700,000","375,100,000","403,100,000","526,300,000","412,900,000","347,300,000","305,100,000","474,700,000","362,500,000","332,300,000","348,100,000","474,600,000","418,400,000","355,500,000","311,900,000","463,300,000","375,800,000","356,900,000","341,500,000","463,400,000","329,800,000","307,300,000","303,500,000","392,800,000","326,800,000","290,300,000","288,200,000","391,700,000","295,500,000","274,500,000","286,100,000","368,100,000"
NetNonOperatingInterestIncomeExpense,"-226,536,000","-58,456,000","-57,192,000","-55,891,000","-54,996,000","-55,816,000","-53,878,000","-55,186,000","-51,881,000","-53,087,000","-51,301,000","-50,272,000","-51,686,000","-53,586,000","-53,735,000","-52,009,000","-50,308,000","-48,870,000","-48,727,000","-49,676,000","-46,915,000","-45,199,000","-46,907,000","-47,364,000","-45,400,000","-44,621,000","-45,697,000","-43,822,000","-44,073,000","-44,025,000","-44,044,000","-47,466,000","-48,948,000","-46,178,000","-47,236,000","-47,204,000","-45,412,000","-47,643,000","-48,105,000","-52,893,000","-53,211,000","-54,271,000","-54,666,000","-55,741,000","-57,110,000","-57,354,000","-53,385,000","-57,012,000","-58,099,000","-55,037,000","-58,821,000","-55,640,000","-51,972,000",,,,,,,,,,,,,,,,,,,,,,,,,,,,,,,,,,,,,,,,,,,,,,,,,,,,,,,,,,,,,,,,,,,,,,,,,,,,,,,,,,,,,,,,,,,,,,
	InterestIncomeNonOperating,"6,726,000","1,490,000","1,602,000","1,687,000","1,948,000","3,222,000","2,956,000","2,755,000","3,277,000","2,682,000","2,694,000","2,699,000","2,302,000","2,391,000","1,957,000","2,408,000","1,891,000","1,715,000","917,000","387,000","477,000","514,000","65,000","184,000","117,000","71,000","127,000","184,000","110,000","161,000","103,000","495,000","251,000","338,000","116,000","467,000","76,000","221,000","307,000","107,000","605,000","486,000","429,000","543,000","391,000","658,000","943,000","625,000","875,000",,,,,,,,,,,,,,,,,,,,,,,,,,,,,,,,,,,,,,,,,,,,,,,,,,,,,,,,,,,,,,,,,,,,,,,,,,,,,,,,,,,,,,,,,,,,,,,,,,
	InterestExpenseNonOperating,"233,262,000","59,946,000","58,794,000","57,578,000","56,944,000","59,038,000","56,834,000","57,941,000","55,158,000","55,769,000","53,995,000","52,971,000","53,988,000","55,977,000","55,692,000","54,417,000","52,199,000","50,585,000","49,644,000","50,063,000","47,392,000","45,713,000","46,972,000","47,548,000","45,517,000","44,692,000","45,824,000","44,006,000","44,183,000","44,186,000","44,147,000","47,961,000","49,199,000","46,516,000","47,352,000","47,671,000","45,488,000","47,864,000","48,412,000","53,000,000","53,816,000","54,757,000","55,095,000","56,284,000","57,501,000","58,012,000","54,328,000","57,637,000","58,974,000","56,697,000","58,821,000","55,640,000","51,972,000",,,,,,,,,,,,,,,,,,,,,,,,,,,,,,,,,,,,,,,,,,,,,,,,,,,,,,,,,,,,,,,,,,,,,,,,,,,,,,,,,,,,,,,,,,,,,,
OtherIncomeExpense,"167,256,000","36,342,000","43,786,000","43,501,000","43,626,000","-9,463,000","27,349,000","32,832,000","26,116,000","21,407,000","18,426,000","19,782,000","16,811,000","24,446,000","24,646,000","25,498,000","25,803,000","5,537,000","7,909,000","6,731,000","5,805,000","7,811,000","4,995,000","7,540,000","6,478,000","3,612,000","2,119,000","6,727,000","5,063,000","-1,617,000","5,108,000","9,277,000","4,874,000","4,259,000","-1,822,000","4,033,000","3,794,000","-584,000","125,000","6,023,000","843,000","2,475,000","4,338,000","2,752,000","4,995,000","6,597,000","5,059,000","152,000","-10,899,000","-13,689,000","-32,242,000","6,498,000","-215,675,000","-22,021,000","-14,261,000","-6,135,000","-3,303,000","25,684,000","-16,635,000","650,000","-5,254,000","-11,078,000","8,484,000","3,922,000","926,000","3,616,000","-3,036,000","4,838,000","-3,565,000","1,591,000","-3,101,000","32,055,000","5,467,000","19,754,000","-2,067,000","-3,595,000","1,524,000","1,667,000","-9,538,000","-7,693,000","1,088,000","-6,334,000","-1,930,000","3,237,000","-738,000","-13,971,000","-14,778,000","-6,980,000","35,543,000","11,700,000","1,000,000","400,000","-2,500,000","-2,400,000","-1,500,000","200,000","4,400,000","-6,400,000","1,900,000","4,800,000","4,200,000","-7,100,000","-300,000","-1,000,000","1,700,000","3,700,000","-13,100,000","1,300,000","4,600,000","-400,000","-2,800,000","33,700,000","20,200,000",,,,,,,,,,,,,,,,,,,,,,,,,,,,,,,,,,
	GainOnSaleOfSecurity,"-1,367,000","111,000","-704,000","-431,000","-343,000","-236,000","-291,000","2,826,000","60,000","-390,000","-716,000","-491,000","-238,000","-149,000",,"-174,000","-176,000","-3,473,000","-112,000","-227,000","-301,000","-252,000","-450,000","-526,000","-518,000","-372,000","-563,000","-650,000","-495,000","-9,062,000","-118,000","-105,000","-140,000","-68,000","-3,435,000","-96,000","-112,000","-87,000","-2,254,000",,"-53,000","-84,000","-57,000","12,000","1,293,000",,,,,,,,,,,,,,,,,,,,,,,,,,,,,,,,,,,,,,,,,,,,,,,,,,,,,,,,,,,,,,,,,,,,,,,,,,,,,,,,,,,,,,,,,,,,,,,,,,,,,,
	EarningsFromEquityInterest,,,,,,,,,,,,,,,,,,,,,,,,,,,,,,,,,,,,,,,,,,,,,,"1,727,000","3,390,000","-3,561,000","1,222,000",,,,,,,,,,,,,,,,,,,,,,,,,,,,,,,,,,,,,,,,,,,,,,,,,,,,,,,,,,,,,,,,,,,,,,,,,,,,,,,,,,,,,,,,,,,,,,,,,,
	SpecialIncomeCharges,"41,737,000","11,188,000","11,352,000","9,990,000","9,207,000","9,124,000","8,144,000","8,811,000","7,697,000","6,754,000","5,917,000","7,572,000","11,188,000","12,908,000","12,259,000","13,073,000","14,079,000","14,345,000","12,728,000","10,456,000","9,482,000","11,061,000","10,194,000","10,369,000","10,516,000","9,001,000","7,645,000","9,345,000","9,224,000","8,811,000","7,038,000","7,499,000","7,442,000","6,883,000","5,569,000","6,265,000","6,864,000","16,525,000","2,379,000","6,023,000","896,000","2,559,000","4,395,000","2,740,000","3,702,000","4,870,000","1,669,000","3,713,000","-12,121,000","-16,205,000","-32,242,000","6,498,000","-215,675,000","-22,021,000","-14,261,000","-6,135,000","-3,303,000","25,684,000","-16,635,000","650,000","-5,254,000","-11,078,000","8,484,000","3,922,000","926,000","3,616,000","-3,036,000","4,838,000","-3,565,000","1,591,000","-3,101,000","32,055,000","5,467,000","19,754,000","-2,067,000","-3,595,000","1,524,000","1,667,000","-9,538,000","-7,693,000","1,088,000","-6,334,000","-1,930,000","3,237,000","-738,000","-13,971,000","-14,778,000","-6,980,000","35,543,000","11,700,000","1,000,000","400,000","-2,500,000","-2,400,000","-1,500,000","200,000","4,400,000","-6,400,000","1,900,000","4,800,000","4,200,000","-7,100,000","-300,000","-1,000,000","1,700,000","3,700,000","-13,100,000","1,300,000","4,600,000","-400,000","-2,800,000","33,700,000","20,200,000",,,,,,,,,,,,,,,,,,,,,,,,,,,,,,,,,,
		ImpairmentOfCapitalAssets,,,,,,,,,,,,,,,,,,,,,,,,,,,,,,,,,,,,,,,,,,,,,,,,,"15,112,000","10,944,000","36,993,000","632,000","211,306,000",,,,,,,,,,,,,,,,,,,,,,,,,,,,,,,,,,,,,,,,,,,,,,,,,,,,,,,,,,,,,,,,,,,,,,,,,,,,,,,,,,,,,,,,,,,,,,
		OtherSpecialCharges,"-41,737,000","-11,188,000","-11,352,000","-9,990,000","-9,207,000","-9,124,000","-8,144,000","-8,811,000","-7,697,000","-6,754,000","-5,917,000","-7,572,000","-11,188,000","-12,908,000","-12,259,000","-13,073,000","-14,079,000","-14,345,000","-12,728,000","-10,456,000","-9,482,000","-11,061,000","-10,194,000","-10,369,000","-10,516,000","-9,001,000","-7,645,000","-9,345,000","-9,224,000","-8,811,000","-7,038,000","-7,499,000","-7,442,000","-6,883,000","-5,569,000","-6,265,000","-6,864,000","-16,525,000","-2,379,000","-6,023,000","-896,000","-2,559,000","-4,395,000","-2,740,000","-3,702,000",,,,"-2,991,000","5,261,000","-4,751,000","-7,130,000","4,369,000",,,,,,,,,,,,,,,,,,,,,,,,,,,,,,,,,,,,,,,,,,,,,,,,,,,,,,,,,,,,,,,,,,,,,,,,,,,,,,,,,,,,,,,,,,,,,,
	OtherNonOperatingIncomeExpenses,"126,886,000","25,043,000","33,138,000","33,942,000","34,762,000","-18,351,000","19,496,000","21,195,000","18,359,000","15,043,000","13,225,000","12,701,000","5,861,000","11,687,000","12,387,000","12,599,000","11,900,000","-5,335,000","-4,707,000","-3,498,000","-3,376,000","-2,998,000","-4,749,000","-2,303,000","-3,520,000","-5,017,000","-4,963,000","-1,968,000","-3,666,000","-1,366,000","-1,812,000","1,883,000","-2,428,000","-2,556,000","-3,956,000","-2,136,000","-2,958,000",,,,,,,,,,,,,,,,,,,,,,,,,,,,,,,,,,,,,,,,,,,,,,,,,,,,,,,,,,,,,,,,,,,,,,,,,,,,,,,,,,,,,,,,,,,,,,,,,,,,,,,,,,,,,,
PretaxIncome,"746,030,000","27,903,000","415,967,000","265,996,000","36,164,000","-34,431,000","428,479,000","239,520,000","14,657,000","-19,683,000","370,415,000","166,099,000","25,209,000","37,744,000","404,218,000","215,651,000","6,829,000","47,277,000","425,264,000","261,284,000","32,396,000","85,428,000","409,346,000","191,924,000","11,240,000","68,825,000","401,533,000","194,878,000","28,674,000","14,542,000","382,839,000","215,924,000","31,096,000","41,981,000","366,630,000","216,641,000","45,305,000","53,062,000","399,990,000","207,619,000","-4,361,000","26,919,000","384,689,000","144,003,000","-14,974,000","8,381,000","355,314,000","146,413,000","-16,252,000","-32,092,000","290,441,000","108,593,000","-263,970,000","-73,793,000","226,473,000","131,509,000","-5,225,000","13,980,000","292,586,000","118,727,000","24,407,000","12,044,000","283,015,000","160,114,000","18,388,000","36,798,000","124,999,000","140,180,000","38,388,000","40,601,000","162,786,000","115,084,000","45,395,000","53,026,000","160,066,000","90,137,000","32,907,000","-27,441,000","166,900,000","124,809,000","88,985,000","60,475,000","266,595,000","110,829,000","103,003,000","72,095,000","203,690,000","155,513,000","94,886,000","70,200,000","203,700,000","112,400,000","51,600,000","60,000,000","210,700,000","82,800,000","54,100,000","32,200,000","201,200,000","109,800,000","43,000,000","-15,600,000","197,100,000","100,100,000","58,000,000","27,300,000","189,600,000","70,200,000","40,500,000","23,400,000","172,200,000","85,200,000","42,800,000",,,,,,,,,,,,,,,,,,,,,,,,,,,,,,,,,,
TaxProvision,"110,086,000","-3,987,000","71,863,000","46,560,000","-4,350,000","-19,913,000","77,234,000","41,061,000","-20,209,000","-88,537,000","53,266,000","17,080,000","2,418,000","6,795,000","84,333,000","44,039,000","-1,265,000","20,775,000","144,319,000","88,967,000","4,211,000","27,309,000","141,446,000","65,742,000","1,914,000","22,847,000","139,555,000","67,371,000","7,947,000","5,007,000","134,753,000","74,540,000","6,405,000","9,167,000","131,912,000","77,043,000","12,469,000","18,157,000","147,116,000","76,689,000","-4,645,000","7,375,000","131,416,000","50,818,000","-5,649,000","-3,822,000","123,486,000","51,829,000","-15,480,000","-7,480,000","103,061,000","37,600,000","-96,174,000","-27,082,000","75,970,000","17,076,000","-557,000","10,492,000","91,588,000","40,231,000","8,609,000","1,518,000","98,836,000","49,271,000","6,793,000","13,029,000","40,305,000","55,024,000","14,732,000","11,283,000","58,900,000","44,027,000","15,627,000","7,030,000","50,528,000","35,248,000","12,754,000","-12,556,000","65,984,000","49,444,000","35,228,000","24,669,000","104,096,000","43,972,000","40,798,000","29,783,000","87,641,000","65,612,000","40,816,000","25,400,000","78,100,000","43,700,000","20,900,000","24,500,000","83,400,000","33,800,000","23,000,000","13,200,000","76,900,000","42,600,000","17,600,000","-8,900,000","75,700,000","38,600,000","23,100,000","9,000,000","75,100,000","28,000,000","15,900,000","-12,900,000","78,200,000","36,500,000","21,200,000",,,,,,,,,,,,,,,,,,,,,,,,,,,,,,,,,,
NetIncomeCommonStockholders,"618,720,000","27,584,000","339,798,000","215,697,000","35,641,000","-19,391,000","346,372,000","193,585,000","29,993,000","63,981,000","312,276,000","144,145,000","17,918,000","26,076,000","315,012,000","166,738,000","3,221,000","21,629,000","276,072,000","167,443,000","23,312,000","53,246,000","263,027,000","121,308,000","4,453,000","41,117,000","257,116,000","122,902,000","16,122,000","5,410,000","243,961,000","132,458,000","15,766,000","24,260,000","226,163,000","131,207,000","24,444,000","22,631,000","244,823,000","122,345,000","-8,257,000","12,564,000","255,359,000","86,685,000","-15,135,000","7,350,000","233,920,000","114,797,000","-6,014,000","-30,159,000","186,652,000","68,347,000","-156,510,000","-38,850,000","151,586,000","133,862,000","-4,473,000","2,911,000","208,708,000","78,994,000","16,530,000","18,479,000","184,167,000","112,154,000","12,455,000","21,347,000","103,737,000","26,735,000","24,448,000","33,729,000","105,400,000","71,370,000","30,156,000","49,091,000","110,048,000","56,142,000","25,298,000","-80,630,000","100,916,000","75,365,000","53,757,000","35,806,000","150,053,000","66,857,000","59,450,000","42,312,000","116,049,000","89,901,000","54,070,000","44,800,000","23,700,000","68,700,000","30,700,000","35,500,000","127,300,000","49,000,000","31,100,000","19,000,000","124,300,000","67,200,000","25,400,000","-16,100,000","107,100,000","59,000,000","31,300,000","6,700,000","114,500,000","42,200,000","24,600,000","36,300,000","94,000,000","48,700,000","21,600,000","16,900,000","86,700,000","38,900,000","46,800,000","24,600,000","85,300,000","38,700,000","7,800,000","-283,600,000","77,500,000","13,800,000","5,500,000","25,100,000","57,000,000","2,100,000","13,100,000",,,,,,,,,,,,,,,,,,
	NetIncome,"618,720,000","27,584,000","339,798,000","215,697,000","35,641,000","-19,391,000","346,372,000","193,585,000","29,993,000","63,981,000","312,276,000","144,145,000","17,918,000","26,076,000","315,012,000","166,738,000","3,221,000","21,629,000","276,072,000","167,443,000","23,312,000","53,246,000","263,027,000","121,308,000","4,453,000","41,117,000","257,116,000","122,902,000","16,122,000","5,410,000","243,961,000","132,458,000","15,766,000","24,260,000","226,163,000","131,207,000","24,444,000","22,631,000","244,823,000","122,345,000","-8,257,000","12,564,000","255,359,000","86,685,000","-15,135,000","7,350,000","233,920,000","114,797,000","-6,014,000","-30,159,000","186,652,000","68,347,000","-156,510,000","-38,850,000","151,586,000","133,862,000","-4,473,000","2,911,000","208,708,000","78,994,000","16,530,000","18,479,000","184,167,000","112,154,000","12,455,000","21,347,000","103,737,000","26,735,000","24,448,000","33,729,000","105,400,000","71,370,000","30,156,000","49,091,000","110,048,000","56,142,000","25,298,000","-80,630,000","100,916,000","75,365,000","53,757,000","35,806,000","150,053,000","66,857,000","59,450,000","42,312,000","116,049,000","89,901,000","54,070,000","44,800,000","23,700,000","68,700,000","30,700,000","35,500,000","127,300,000","49,000,000","31,100,000","19,000,000","124,300,000","67,200,000","25,400,000","-16,100,000","107,100,000","59,000,000","31,300,000","6,700,000","114,500,000","42,200,000","24,600,000","36,300,000","94,000,000","48,700,000","21,600,000","16,900,000","86,700,000","38,900,000","46,800,000","24,600,000","85,300,000","38,700,000","7,800,000","-283,600,000","77,500,000","13,800,000","5,500,000","25,100,000","57,000,000","2,100,000","13,100,000",,,,,,,,,,,,,,,,,,
		NetIncomeIncludingNoncontrollingInterests,"635,944,000","31,890,000","344,104,000","219,436,000","40,514,000","-14,518,000","351,245,000","198,459,000","34,866,000","68,854,000","317,149,000","149,019,000","22,791,000","30,949,000","319,885,000","171,612,000","8,094,000","26,502,000","280,945,000","172,317,000","28,185,000","58,119,000","267,900,000","126,182,000","9,326,000","45,978,000","261,978,000","127,507,000","20,727,000","9,535,000","248,086,000","141,384,000","24,691,000","32,814,000","234,718,000","139,598,000","32,836,000","30,671,000","252,863,000","130,111,000","-481,000","19,990,000","262,785,000","93,839,000","-9,674,000","12,501,000","239,039,000","119,566,000","-897,000","-29,990,000","186,070,000","68,195,000","-170,720,000","-38,850,000","151,586,000","133,862,000","-4,473,000","2,911,000","208,708,000","78,994,000","16,530,000","18,479,000","184,167,000","112,154,000","12,455,000","21,347,000","103,737,000","26,735,000","24,448,000","33,729,000","105,400,000","71,370,000","30,156,000","49,091,000","110,048,000","56,142,000","25,298,000","-80,630,000","100,916,000","75,365,000","53,757,000","35,806,000","150,053,000","66,857,000","59,450,000","42,312,000","116,049,000","89,901,000","54,070,000","44,800,000","23,700,000","68,700,000","31,700,000","37,500,000","129,600,000","51,400,000","34,000,000","22,000,000","127,300,000","70,400,000","29,000,000","-12,000,000","111,300,000","63,300,000","35,800,000","11,400,000","119,300,000","47,000,000","29,400,000","41,200,000","99,900,000","55,700,000","29,100,000","16,900,000","86,700,000","38,900,000","46,800,000","24,600,000","85,300,000","38,700,000","7,800,000","-283,600,000","77,500,000","13,800,000","5,500,000","25,100,000","57,000,000","2,100,000","13,100,000","-566,200,000","5,100,000","-11,200,000","20,900,000","-125,700,000","55,900,000","43,600,000","30,400,000","57,200,000","90,200,000","64,400,000","56,600,000","50,000,000","92,300,000","43,600,000","48,300,000","68,200,000","102,700,000"
			NetIncomeContinuousOperations,"635,944,000","31,890,000","344,104,000","219,436,000","40,514,000","-14,518,000","351,245,000","198,459,000","34,866,000","68,854,000","317,149,000","149,019,000","22,791,000","30,949,000","319,885,000","171,612,000","8,094,000","26,502,000","280,945,000","172,317,000","28,185,000","58,119,000","267,900,000","126,182,000","9,326,000","45,978,000","261,978,000","127,507,000","20,727,000","9,535,000","248,086,000","141,384,000","24,691,000","32,814,000","234,718,000","139,598,000","32,836,000","34,905,000","252,874,000","130,930,000","284,000","19,544,000","253,273,000","93,185,000","-9,325,000","12,203,000","231,828,000","94,584,000","-772,000","-24,612,000","187,380,000","70,993,000","-167,796,000","-46,711,000","150,503,000","114,433,000","-4,668,000","3,488,000","200,998,000","78,496,000","15,798,000","10,526,000","184,179,000","110,843,000","11,595,000","23,769,000","84,694,000","85,156,000","23,656,000","29,318,000","103,886,000","71,057,000","29,768,000","45,996,000","109,538,000","54,889,000","20,153,000","-14,885,000","100,916,000","75,365,000","53,757,000","35,806,000","162,499,000","66,857,000","62,205,000","42,312,000","116,049,000","89,901,000","54,070,000","44,800,000","125,600,000","68,700,000","30,700,000","35,500,000","127,300,000","49,000,000","31,100,000","19,000,000","124,300,000","67,200,000","25,400,000","-6,700,000","121,400,000","61,500,000","34,900,000","18,300,000","114,500,000","42,200,000","24,600,000","36,300,000","94,000,000","48,700,000","21,600,000","16,900,000","86,700,000","38,900,000","27,500,000","18,600,000","85,300,000","38,700,000","7,800,000","-437,100,000","77,500,000","13,800,000","5,500,000","-500,000","55,500,000","2,100,000","13,100,000","-21,900,000","67,300,000","38,300,000","40,900,000","-125,700,000","55,900,000","43,600,000","30,400,000","57,200,000","90,200,000","64,400,000","56,600,000","50,000,000","92,300,000","43,600,000","48,300,000","68,200,000","102,700,000"
			NetIncomeDiscontinuousOperations,,,,,,,,,,,,,,,,,,,,,,,,,,,,,,,,,,"0","0","0","0","-4,234,000","-11,000","-819,000","-765,000","446,000","9,512,000","654,000","-349,000","298,000","7,211,000","24,982,000","-125,000","-5,378,000","-1,310,000","-2,798,000","-2,924,000","7,861,000","1,083,000","19,429,000","195,000","-577,000","7,710,000","498,000","732,000","7,953,000","-12,000","1,311,000","860,000","-2,422,000","19,043,000","-58,421,000","792,000","4,411,000","1,514,000","313,000","388,000","3,095,000","510,000","1,253,000","5,145,000",,,,,,,,,,,,,"0","38,000,000",,,,,,,,,,,,,,,,,,,,,,,,,,,,,,,,,,,"25,600,000","1,500,000",,,"-544,300,000","-62,200,000","-49,500,000","-20,000,000",,,,,,,,,,,,,,
			NetIncomeExtraordinary,,,,,,,,,,,,,,,,,,,,,,,,,,,,,,,,,,,,,,,,,,,,,,,,,,,,,,,,,,,,,,,,,,,,,,,,,,,,,,,,,,"0","-12,446,000",,,,,,,,,,,,,,,,,,,,,,,,,,,,,,,"0",,,"19,300,000",,,,,,,,,,,,,,,,,,,,,,,,,,,,,,
			NetIncomeFromTaxLossCarryforward,,,,,,,,,,,,,,,,,,,,,,,,,,,,,,,,,,,,,,,,,,,,,,,,,,,,,,,,,,,,,,,,,,,,,,,,,,,,,,,,,,,,,"-2,755,000",,,,,"0","-139,900,000",,,,,,,,,,,"100,000","-14,300,000","-2,500,000","-3,600,000",,,,,,,,,,,,,,,,,,,,,,,,,,,,,,,,,,,,,,,,,,
		MinorityInterests,"-17,224,000","-4,306,000","-4,306,000","-3,739,000","-4,873,000","-4,873,000","-4,873,000","-4,874,000","-4,873,000","-4,873,000","-4,873,000","-4,874,000","-4,873,000","-4,873,000","-4,873,000","-4,874,000","-4,873,000","-4,873,000","-4,873,000","-4,874,000","-4,873,000","-4,873,000","-4,873,000","-4,874,000","-4,873,000","-4,861,000","-4,862,000","-4,605,000","-4,605,000","-4,125,000","-4,125,000","-8,926,000","-8,925,000","-8,554,000","-8,555,000","-8,391,000","-8,392,000","-8,040,000","-8,040,000","-7,766,000","-7,776,000","-7,426,000","-7,426,000","-7,154,000","-5,461,000","-5,151,000","-5,119,000","-4,769,000","-5,117,000","-169,000","582,000","152,000","14,210,000",,,,,,,,,,,,,,,,,,,,,,,,,,,,,,,,,,,,,"0",,,"-1,000,000","-2,000,000","-2,300,000","-2,400,000","-2,900,000","-3,000,000","-3,000,000","-3,200,000","-3,600,000","-4,100,000","-4,200,000","-4,300,000","-4,500,000","-4,700,000","-4,800,000","-4,800,000","-4,800,000","-4,900,000","-5,900,000","-7,000,000","-7,500,000",,,,,,,,,,,,,,,,,,,,,,,,,,,,,,,,,,
DilutedNIAvailtoComStockholders,"618,720,000","27,584,000","339,798,000","215,697,000","35,641,000","-19,391,000","346,372,000","193,585,000","29,993,000","63,981,000","312,276,000","144,145,000","17,918,000","26,076,000","315,012,000","166,738,000","3,221,000","21,629,000","276,072,000","167,443,000","23,312,000","53,246,000","263,027,000","121,308,000","4,453,000","41,117,000","257,116,000","122,902,000","16,122,000","5,410,000","243,961,000","132,458,000","15,766,000","24,260,000","226,163,000","131,207,000","24,444,000","22,631,000","244,823,000","122,345,000","-8,257,000","12,564,000","255,359,000","86,685,000","-15,135,000","7,350,000","233,920,000","114,797,000","-6,014,000","-30,159,000","186,652,000","68,347,000","-156,510,000","-38,850,000","151,586,000","133,862,000","-4,473,000","2,911,000","208,708,000","78,994,000","16,530,000","18,479,000","184,167,000","112,154,000","12,455,000","21,347,000","103,737,000","26,735,000","24,448,000","33,729,000","105,400,000","71,370,000","30,156,000","49,091,000","110,048,000","56,142,000","25,298,000","-80,630,000","100,916,000","75,365,000","53,757,000","35,806,000","150,053,000","66,857,000","59,450,000","42,312,000","116,049,000","89,901,000","54,070,000","44,800,000","23,700,000","68,700,000","30,700,000","35,500,000","127,300,000","49,000,000","31,100,000","19,000,000","124,300,000","67,200,000","25,400,000","-16,100,000","107,100,000","59,000,000","31,300,000","6,700,000","114,500,000","42,200,000","24,600,000","36,300,000","94,000,000","48,700,000","21,600,000","16,900,000","86,700,000","38,900,000","46,800,000","24,600,000","85,300,000","38,700,000","7,800,000","-283,600,000","77,500,000","13,800,000","5,500,000","25,100,000","57,000,000","2,100,000","13,100,000",,,,,,,,,,,,,,,,,,
BasicEPS,,"0.24","3.01","1.91","0.32","-0.17","3.07","1.72","0.27","0.57","2.78","1.28","0.16","0.23","2.81","1.49","0.03","0.19","2.47","1.5","0.21","0.48","2.36","1.09","0.04",,"2.32","1.11","0.15","0.05","2.2","1.2","0.14",,"2.06","1.19","0.22",,"2.23","1.12","-0.08",,"2.34","0.8","-0.14",,"2.15","1.07","-0.06",,"1.84","0.68","-1.55",,"1.5","1.33","-0.04",,"2.08","0.79","0.17",,"1.85","1.13","0.13",,"1.05","0.28","0.27",,"1.15","0.78","0.33",,"1.21","0.62","0.28",,"1.19","0.89","0.63",,"1.77","0.79","0.7",,"1.37","1.06","0.64",,"0.28","0.81","0.36",,"1.5","0.58","0.37",,"1.47","0.79","0.29",,"1.23","0.67","0.36",,"1.31","0.48","0.28",,"1.08","0.56","0.25",,"0.99","0.45","0.54",,"0.98","0.44","0.09",,"0.89","0.16","0.06",,"0.66","0.02","0.15",,"0.06","-0.13","0.24",,"0.65","0.5","0.35",,"1.06","0.78","0.7",,"1.19","0.57","0.65",,"1.41"
DilutedEPS,,"0.24","3","1.91","0.32","-0.17","3.07","1.71","0.27","0.57","2.77","1.28","0.16","0.23","2.8","1.48","0.03","0.19","2.46","1.49","0.21","0.47","2.35","1.08","0.04",,"2.3","1.1","0.14","0.05","2.2","1.19","0.14",,"2.04","1.18","0.22",,"2.21","1.11","-0.08",,"2.32","0.79","-0.14",,"2.14","1.07","-0.06",,"1.84","0.68","-1.55",,"1.5","1.33","-0.04",,"2.07","0.78","0.16",,"1.84","1.13","0.13",,"1.05","0.28","0.27",,"1.15","0.78","0.33",,"1.2","0.61","0.28",,"1.19","0.89","0.63",,"1.77","0.79","0.7",,"1.37","1.06","0.64",,"0.28","0.81","0.36",,"1.49","0.57","0.36",,"1.46","0.78","0.29",,"1.23","0.67","0.36",,"1.31","0.48","0.28",,"1.08","0.56","0.25",,"0.99","0.45","0.54",,"0.98","0.44","0.09",,"0.89","0.16","0.06",,"0.66","0.02","0.15",,"0.06","-0.13","0.24",,"0.65","0.5","0.35",,"1.06","0.78","0.7",,"1.19","0.57","0.65",,"1.41"
BasicAverageShares,,"113,005,000","112,923,000","112,882,000","112,829,000","112,747,000","112,679,000","112,638,000","112,594,000","112,545,000","112,463,000","112,337,000","112,337,000","112,233,000","112,148,000","112,115,000","112,017,000","111,943,000","111,835,000","111,797,000","111,728,000","111,545,000","111,416,000","111,368,000","111,296,000",,"111,036,000","110,986,000","110,916,000","110,765,000","110,686,000","110,565,000","110,257,000",,"110,009,000","109,962,000","109,832,000",,"109,555,000","109,491,000","109,299,000",,"109,128,000","109,044,000","108,832,000",,"108,632,000","107,355,000","101,474,000",,"101,223,000","101,109,000","100,986,000",,"100,750,000","100,653,000","100,521,000",,"100,324,000","100,229,000","100,045,000",,"99,491,000","99,221,000","99,115,000",,"98,697,000","96,192,000","91,962,000",,"91,357,000","91,315,000","91,294,000",,"91,271,000","91,258,000","91,256,000",,"84,768,000","84,794,000","84,735,000",,"84,721,000","84,744,000","84,727,000",,"84,745,000","84,730,000","84,728,000",,"84,642,857","84,814,815","85,277,778",,"84,866,667","84,482,759","84,054,054",,"84,557,823","85,063,291","87,586,207",,"87,073,171","88,059,701","86,944,444",,"87,404,580","87,916,667","87,857,143",,"87,037,037","86,964,286","86,400,000",,"87,575,758","86,444,444","86,666,667",,"87,040,816","87,954,545","86,666,667",,"87,078,652","86,250,000","91,666,667",,"86,363,636","105,000,000","87,333,333",,"86,720,000","86,724,000","86,722,000",,"86,723,000","86,079,000","86,323,000",,"85,188,000","83,289,000","83,289,000",,"75,981,000","75,981,000","74,346,000",,"72,747,000"
DilutedAverageShares,,"113,232,000","113,217,000","113,223,000","113,093,000","113,031,000","112,987,000","112,879,000","112,862,000","112,815,000","112,746,000","112,651,000","112,735,000","112,700,000","112,533,000","112,471,000","112,493,000","112,472,000","112,401,000","112,345,000","112,195,000","112,223,000","112,100,000","112,004,000","111,847,000",,"111,616,000","111,460,000","111,377,000","111,284,000","111,103,000","111,002,000","110,888,000",,"111,053,000","110,932,000","110,835,000",,"110,655,000","110,359,000","109,299,000",,"109,861,000","109,718,000","108,832,000",,"109,094,000","107,764,000","101,474,000",,"101,385,000","101,193,000","100,986,000",,"101,018,000","100,917,000","100,521,000",,"100,829,000","100,779,000","100,622,000",,"99,973,000","99,640,000","99,449,000",,"98,816,000","96,299,000","92,045,000",,"91,491,000","91,400,000","91,376,000",,"91,467,000","91,450,000","91,359,000",,"84,797,000","84,926,000","84,884,000",,"84,909,000","85,042,000","84,966,000",,"85,012,000","84,891,000","84,834,000",,"84,642,857","84,814,815","85,277,778",,"85,436,242","85,964,912","86,388,889",,"85,136,986","86,153,846","87,586,207",,"87,073,171","88,059,701","86,944,444",,"87,404,580","87,916,667","87,857,143",,"87,037,037","86,964,286","86,400,000",,"87,575,758","86,444,444","86,666,667",,"87,040,816","87,954,545","86,666,667",,"87,078,652","86,250,000","91,666,667",,"86,363,636","105,000,000","87,333,333",,"86,720,000","86,724,000","86,722,000",,"86,723,000","86,079,000","86,323,000",,"85,188,000","83,289,000","83,289,000",,"75,981,000","75,981,000","74,346,000",,"72,747,000"
TotalOperatingIncomeAsReported,"805,310,000","50,017,000","429,373,000","278,386,000","47,534,000","30,848,000","455,008,000","261,874,000","40,422,000","11,997,000","403,290,000","196,589,000","60,084,000","66,884,000","433,307,000","242,162,000","31,334,000","90,610,000","466,082,000","304,229,000","73,506,000","122,816,000","451,258,000","231,748,000","50,162,000","109,834,000","445,111,000","231,973,000","67,684,000","60,184,000","421,775,000","254,113,000","75,170,000","83,900,000","415,688,000","259,812,000","86,923,000","101,289,000","447,970,000","254,489,000","48,007,000","78,715,000","435,017,000","196,992,000","37,141,000","59,318,000","403,625,000","203,273,000","37,634,000","25,690,000","344,511,000","157,103,000","-207,629,000","-35,371,000","282,234,000","178,875,000","38,798,000","25,262,000","350,023,000","158,686,000","67,989,000","60,070,000","310,440,000","191,197,000","57,163,000","82,787,000","162,113,000","178,627,000","85,256,000","90,745,000","210,836,000","121,160,000","83,371,000","81,467,000","198,850,000","132,482,000","69,255,000","16,878,000","213,025,000","165,493,000","118,462,000","101,070,000","298,606,000","138,888,000","136,063,000","122,546,000","256,001,000","201,153,000","96,271,000","98,000,000","240,100,000","149,000,000","91,900,000","101,900,000","251,800,000","122,600,000","91,000,000","81,800,000","243,400,000","150,100,000","82,400,000","39,400,000","245,900,000","152,200,000","106,700,000","78,600,000","261,000,000","127,200,000","95,800,000","82,700,000","245,500,000","117,300,000","88,500,000",,,,,,,,,,,,,,,,,,,,,,,,,,,,,,,,,,
TotalExpenses,"2,998,525,000","748,840,000","878,881,000","721,863,000","648,941,000","710,113,000","799,493,000","667,716,000","621,508,000","658,394,000","787,497,000","672,912,000","680,446,000","689,492,000","834,727,000","731,961,000","661,380,000","669,049,000","717,240,000","640,358,000","604,222,000","616,383,000","715,664,000","683,646,000","627,005,000","624,596,000","754,035,000","658,675,000","603,535,000","666,266,000","750,892,000","652,151,000","611,081,000","615,862,000","736,704,000","656,010,000","599,729,000","591,833,000","661,505,000","624,087,000","572,624,000","589,177,000","689,824,000","602,807,000","622,434,000","624,293,000","735,460,000","617,321,000","580,845,000","651,212,000","761,573,000","682,320,000","625,716,000","606,291,000","797,741,000","747,318,000","697,940,000","733,854,000","855,911,000","704,749,000","627,146,000","670,002,000","766,002,000","733,831,000","613,043,000","608,885,000","793,470,000","577,209,000","529,831,000","643,973,000","675,943,000","601,526,000","490,998,000","428,370,000","747,720,000","625,001,000","534,707,000","627,558,000","659,926,000","549,445,000","502,495,000","643,633,000","1,275,423,000","1,154,924,000","802,766,000","715,608,000","1,351,355,000","555,395,000","391,846,000","448,500,000","654,100,000","395,100,000","346,800,000","384,400,000","507,200,000","348,000,000","323,600,000","362,100,000","420,300,000","338,900,000","316,100,000","365,600,000","352,900,000","300,700,000","254,600,000","293,100,000","297,800,000","266,000,000","250,300,000","211,300,000","338,400,000","315,700,000","286,100,000",,,,,,,,,,,,,,,,,,,,,,,,,,,,,,,,,,
NetIncomeFromContinuingAndDiscontinuedOperation,"618,720,000","27,584,000","339,798,000","215,697,000","35,641,000","-19,391,000","346,372,000","193,585,000","29,993,000","63,981,000","312,276,000","144,145,000","17,918,000","26,076,000","315,012,000","166,738,000","3,221,000","21,629,000","276,072,000","167,443,000","23,312,000","53,246,000","263,027,000","121,308,000","4,453,000","41,117,000","257,116,000","122,902,000","16,122,000","5,410,000","243,961,000","132,458,000","15,766,000","24,260,000","226,163,000","131,207,000","24,444,000","22,631,000","244,823,000","122,345,000","-8,257,000","12,564,000","255,359,000","86,685,000","-15,135,000","7,350,000","233,920,000","114,797,000","-6,014,000","-30,159,000","186,652,000","68,347,000","-156,510,000","-38,850,000","151,586,000","133,862,000","-4,473,000","2,911,000","208,708,000","78,994,000","16,530,000","18,479,000","184,167,000","112,154,000","12,455,000","21,347,000","103,737,000","26,735,000","24,448,000","33,729,000","105,400,000","71,370,000","30,156,000","49,091,000","110,048,000","56,142,000","25,298,000","-14,885,000","100,916,000","75,365,000","53,757,000","35,806,000","162,499,000","66,857,000","62,205,000","42,312,000","116,049,000","89,901,000","54,070,000","44,800,000","163,600,000","68,700,000","30,700,000","35,500,000","127,300,000","49,000,000","31,100,000","19,000,000","124,300,000","67,200,000","25,400,000","-16,200,000","121,400,000","61,500,000","34,900,000","18,300,000","114,500,000","42,200,000","24,600,000","36,300,000","94,000,000","48,700,000","21,600,000","16,900,000","86,700,000","38,900,000","27,500,000","24,600,000","85,300,000","38,700,000","7,800,000","-283,600,000","77,500,000","13,800,000","5,500,000","25,100,000","57,000,000","2,100,000","13,100,000",,,,,,,,,,,,,,,,,,
NormalizedIncome,"584,307,095.318","19,335,730","330,989,562.331","207,811,209.522","29,170,280","-25,879,240","339,934,515.351","183,942,935.108","24,330,390","59,335,280","307,822,908.335","137,792,140.928","8,018,303.463","15,613,985.084","305,310,625.457","156,473,159.178","-6,928,190","15,105,800","267,737,407.559","160,696,966.592","15,324,393.968","45,892,342.288","256,649,955.641","114,836,639.326","-3,842,493.594","35,352,464.41","252,495,388.005","117,212,936.252","9,812,242.624","5,574,577.431","239,476,725.618","127,616,512.736","9,968,029.779","18,933,128.082","224,796,804.62","127,231,851.889","19,550,308.973","16,051,830.689","244,754,974.899","119,365,737.847","-8,039,950","10,321,075.894","242,990,931.139","84,250,168.212","-17,896,616.736","3,886,500","225,620,045.07","87,416,371.518","1,989,650","-12,353,059.703","208,763,147.083","66,896,912.978","-16,489,351.517","-32,771,697.749","159,980,170.714","119,771,390.947","-1,717,109.282","-13,206,600","212,425,757.07","78,066,254.449","19,198,774.04","20,207,752.574","178,657,827.497","108,127,895.474","11,011,088.21","21,433,310.452","86,751,064.329","82,217,030.618","25,852,875.065","28,169,138.199","105,864,981.522","51,265,090.308","26,182,987.201","28,860,915.626","110,952,510.552","57,078,178.195","19,219,667.518","-15,885,200","106,683,146.842","80,010,361.673","53,099,724.999","39,606,400","163,675,402.671","64,904,297.106","62,650,688.863","50,694,600","124,915,800","94,089,000","32,744,200","37,333,333.333","124,983,406.971","68,455,516.014","32,200,000","36,940,000","128,206,264.832","48,880,000","28,460,000","22,840,000","123,126,192.843","64,262,295.082","22,880,000","-2,440,000","121,584,779.3","62,114,385.614","33,877,068.966","15,819,780.22","122,411,128.692","41,418,518.519","21,805,925.926","36,540,000","95,680,000","28,480,000","9,480,000","16,900,000","86,700,000","38,900,000","27,500,000","18,600,000","85,300,000","38,700,000","7,800,000","-437,100,000","77,500,000","13,800,000","5,500,000","-500,000","55,500,000","2,100,000","13,100,000",,,,,,,,,,,,,,,,,,
InterestIncome,"6,726,000","1,490,000","1,602,000","1,687,000","1,948,000","3,222,000","2,956,000","2,755,000","3,277,000","2,682,000","2,694,000","2,699,000","2,302,000","2,391,000","1,957,000","2,408,000","1,891,000","1,715,000","917,000","387,000","477,000","514,000","65,000","184,000","117,000","71,000","127,000","184,000","110,000","161,000","103,000","495,000","251,000","338,000","116,000","467,000","76,000","221,000","307,000","107,000","605,000","486,000","429,000","543,000","391,000","658,000","943,000","625,000","875,000",,,,,,,,,,,,,,,,,,,,,,,,,,,,,,,,,,,,,,,,,,,,,,,,,,,,,,,,,,,,,,,,,,,,,,,,,,,,,,,,,,,,,,,,,,,,,,,,,,
InterestExpense,"233,262,000","59,946,000","58,794,000","57,578,000","56,944,000","59,038,000","56,834,000","57,941,000","55,158,000","55,769,000","53,995,000","52,971,000","53,988,000","55,977,000","55,692,000","54,417,000","52,199,000","50,585,000","49,644,000","50,063,000","47,392,000","45,713,000","46,972,000","47,548,000","45,517,000","44,692,000","45,824,000","44,006,000","44,183,000","44,186,000","44,147,000","47,961,000","49,199,000","46,516,000","47,352,000","47,671,000","45,488,000","47,864,000","48,412,000","53,000,000","53,816,000","54,757,000","55,095,000","56,284,000","57,501,000","58,012,000","54,328,000","57,637,000","58,974,000","56,697,000","58,821,000","55,640,000","51,972,000",,,,,,,,,,,,,,,,,,,,,,,,,,,,,,,,,,,,,,,,,,,,,,,,,,,,,,,,,,,,,,,,,,,,,,,,,,,,,,,,,,,,,,,,,,,,,,
NetInterestIncome,"-226,536,000","-58,456,000","-57,192,000","-55,891,000","-54,996,000","-55,816,000","-53,878,000","-55,186,000","-51,881,000","-53,087,000","-51,301,000","-50,272,000","-51,686,000","-53,586,000","-53,735,000","-52,009,000","-50,308,000","-48,870,000","-48,727,000","-49,676,000","-46,915,000","-45,199,000","-46,907,000","-47,364,000","-45,400,000","-44,621,000","-45,697,000","-43,822,000","-44,073,000","-44,025,000","-44,044,000","-47,466,000","-48,948,000","-46,178,000","-47,236,000","-47,204,000","-45,412,000","-47,643,000","-48,105,000","-52,893,000","-53,211,000","-54,271,000","-54,666,000","-55,741,000","-57,110,000","-57,354,000","-53,385,000","-57,012,000","-58,099,000","-55,037,000","-58,821,000","-55,640,000","-51,972,000",,,,,,,,,,,,,,,,,,,,,,,,,,,,,,,,,,,,,,,,,,,,,,,,,,,,,,,,,,,,,,,,,,,,,,,,,,,,,,,,,,,,,,,,,,,,,,
EBIT,"979,292,000","87,849,000","474,761,000","323,574,000","93,108,000","24,607,000","485,313,000","297,461,000","69,815,000","36,086,000","424,410,000","219,070,000","79,197,000","93,721,000","459,910,000","270,068,000","59,028,000","97,862,000","474,908,000","311,347,000","79,788,000","131,141,000","456,318,000","239,472,000","56,757,000","113,517,000","447,357,000","238,884,000","72,857,000","58,728,000","426,986,000","263,885,000","80,295,000","88,497,000","413,982,000","264,312,000","90,793,000","100,926,000","448,402,000","260,619,000","49,455,000","81,676,000","439,784,000","200,287,000","42,527,000","66,393,000","409,642,000","204,050,000","42,722,000","24,605,000","349,262,000","164,233,000","-211,998,000","-36,233,000","282,234,000","178,875,000","38,798,000","25,262,000","350,023,000","158,686,000","67,989,000","60,070,000","310,440,000","191,197,000","57,163,000","82,787,000","162,113,000","178,627,000","85,256,000","90,745,000","210,836,000","121,160,000","83,371,000","81,467,000","198,850,000","132,482,000","69,255,000","16,878,000","213,025,000","165,493,000","118,462,000","101,070,000","298,606,000","138,888,000","136,063,000","122,546,000","256,001,000","201,153,000","96,271,000","98,000,000","240,100,000","149,000,000","91,900,000","101,900,000","251,800,000","122,600,000","91,000,000","81,800,000","243,400,000","150,100,000","82,400,000","39,400,000","245,900,000","152,200,000","106,700,000","78,600,000","261,000,000","127,200,000","95,800,000","82,700,000","245,500,000","117,300,000","88,500,000","395,100,000","534,600,000","413,700,000","375,100,000","403,100,000","526,300,000","412,900,000","347,300,000","305,100,000","474,700,000","362,500,000","332,300,000","348,100,000","474,600,000","418,400,000","355,500,000","311,900,000","463,300,000","375,800,000","356,900,000","341,500,000","463,400,000","329,800,000","307,300,000","303,500,000","392,800,000","326,800,000","290,300,000","288,200,000","391,700,000","295,500,000","274,500,000","286,100,000","368,100,000"
EBITDA,"1,698,433,000"
ReconciledCostOfRevenue,"2,038,352,000","502,955,000","641,556,000","484,148,000","409,693,000","479,184,000","570,269,000","440,251,000","390,750,000","436,481,000","564,278,000","452,755,000","457,128,000","473,131,000","618,141,000","508,936,000","444,051,000","451,893,000","514,264,000","450,939,000","412,137,000","432,226,000","533,556,000","498,668,000","443,197,000","436,322,000","564,018,000","474,457,000","417,636,000","499,342,000","584,088,000","483,249,000","442,046,000","459,294,000","563,175,000","488,038,000","433,315,000","1,078,209,000","282,420,000","244,073,000","197,931,000","199,339,000","319,839,000","228,264,000","195,310,000","210,217,000","337,300,000","238,975,000","216,844,000","274,926,000","397,086,000","306,589,000","267,517,000","347,421,000","534,304,000","251,388,000","312,089,000","322,229,000","633,665,000","196,606,000","252,199,000","210,431,000","283,773,000","239,510,000","224,119,000","226,561,000","267,391,000","217,663,000","176,963,000","230,857,000","300,816,000","238,860,000","148,776,000","-19,760,000","369,038,000","279,532,000","210,590,000","152,799,000","277,206,000","242,001,000","213,552,000","333,460,000","941,393,000","852,160,000","508,843,000","432,621,000","1,056,297,000","297,716,000","118,066,000","167,700,000","396,600,000","132,500,000","99,200,000","115,300,000","252,700,000","95,600,000","73,900,000","93,300,000","158,500,000","99,300,000","85,500,000","81,400,000","108,000,000","79,800,000","56,300,000","60,000,000","92,300,000","62,600,000","54,900,000","60,700,000","95,600,000","76,400,000","68,000,000",,,,,,,,,,,,,,,,,,,,,,,,,,,,,,,,,,
ReconciledDepreciation,"719,141,000","186,800,000","181,805,000","174,127,000","176,409,000","170,511,000","172,569,000","170,005,000","173,168,000","163,339,000","168,616,000","164,384,000","167,801,000","161,094,000","164,311,000","161,984,000","163,566,000","164,922,000","154,422,000","143,424,000","147,861,000","142,160,000","140,560,000","141,532,000","140,759,000","143,543,000","145,903,000","140,724,000","141,494,000","124,765,000","125,351,000","123,977,000","122,394,000","114,351,000","128,489,000","125,138,000","124,344,000","120,692,000","120,827,000","121,256,000","118,487,000","123,677,000","124,407,000","122,402,000","123,298,000","122,045,000","120,798,000","115,842,000","114,122,000","110,628,000","113,593,000","108,866,000","110,073,000","106,603,000","-6,254,000","219,202,000","104,418,000","101,582,000","-37,504,000","241,099,000","98,719,000","168,905,000","201,673,000","186,447,000","95,072,000","89,414,000","110,196,000","85,662,000","96,332,000","105,239,000","106,066,000","111,143,000","109,103,000","120,648,000","133,778,000","99,350,000","113,124,000","121,620,000","132,451,000","94,603,000","107,397,000","115,202,000","115,975,000","112,726,000","112,362,000","107,747,000","121,767,000","90,010,000","104,969,000",,,,,,,,,,,,,,,,,,,,,,,,,,,,,,,,,,,,,,,,,,,,,,,,,,,,,,,,,,
NetIncomeFromContinuingOperationNetMinorityInterest,"618,720,000","27,584,000","339,798,000","215,697,000","35,641,000","-19,391,000","346,372,000","193,585,000","29,993,000","63,981,000","312,276,000","144,145,000","17,918,000","26,076,000","315,012,000","166,738,000","3,221,000","21,629,000","276,072,000","167,443,000","23,312,000","53,246,000","263,027,000","121,308,000","4,453,000","41,117,000","257,116,000","122,902,000","16,122,000","5,410,000","243,961,000","132,458,000","15,766,000","24,260,000","226,163,000","131,207,000","24,444,000","26,865,000","244,834,000","123,164,000","-7,492,000","12,118,000","245,847,000","86,031,000","-14,786,000","7,052,000","226,709,000","89,815,000","-5,889,000","-24,781,000","187,962,000","71,145,000","-153,586,000","-46,711,000","150,503,000","114,433,000","-4,668,000","3,488,000","200,998,000","78,496,000","15,798,000","10,526,000","184,179,000","110,843,000","11,595,000","23,769,000","84,694,000","85,156,000","23,656,000","29,318,000","103,886,000","71,057,000","29,768,000","45,996,000","109,538,000","54,889,000","20,153,000","-14,885,000","100,916,000","75,365,000","53,757,000","35,806,000","162,499,000","66,857,000","62,205,000","42,312,000","116,049,000","89,901,000","54,070,000","44,800,000","125,600,000","68,700,000","30,700,000","35,500,000","127,300,000","49,000,000","31,100,000","19,000,000","124,300,000","67,200,000","25,400,000","-6,700,000","121,400,000","61,500,000","34,900,000","18,300,000","114,500,000","42,200,000","24,600,000","36,300,000","94,000,000","48,700,000","21,600,000","16,900,000","86,700,000","38,900,000","27,500,000","18,600,000","85,300,000","38,700,000","7,800,000","-437,100,000","77,500,000","13,800,000","5,500,000","-500,000","55,500,000","2,100,000","13,100,000",,,,,,,,,,,,,,,,,,
TotalUnusualItemsExcludingGoodwill,"40,370,000","11,299,000","10,648,000","9,559,000","8,864,000","8,888,000","7,853,000","11,637,000","7,757,000","6,364,000","5,201,000","7,081,000","10,950,000","12,759,000","12,259,000","12,899,000","13,903,000","10,872,000","12,616,000","10,229,000","9,181,000","10,809,000","9,744,000","9,843,000","9,998,000","8,629,000","7,082,000","8,695,000","8,729,000","-251,000","6,920,000","7,394,000","7,302,000","6,815,000","2,134,000","6,169,000","6,752,000","16,438,000","125,000","6,023,000","843,000","2,475,000","4,338,000","2,752,000","4,995,000","4,870,000","1,669,000","3,713,000","-12,121,000","-16,205,000","-32,242,000","6,498,000","-215,675,000","-22,021,000","-14,261,000","-6,135,000","-3,303,000","25,684,000","-16,635,000","650,000","-5,254,000","-11,078,000","8,484,000","3,922,000","926,000","3,616,000","-3,036,000","4,838,000","-3,565,000","1,591,000","-3,101,000","32,055,000","5,467,000","19,754,000","-2,067,000","-3,595,000","1,524,000","1,667,000","-9,538,000","-7,693,000","1,088,000","-6,334,000","-1,930,000","3,237,000","-738,000","-13,971,000","-14,778,000","-6,980,000","35,543,000","11,700,000","1,000,000","400,000","-2,500,000","-2,400,000","-1,500,000","200,000","4,400,000","-6,400,000","1,900,000","4,800,000","4,200,000","-7,100,000","-300,000","-1,000,000","1,700,000","3,700,000","-13,100,000","1,300,000","4,600,000","-400,000","-2,800,000","33,700,000","20,200,000",,,,,,,,,,,,,,,,,,,,,,,,,,,,,,,,,,
TotalUnusualItems,"40,370,000","11,299,000","10,648,000","9,559,000","8,864,000","8,888,000","7,853,000","11,637,000","7,757,000","6,364,000","5,201,000","7,081,000","10,950,000","12,759,000","12,259,000","12,899,000","13,903,000","10,872,000","12,616,000","10,229,000","9,181,000","10,809,000","9,744,000","9,843,000","9,998,000","8,629,000","7,082,000","8,695,000","8,729,000","-251,000","6,920,000","7,394,000","7,302,000","6,815,000","2,134,000","6,169,000","6,752,000","16,438,000","125,000","6,023,000","843,000","2,475,000","4,338,000","2,752,000","4,995,000","4,870,000","1,669,000","3,713,000","-12,121,000","-16,205,000","-32,242,000","6,498,000","-215,675,000","-22,021,000","-14,261,000","-6,135,000","-3,303,000","25,684,000","-16,635,000","650,000","-5,254,000","-11,078,000","8,484,000","3,922,000","926,000","3,616,000","-3,036,000","4,838,000","-3,565,000","1,591,000","-3,101,000","32,055,000","5,467,000","19,754,000","-2,067,000","-3,595,000","1,524,000","1,667,000","-9,538,000","-7,693,000","1,088,000","-6,334,000","-1,930,000","3,237,000","-738,000","-13,971,000","-14,778,000","-6,980,000","35,543,000","11,700,000","1,000,000","400,000","-2,500,000","-2,400,000","-1,500,000","200,000","4,400,000","-6,400,000","1,900,000","4,800,000","4,200,000","-7,100,000","-300,000","-1,000,000","1,700,000","3,700,000","-13,100,000","1,300,000","4,600,000","-400,000","-2,800,000","33,700,000","20,200,000",,,,,,,,,,,,,,,,,,,,,,,,,,,,,,,,,,
NormalizedEBITDA,"1,658,063,000","263,350,000","645,918,000","488,142,000","260,653,000","186,230,000","650,029,000","455,829,000","235,226,000","193,061,000","587,825,000","376,373,000","236,048,000","242,056,000","611,962,000","419,153,000","208,691,000","251,912,000","616,714,000","444,542,000","218,468,000","262,492,000","587,134,000","371,161,000","187,518,000","248,431,000","586,178,000","370,913,000","205,622,000","183,744,000","545,417,000","380,468,000","195,387,000","196,033,000","540,337,000","383,281,000","208,385,000","205,180,000","569,104,000","375,852,000","167,099,000","202,878,000","559,853,000","319,937,000","160,830,000","183,568,000","528,771,000","316,179,000","168,965,000","151,438,000","495,097,000","266,601,000","113,750,000","92,391,000","395,063,000","404,212,000","146,519,000","101,160,000","461,717,000","399,135,000","171,962,000","240,053,000","503,629,000","373,722,000","151,309,000","168,585,000","275,345,000","259,451,000","185,153,000","194,393,000","320,003,000","200,248,000","187,007,000","182,361,000","334,695,000","243,153,000","180,855,000","136,831,000","355,014,000","275,273,000","224,771,000","222,606,000","416,511,000","248,377,000","249,163,000","244,264,000","392,546,000","306,074,000","165,697,000","189,600,000","342,800,000","253,400,000","199,600,000","209,800,000","357,000,000","224,400,000","188,000,000","189,300,000","341,200,000","246,000,000","178,500,000","145,700,000","347,200,000","220,300,000","172,500,000","143,000,000","345,100,000","194,400,000","159,900,000","155,200,000","318,100,000","148,400,000","133,300,000","395,100,000","534,600,000","413,700,000","375,100,000","403,100,000","526,300,000","412,900,000","347,300,000","305,100,000","474,700,000","362,500,000","332,300,000","348,100,000","474,600,000","418,400,000","355,500,000","311,900,000","463,300,000","375,800,000","356,900,000","341,500,000","463,400,000","329,800,000","307,300,000","303,500,000","392,800,000","326,800,000","290,300,000","288,200,000","391,700,000","295,500,000","274,500,000","286,100,000","368,100,000"
TaxRateForCalcs,"0.148","0.27","0.173","0.175","0.27","0.27","0.18","0.171","0.27","0.27","0.144","0.103","0.096","0.18","0.209","0.204","0.27","0.4","0.339","0.34","0.13","0.32","0.346","0.343","0.17","0.332","0.348","0.346","0.277","0.344","0.352","0.345","0.206","0.218","0.36","0.356","0.275","0.342","0.368","0.369","0.35","0.274","0.342","0.353","0.377","0.35","0.348","0.354","0.35","0.233","0.355","0.346","0.364","0.367","0.335","0.13","0.107","0.35","0.313","0.339","0.353","0.126","0.349","0.308","0.369","0.354","0.322","0.393","0.384","0.278","0.362","0.383","0.344","0.133","0.316","0.391","0.388","0.4","0.395","0.396","0.396","0.4","0.39","0.397","0.396","0.4","0.4","0.4","0.4","0.362","0.383","0.389","0.4","0.4","0.396","0.4","0.4","0.4","0.382","0.388","0.4","0.4","0.384","0.386","0.398","0.33","0.396","0.399","0.393","0.4","0.4","0.4","0.4","0.4","0.4","0.4","0.4","0.4","0.4","0.4","0.4","0.4","0.4","0.4","0.4","0.4","0.4","0.4","0.4",,,,,,,,,,,,,,,,,,
TaxEffectOfUnusualItems,"5,957,095.318","3,050,730","1,839,562.331","1,673,209.522","2,393,280","2,399,760","1,415,515.351","1,994,935.108","2,094,390","1,718,280","747,908.335","728,140.928","1,050,303.463","2,296,985.084","2,557,625.457","2,634,159.178","3,753,810","4,348,800","4,281,407.559","3,482,966.592","1,193,393.968","3,455,342.288","3,366,955.641","3,371,639.326","1,702,506.406","2,864,464.41","2,461,388.005","3,005,936.252","2,419,242.624","-86,422.569","2,435,725.618","2,552,512.736","1,504,029.779","1,488,128.082","767,804.62","2,193,851.889","1,858,308.973","5,624,830.689","45,974.899","2,224,737.847","295,050","678,075.894","1,481,931.139","971,168.212","1,884,383.264","1,704,500","580,045.07","1,314,371.518","-4,242,350","-3,777,059.703","-11,440,852.917","2,249,912.978","-78,578,351.517","-8,081,697.749","-4,783,829.286","-796,609.053","-352,109.282","8,989,400","-5,207,242.93","220,254.449","-1,853,225.96","-1,396,247.426","2,962,827.497","1,206,895.474","342,088.21","1,280,310.452","-978,935.671","1,899,030.618","-1,368,124.935","442,138.199","-1,122,018.478","12,263,090.308","1,881,987.201","2,618,915.626","-652,489.448","-1,405,821.805","590,667.518","666,800","-3,770,853.158","-3,047,638.327","430,724.999","-2,533,600","-753,597.329","1,284,297.106","-292,311.137","-5,588,400","-5,911,200","-2,792,000","14,217,200","4,233,333.333","383,406.971","155,516.014","-1,000,000","-960,000","-593,735.168","80,000","1,760,000","-2,560,000","726,192.843","1,862,295.082","1,680,000","-2,840,000","-115,220.7","-385,614.386","677,068.966","1,219,780.22","-5,188,871.308","518,518.519","1,805,925.926","-160,000","-1,120,000","13,480,000","8,080,000","0","0","0","0","0","0","0","0","0","0","0","0","0","0","0","0",,,,,,,,,,,,,,,,,,