name,ttm,12/31/2021,09/30/2021,06/30/2021,03/31/2021,12/31/2020,09/30/2020,06/30/2020,03/31/2020,12/31/2019,09/30/2019,06/30/2019,03/31/2019,12/31/2018,09/30/2018,06/30/2018,03/31/2018,12/31/2017,09/30/2017,06/30/2017,03/31/2017,12/31/2016,09/30/2016,06/30/2016,03/31/2016,12/31/2015,09/30/2015,06/30/2015,03/31/2015,12/31/2014,09/30/2014,06/30/2014,03/31/2014,12/31/2013,09/30/2013,06/30/2013,03/31/2013,12/31/2012,09/30/2012,06/30/2012,03/31/2012,12/31/2011,09/30/2011,06/30/2011,03/31/2011,12/31/2010,09/30/2010,06/30/2010,03/31/2010,12/31/2009,09/30/2009,06/30/2009,03/31/2009,12/31/2008,09/30/2008,06/30/2008,03/31/2008,12/31/2007,09/30/2007,06/30/2007,03/31/2007,12/31/2006,09/30/2006,06/30/2006,03/31/2006,12/31/2005,09/30/2005,06/30/2005,03/31/2005,12/31/2004,09/30/2004,06/30/2004,03/31/2004,12/31/2003,09/30/2003,06/30/2003,03/31/2003,12/31/2002,09/30/2002,06/30/2002,03/31/2002,12/31/2001,09/30/2001,06/30/2001,03/31/2001,12/31/2000,09/30/2000,06/30/2000,03/31/2000,12/31/1999,09/30/1999,06/30/1999,03/31/1999,12/31/1998,09/30/1998,06/30/1998,03/31/1998,12/31/1997,09/30/1997,06/30/1997,03/31/1997,12/31/1996,09/30/1996,06/30/1996,03/31/1996,12/31/1995,09/30/1995,06/30/1995,03/31/1995,12/31/1994,09/30/1994,06/30/1994,03/31/1994,12/31/1993,09/30/1993,06/30/1993,03/31/1993,12/31/1992,09/30/1992,06/30/1992,03/31/1992,12/31/1991,09/30/1991,06/30/1991,03/31/1991,12/31/1990,09/30/1990,06/30/1990,03/31/1990,12/31/1989,09/30/1989,06/30/1989,03/31/1989,12/31/1988,09/30/1988,06/30/1988,03/31/1988,12/31/1987,09/30/1987,06/30/1987,03/31/1987,12/31/1986,09/30/1986,06/30/1986,03/31/1986,12/31/1985,09/30/1985
TotalRevenue,"16,802,000,000","4,190,000,000","4,372,000,000","4,359,000,000","3,881,000,000","3,757,000,000","3,685,000,000","3,015,000,000","3,377,000,000","3,672,000,000","3,826,000,000","4,024,000,000","3,624,000,000","3,645,000,000","3,817,000,000","4,131,000,000","3,781,000,000","3,682,000,000","3,776,000,000","3,806,000,000","3,569,000,000","3,417,000,000","3,789,000,000","4,064,000,000","3,672,000,000","3,696,000,000","3,872,000,000","4,100,000,000","3,662,000,000","3,707,000,000","3,935,000,000","4,082,000,000","3,636,000,000","3,702,000,000","3,980,000,000","4,095,000,000","3,331,000,000","3,648,000,000","3,845,000,000","3,955,000,000","3,752,000,000","3,517,000,000","3,849,000,000","3,986,000,000","3,533,000,000","3,379,000,000","3,460,000,000","3,458,000,000","3,126,000,000","3,116,000,000","3,225,000,000","3,115,000,000","2,783,000,000","3,188,000,000","4,225,000,000","4,474,000,000","3,720,000,000","2,874,000,000","2,823,000,000","3,173,000,000","2,917,000,000","2,773,000,000","2,802,000,000","2,824,000,000","2,638,000,000","2,505,000,000","2,547,000,000","2,656,000,000","2,493,000,000","2,411,000,000","2,409,000,000","2,429,000,000","2,264,000,000","2,175,000,000","2,206,000,000","2,304,000,000","2,071,000,000","1,990,000,000","2,068,000,000","2,134,000,000","1,875,000,000","1,907,000,000","1,999,000,000","2,164,000,000","2,099,000,000","2,254,000,000","2,078,000,000","2,210,000,000","2,087,000,000","2,053,000,000","1,954,000,000","1,947,000,000","1,803,000,000","1,789,000,000","1,804,000,000","2,004,000,000","1,913,000,000","1,846,000,000","1,812,000,000","1,944,000,000","1,776,600,000","1,754,500,000","1,801,200,000","1,913,600,000","1,748,800,000","1,722,400,000","1,724,100,000","1,870,400,000","1,740,800,000","1,659,700,000","1,575,300,000","1,619,300,000","1,476,900,000","1,378,200,000","1,405,400,000","1,523,600,000","1,446,700,000","1,413,300,000","1,440,800,000","1,513,100,000","1,446,700,000","1,424,500,000","1,393,500,000","1,477,900,000","1,376,700,000","1,499,800,000","1,471,700,000","1,571,500,000","1,478,200,000","1,424,200,000","1,360,100,000","1,490,400,000","1,459,400,000","1,453,700,000","1,361,000,000","1,450,500,000","1,373,400,000","1,327,600,000","1,260,500,000","1,333,700,000","1,260,800,000","1,200,800,000","1,140,400,000","1,208,800,000","1,137,100,000","1,095,500,000","1,090,000,000"
	OperatingRevenue,"16,802,000,000","4,190,000,000","4,372,000,000","4,359,000,000","3,881,000,000","3,757,000,000","3,685,000,000","3,015,000,000","3,377,000,000","3,672,000,000","3,826,000,000","4,024,000,000","3,624,000,000","3,645,000,000","3,817,000,000","4,131,000,000","3,781,000,000","3,682,000,000","3,776,000,000","3,806,000,000","3,569,000,000","3,417,000,000","3,789,000,000","4,064,000,000","3,672,000,000","3,696,000,000","3,872,000,000","4,100,000,000","3,662,000,000","3,707,000,000","3,935,000,000","4,082,000,000","3,636,000,000","3,702,000,000","3,980,000,000","4,095,000,000","3,331,000,000","3,648,000,000","3,845,000,000","3,955,000,000","3,752,000,000","3,517,000,000","3,849,000,000","3,986,000,000","3,533,000,000","3,379,000,000","3,460,000,000","3,458,000,000","3,126,000,000","3,116,000,000","3,225,000,000","3,115,000,000","2,783,000,000","3,188,000,000","4,225,000,000","4,474,000,000","3,720,000,000","2,874,000,000","2,823,000,000","3,173,000,000","2,917,000,000","2,773,000,000","2,802,000,000","2,824,000,000","2,638,000,000","2,505,000,000","2,547,000,000","2,656,000,000","2,493,000,000","2,411,000,000","2,409,000,000","2,429,000,000","2,264,000,000","2,175,000,000","2,206,000,000","2,304,000,000","2,071,000,000","1,990,000,000","2,068,000,000","2,134,000,000","1,875,000,000","1,907,000,000","1,999,000,000","2,164,000,000","2,099,000,000","2,254,000,000","2,078,000,000","2,210,000,000","2,087,000,000","2,053,000,000","1,954,000,000","1,947,000,000","1,803,000,000","1,789,000,000","1,804,000,000","2,004,000,000","1,913,000,000","1,846,000,000","1,812,000,000","1,944,000,000","1,776,600,000","1,754,500,000","1,801,200,000","1,913,600,000","1,748,800,000","1,722,400,000","1,724,100,000","1,870,400,000","1,740,800,000","1,659,700,000","1,575,300,000","1,619,300,000","1,476,900,000","1,378,200,000","1,405,400,000","1,523,600,000","1,446,700,000","1,413,300,000","1,440,800,000","1,513,100,000","1,446,700,000","1,424,500,000","1,393,500,000","1,477,900,000","1,376,700,000","1,499,800,000","1,471,700,000","1,571,500,000","1,478,200,000","1,424,200,000","1,360,100,000","1,490,400,000","1,459,400,000","1,453,700,000","1,361,000,000","1,450,500,000","1,373,400,000","1,327,600,000","1,260,500,000","1,333,700,000","1,260,800,000","1,200,800,000","1,140,400,000","1,208,800,000","1,137,100,000","1,095,500,000","1,090,000,000"
CostOfRevenue,"10,286,000,000","2,692,000,000","2,733,000,000","2,629,000,000","2,232,000,000","2,140,000,000","2,026,000,000","1,703,000,000","1,908,000,000","2,111,000,000","2,181,000,000","2,288,000,000","2,073,000,000","2,188,000,000","2,253,000,000","2,379,000,000","2,181,000,000","2,119,000,000","2,100,000,000","2,082,000,000","1,969,000,000","1,910,000,000","2,081,000,000","2,190,000,000","2,013,000,000","2,093,000,000","2,150,000,000","2,283,000,000","2,065,000,000","2,165,000,000","2,229,000,000","2,306,000,000","2,091,000,000","2,108,000,000","2,238,000,000","2,343,000,000","1,947,000,000","2,200,000,000","2,288,000,000","2,352,000,000","2,229,000,000","2,184,000,000","2,353,000,000","2,417,000,000","2,127,000,000","2,086,000,000","2,108,000,000","2,076,000,000","1,944,000,000","1,934,000,000","1,989,000,000","1,898,000,000","1,718,000,000","2,029,000,000","2,701,000,000","2,829,000,000","2,424,000,000","1,846,000,000","1,762,000,000","2,017,000,000","1,885,000,000","1,807,000,000","1,791,000,000","1,747,000,000","1,691,000,000","1,651,000,000","1,614,000,000","1,650,000,000","1,558,000,000","1,526,000,000","1,516,000,000","1,522,000,000","1,441,000,000","1,364,000,000","1,370,000,000","1,445,000,000","1,343,000,000","1,261,000,000","1,291,000,000","1,325,000,000","1,189,000,000","1,210,000,000","1,261,000,000","1,342,000,000","1,324,000,000","1,482,000,000","1,271,000,000","1,327,000,000","1,254,000,000","1,245,000,000","1,206,000,000","1,165,000,000","1,103,000,000","1,063,000,000","1,082,000,000","1,186,000,000","1,145,000,000","1,085,000,000","1,079,000,000","1,146,000,000","1,086,800,000","1,073,100,000","1,072,100,000","1,127,900,000","1,067,200,000","1,045,300,000","1,029,400,000","1,109,300,000","1,028,100,000","1,003,700,000","962,100,000","987,900,000","911,800,000","849,500,000","884,900,000","965,800,000","914,000,000","898,500,000","921,900,000","941,400,000","911,300,000","911,900,000","893,300,000","949,700,000","899,600,000","938,200,000","922,500,000","949,600,000","911,100,000","872,700,000","874,300,000",,,,,,,,,,,,,,,,
GrossProfit,"6,516,000,000","1,498,000,000","1,639,000,000","1,730,000,000","1,649,000,000","1,617,000,000","1,659,000,000","1,312,000,000","1,469,000,000","1,561,000,000","1,645,000,000","1,736,000,000","1,551,000,000","1,457,000,000","1,564,000,000","1,752,000,000","1,600,000,000","1,563,000,000","1,676,000,000","1,724,000,000","1,600,000,000","1,507,000,000","1,708,000,000","1,874,000,000","1,659,000,000","1,603,000,000","1,722,000,000","1,817,000,000","1,597,000,000","1,542,000,000","1,706,000,000","1,776,000,000","1,545,000,000","1,594,000,000","1,742,000,000","1,752,000,000","1,384,000,000","1,448,000,000","1,557,000,000","1,603,000,000","1,523,000,000","1,333,000,000","1,496,000,000","1,569,000,000","1,406,000,000","1,293,000,000","1,352,000,000","1,382,000,000","1,182,000,000","1,182,000,000","1,236,000,000","1,217,000,000","1,065,000,000","1,159,000,000","1,524,000,000","1,645,000,000","1,296,000,000","1,028,000,000","1,061,000,000","1,156,000,000","1,032,000,000","966,000,000","1,011,000,000","1,077,000,000","947,000,000","854,000,000","933,000,000","1,006,000,000","935,000,000","885,000,000","893,000,000","907,000,000","823,000,000","811,000,000","836,000,000","859,000,000","728,000,000","729,000,000","777,000,000","809,000,000","686,000,000","697,000,000","738,000,000","822,000,000","775,000,000","772,000,000","807,000,000","883,000,000","833,000,000","808,000,000","748,000,000","782,000,000","700,000,000","726,000,000","722,000,000","818,000,000","768,000,000","761,000,000","733,000,000","798,000,000","689,800,000","681,400,000","729,100,000","785,700,000","681,600,000","677,100,000","694,700,000","761,100,000","712,700,000","656,000,000","613,200,000","631,400,000","565,100,000","528,700,000","520,500,000","557,800,000","532,700,000","514,800,000","518,900,000","571,700,000","535,400,000","512,600,000","500,200,000","528,200,000","477,100,000","561,600,000","549,200,000","621,900,000","567,100,000","551,500,000","485,800,000",,,,,,,,,,,,,,,,
OperatingExpense,"4,822,000,000","1,297,000,000","1,208,000,000","1,199,000,000","1,122,000,000","1,100,000,000","1,060,000,000","975,000,000","1,135,000,000","1,129,000,000","1,127,000,000","1,171,000,000","1,112,000,000","1,077,000,000","1,099,000,000","1,184,000,000","1,141,000,000","1,182,000,000","1,136,000,000","1,091,000,000","1,142,000,000","1,092,000,000","2,103,000,000","1,196,000,000","1,158,000,000","1,133,000,000","1,134,000,000","1,202,000,000","1,153,000,000","1,131,000,000","1,180,000,000","1,226,000,000","1,139,000,000","1,160,000,000","1,206,000,000","1,229,000,000","1,019,000,000","1,031,000,000","1,045,000,000","1,048,000,000","1,080,000,000","1,026,000,000","1,030,000,000","1,058,000,000","1,017,000,000","993,000,000","955,000,000","960,000,000","947,000,000","985,000,000","950,000,000","950,000,000","932,000,000","979,000,000","1,130,000,000","1,219,000,000","1,074,000,000","755,000,000","719,000,000","758,000,000","723,000,000","709,000,000","676,000,000","667,000,000","626,000,000","594,000,000","606,000,000","630,000,000","622,000,000","620,000,000","592,000,000","596,000,000","600,000,000","589,000,000","566,000,000","561,000,000","546,000,000","536,000,000","519,000,000","528,000,000","507,000,000","532,000,000","525,000,000","521,000,000","530,000,000","546,000,000","513,000,000","525,000,000","509,000,000","545,000,000","479,000,000","461,000,000","444,000,000","453,000,000","437,000,000","449,000,000","419,000,000","435,000,000","417,000,000","424,000,000","390,400,000","415,000,000","393,600,000","394,300,000","380,700,000","386,400,000","389,800,000","400,400,000","368,400,000","394,200,000","360,000,000","356,900,000","343,500,000","364,400,000","348,200,000","358,100,000","352,400,000","386,200,000","352,800,000","353,200,000","363,800,000","387,900,000","361,500,000","353,000,000","349,300,000","383,100,000","345,800,000","334,600,000","332,000,000","354,300,000","310,100,000",,,,,,,,,,,,,,,,
	SellingGeneralAndAdministration,"3,830,000,000","1,034,000,000","950,000,000","955,000,000","891,000,000","882,000,000","836,000,000","766,000,000","905,000,000","894,000,000","887,000,000","934,000,000","889,000,000","855,000,000","867,000,000","945,000,000","906,000,000","946,000,000","905,000,000","865,000,000","918,000,000","868,000,000","1,867,000,000","956,000,000","919,000,000","922,000,000","890,000,000","954,000,000","914,000,000","932,000,000","941,000,000","985,000,000","900,000,000","957,000,000","964,000,000","981,000,000","797,000,000","847,000,000","816,000,000","821,000,000","851,000,000","802,000,000","806,000,000","829,000,000","797,000,000","768,000,000","739,000,000","745,000,000","727,000,000","757,000,000","732,000,000","731,000,000","716,000,000","750,000,000","877,000,000","936,000,000","822,000,000","569,000,000","539,000,000","565,000,000","538,000,000","525,000,000","500,000,000","495,000,000","460,000,000","423,000,000","437,000,000","461,000,000","450,000,000","444,000,000","422,000,000","424,000,000","427,000,000","417,000,000","395,000,000","389,000,000","377,000,000","366,000,000","352,000,000","359,000,000","342,000,000","354,000,000","348,000,000","342,000,000","351,000,000","365,000,000","329,000,000","343,000,000","327,000,000","322,000,000","315,000,000","307,000,000","286,000,000","295,000,000","282,000,000","293,000,000","263,000,000","280,000,000","266,000,000","275,000,000","247,700,000","263,400,000","249,300,000","252,700,000","238,900,000","240,600,000","246,800,000","258,200,000","231,500,000","253,800,000","225,700,000","223,400,000","216,000,000","265,000,000","266,000,000","274,100,000","267,800,000","278,700,000","264,400,000","265,100,000","274,700,000","276,100,000","274,500,000","266,200,000","262,100,000","278,500,000","263,000,000","254,900,000","254,300,000","254,400,000","241,000,000",,,,,,,,,,,,,,,,
		GeneralAndAdministrativeExpense,"3,830,000,000","1,034,000,000","950,000,000","955,000,000","891,000,000","882,000,000","836,000,000","766,000,000","905,000,000","894,000,000","887,000,000","934,000,000","889,000,000","855,000,000","867,000,000","945,000,000","906,000,000","946,000,000","905,000,000","865,000,000","918,000,000","868,000,000","1,867,000,000","956,000,000","919,000,000","922,000,000","890,000,000","954,000,000","914,000,000","932,000,000","941,000,000","985,000,000","900,000,000","957,000,000","964,000,000","981,000,000","797,000,000",,,,,,,,,,,,,,,,,,,,,,,,,,,,,,,,,,,,,,,,,,,,,,,,,,,,,,,,,,,,,,,,,,,,,,,,,,,,,,,,,,,,,,,,,,,,,,,,,,,,,,,,,,,,,,
			SalariesAndWages,"50,000,000","50,000,000",,,,,,,,,,,,"0","0",,"0","38,000,000","0","0","22,000,000","0","968,000,000",,,,,,,,,,,,,,,,,,,,,,,,,,,,,,,,,,,,,,,,,,,,,,,,,,,,,,,,,,,,,,,,,,,,,,,,,,,,,,,,,,,,,,,,,,,,,,,,,,,,,,,,,,,,,,,,,,,,,,,,,,,,
			OtherGandA,"3,780,000,000","984,000,000","950,000,000","955,000,000","891,000,000","882,000,000","836,000,000","766,000,000","905,000,000","894,000,000","887,000,000","934,000,000","889,000,000","855,000,000","867,000,000","945,000,000","906,000,000","908,000,000","905,000,000","865,000,000","896,000,000","868,000,000","899,000,000","956,000,000","919,000,000","922,000,000","890,000,000","954,000,000","914,000,000","932,000,000","941,000,000","985,000,000","900,000,000","957,000,000","964,000,000","981,000,000","797,000,000",,,,,,,,,,,,,,,,,,,,,,,,,,,,,,,,,,,,,,,,,,,,,,,,,,,,,,,,,,,,,,,,,,,,,,,,,,,,,,,,,,,,,,,,,,,,,,,,,,,,,,,,,,,,,,
		SellingAndMarketingExpense,,,,,,,,,,,,,,,,,,,,,,,,,,,,,,,,,,,,,,,,,,,,,,,,,,,"827,000,000","828,000,000",,,,,,,,,,,,,,,,,,,,,,,,,,,,,,,,,,,,,,,,,,,,,,,,,,,,,,,,,,,,,,,,,,,,,,,,,,,,,,,,,,,,,,,,,,,,,,,
	ResearchAndDevelopment,"439,000,000","116,000,000","114,000,000","107,000,000","102,000,000","100,000,000","92,000,000","86,000,000","101,000,000","109,000,000","107,000,000","111,000,000","105,000,000","105,000,000","110,000,000","114,000,000","112,000,000","116,000,000","114,000,000","113,000,000","110,000,000","115,000,000","117,000,000","119,000,000","118,000,000","125,000,000","119,000,000","123,000,000","119,000,000","126,000,000","120,000,000","126,000,000","120,000,000","126,000,000","123,000,000","124,000,000","115,000,000","118,000,000","113,000,000","113,000,000","111,000,000","109,000,000","108,000,000","110,000,000","103,000,000","104,000,000","97,000,000","97,000,000","96,000,000","102,000,000","95,000,000","97,000,000","94,000,000","107,000,000","114,000,000","118,000,000","111,000,000","90,000,000","83,000,000","88,000,000","84,000,000","87,000,000","78,000,000","78,000,000","75,000,000","79,000,000","77,000,000","76,000,000","77,000,000","79,000,000","74,000,000","74,000,000","76,000,000","75,000,000","71,000,000","72,000,000","72,000,000","71,000,000","68,000,000","68,000,000","66,000,000","66,000,000","66,000,000","67,000,000","67,000,000","70,000,000","72,000,000","70,000,000","70,000,000","78,000,000","72,000,000","67,000,000","67,000,000","69,000,000","68,000,000","67,000,000","67,000,000","68,000,000","63,000,000","61,000,000","58,000,000","63,300,000","59,000,000","58,200,000","58,600,000","60,400,000","59,800,000","59,300,000","56,900,000","59,000,000","55,700,000","54,500,000","49,000,000",,,,,,,,,,,,,,,,,,,,,,,,,,,,,,,,,,
	DepreciationAmortizationDepletionIncomeStatement,"561,000,000","149,000,000","146,000,000","137,000,000","129,000,000","125,000,000","132,000,000","123,000,000","129,000,000","134,000,000","133,000,000","126,000,000","118,000,000","127,000,000","122,000,000","125,000,000","123,000,000","120,000,000","117,000,000","113,000,000","114,000,000","109,000,000","119,000,000","121,000,000","121,000,000","125,000,000","125,000,000","125,000,000","120,000,000","123,000,000","119,000,000","115,000,000","119,000,000","125,000,000","119,000,000","124,000,000","107,000,000","117,000,000","116,000,000","114,000,000","118,000,000","115,000,000","116,000,000","119,000,000","117,000,000","118,000,000","116,000,000","115,000,000","121,000,000","123,000,000","120,000,000","119,000,000","118,000,000","118,000,000","139,000,000","165,000,000","141,000,000","96,000,000","97,000,000","105,000,000","101,000,000","97,000,000","98,000,000","94,000,000","91,000,000","92,000,000","92,000,000","93,000,000","95,000,000","97,000,000","96,000,000","98,000,000","97,000,000","97,000,000","100,000,000","100,000,000","97,000,000","99,000,000","99,000,000","101,000,000","99,000,000","112,000,000","111,000,000","112,000,000","112,000,000","111,000,000","112,000,000","112,000,000","112,000,000","145,000,000","92,000,000","87,000,000","91,000,000","89,000,000","87,000,000","89,000,000","89,000,000","87,000,000","88,000,000","88,000,000","84,700,000","88,300,000","85,300,000","83,400,000","83,200,000","85,400,000","83,200,000","82,900,000","80,000,000","81,400,000","78,600,000","79,000,000","78,500,000","99,400,000","82,200,000","84,000,000","84,600,000","107,500,000","88,400,000","88,100,000","89,100,000","111,800,000","87,000,000","86,800,000","87,200,000","104,600,000","82,800,000","79,700,000","77,700,000","99,900,000","69,100,000",,,,,,,,,,,,,,,,
		DepreciationAndAmortizationInIncomeStatement,"561,000,000","149,000,000","146,000,000","137,000,000","129,000,000","125,000,000","132,000,000","123,000,000","129,000,000","134,000,000","133,000,000","126,000,000","118,000,000","127,000,000","122,000,000","125,000,000","123,000,000","120,000,000","117,000,000","113,000,000","114,000,000","109,000,000","119,000,000","121,000,000","121,000,000","125,000,000","125,000,000","125,000,000","120,000,000","123,000,000","119,000,000","115,000,000","119,000,000","125,000,000","119,000,000","124,000,000","107,000,000","117,000,000","116,000,000","114,000,000","118,000,000","115,000,000","116,000,000","119,000,000","117,000,000","118,000,000","116,000,000","115,000,000","121,000,000","123,000,000","120,000,000","119,000,000","118,000,000","118,000,000","139,000,000","165,000,000","141,000,000","96,000,000","97,000,000","105,000,000","101,000,000","97,000,000","98,000,000","94,000,000","91,000,000","92,000,000","92,000,000","93,000,000","95,000,000","97,000,000","96,000,000","98,000,000","97,000,000","97,000,000","100,000,000","100,000,000","97,000,000","99,000,000","99,000,000","101,000,000","99,000,000","112,000,000","111,000,000","112,000,000","112,000,000","111,000,000","112,000,000","112,000,000","112,000,000","145,000,000","92,000,000","87,000,000","91,000,000","89,000,000","87,000,000","89,000,000","89,000,000","87,000,000","88,000,000","88,000,000","84,700,000","88,300,000","85,300,000","83,400,000","83,200,000","85,400,000","83,200,000","82,900,000","80,000,000","81,400,000","78,600,000","79,000,000","78,500,000","99,400,000","82,200,000","84,000,000","84,600,000","107,500,000","88,400,000","88,100,000","89,100,000","111,800,000","87,000,000","86,800,000","87,200,000","104,600,000","82,800,000","79,700,000","77,700,000","99,900,000","69,100,000",,,,,,,,,,,,,,,,
			DepreciationIncomeStatement,"389,000,000","103,000,000","100,000,000","96,000,000","90,000,000","91,000,000","96,000,000","91,000,000","93,000,000","99,000,000","99,000,000","91,000,000","86,000,000","87,000,000","89,000,000","91,000,000","87,000,000","86,000,000","85,000,000","81,000,000","83,000,000","79,000,000","88,000,000","91,000,000","91,000,000","92,000,000","92,000,000","92,000,000","87,000,000","90,000,000","87,000,000","84,000,000","89,000,000","94,000,000","91,000,000","90,000,000","81,000,000","90,000,000","89,000,000","87,000,000","89,000,000","86,000,000","86,000,000","88,000,000","86,000,000","86,000,000","86,000,000","85,000,000","89,000,000","90,000,000","88,000,000","88,000,000","88,000,000","88,000,000","105,000,000","128,000,000","107,000,000","82,000,000","82,000,000","90,000,000","87,000,000","86,000,000","85,000,000","84,000,000","82,000,000","84,000,000","84,000,000","85,000,000","87,000,000","89,000,000","88,000,000","90,000,000","90,000,000","90,000,000","93,000,000","92,000,000","90,000,000","91,000,000","92,000,000","92,000,000","91,000,000","94,000,000","93,000,000","94,000,000","94,000,000","93,000,000","94,000,000","94,000,000","93,000,000",,,,,,,,,,,,,,,,,,,,,,,,,,,,,,,,,,,,,,,,,,,,,,,,,,,,,,,,,,
			Amortization,"172,000,000","46,000,000","46,000,000","41,000,000","39,000,000","34,000,000","36,000,000","32,000,000","36,000,000","35,000,000","34,000,000","35,000,000","32,000,000","40,000,000","33,000,000","34,000,000","36,000,000","34,000,000","32,000,000","32,000,000","31,000,000","30,000,000","31,000,000","30,000,000","30,000,000","33,000,000","33,000,000","33,000,000","33,000,000","33,000,000","32,000,000","31,000,000","30,000,000","31,000,000","28,000,000","34,000,000","26,000,000","27,000,000","27,000,000","27,000,000","29,000,000","29,000,000","30,000,000","31,000,000","31,000,000","32,000,000","30,000,000","30,000,000","32,000,000","33,000,000","32,000,000","31,000,000","30,000,000","30,000,000","34,000,000","37,000,000","34,000,000","14,000,000","15,000,000","15,000,000","14,000,000","11,000,000","13,000,000","10,000,000","9,000,000","8,000,000","8,000,000","8,000,000","8,000,000","8,000,000","8,000,000","8,000,000","7,000,000","7,000,000","7,000,000","8,000,000","7,000,000","8,000,000","7,000,000","9,000,000","8,000,000","18,000,000","18,000,000","18,000,000","18,000,000","18,000,000","18,000,000","18,000,000","19,000,000",,,,,,,,,,,,,,,,,,,,,,,,,,,,,,,,,,,,,,,,,,,,,,,,,,,,,,,,,,
				AmortizationOfIntangiblesIncomeStatement,"172,000,000","46,000,000","46,000,000","41,000,000","39,000,000","34,000,000","36,000,000","32,000,000","36,000,000","35,000,000","34,000,000","35,000,000","32,000,000","40,000,000","33,000,000","34,000,000","36,000,000","34,000,000","32,000,000","32,000,000","31,000,000","30,000,000","31,000,000","30,000,000","30,000,000","33,000,000","33,000,000","33,000,000","33,000,000","33,000,000","32,000,000","31,000,000","30,000,000","31,000,000","28,000,000","34,000,000","26,000,000","27,000,000","27,000,000","27,000,000","29,000,000","29,000,000","30,000,000","31,000,000","31,000,000","32,000,000","30,000,000","30,000,000","32,000,000","33,000,000","32,000,000","31,000,000","30,000,000","30,000,000","34,000,000","37,000,000","34,000,000","14,000,000","15,000,000","15,000,000","14,000,000","11,000,000","13,000,000","10,000,000","9,000,000","8,000,000","8,000,000","8,000,000","8,000,000","8,000,000","8,000,000","8,000,000","7,000,000","7,000,000","7,000,000","8,000,000","7,000,000","8,000,000","7,000,000","9,000,000","8,000,000","18,000,000","18,000,000","18,000,000","18,000,000","18,000,000","18,000,000","18,000,000","19,000,000",,,,,,,,,,,,,,,,,,,,,,,,,,,,,,,,,,,,,,,,,,,,,,,,,,,,,,,,,,
	OtherOperatingExpenses,"-8,000,000","-2,000,000","-2,000,000",,,,,,,,,,,,,,,,,,,"82,000,000",,,,,,,,,,,,,,,,,,,,,,,"-53,000,000","3,000,000","3,000,000","3,000,000","3,000,000","3,000,000","3,000,000","3,000,000","4,000,000",,,,,,,,,,,,,,,,,,,,,,,,,,,,,,,,,,,,,,,,,,,,,,,,,,,,,,,,,,,,,,,,,,,,,,,,,,,,,,,,,,,,,,,,,,,,,,
OperatingIncome,"1,694,000,000","201,000,000","431,000,000","531,000,000","527,000,000","517,000,000","599,000,000","337,000,000","334,000,000","432,000,000","518,000,000","565,000,000","439,000,000","380,000,000","465,000,000","568,000,000","459,000,000","381,000,000","540,000,000","633,000,000","458,000,000","415,000,000","-395,000,000","678,000,000","501,000,000","470,000,000","588,000,000","615,000,000","444,000,000","411,000,000","526,000,000","550,000,000","406,000,000","434,000,000","536,000,000","523,000,000","365,000,000","417,000,000","512,000,000","555,000,000","443,000,000","307,000,000","466,000,000","511,000,000","389,000,000","300,000,000","397,000,000","422,000,000","235,000,000","197,000,000","286,000,000","267,000,000","133,000,000","180,000,000","394,000,000","426,000,000","222,000,000","273,000,000","342,000,000","398,000,000","309,000,000","257,000,000","335,000,000","410,000,000","321,000,000","260,000,000","327,000,000","376,000,000","313,000,000","265,000,000","301,000,000","311,000,000","223,000,000","222,000,000","270,000,000","298,000,000","182,000,000","193,000,000","258,000,000","281,000,000","179,000,000","165,000,000","213,000,000","301,000,000","245,000,000","226,000,000","294,000,000","358,000,000","324,000,000","263,000,000","269,000,000","321,000,000","256,000,000","273,000,000","285,000,000","369,000,000","349,000,000","326,000,000","316,000,000","374,000,000","299,400,000","266,400,000","335,500,000","391,400,000","300,900,000","290,700,000","304,900,000","360,700,000","344,300,000","261,800,000","253,200,000","274,500,000","221,600,000","164,300,000","172,300,000","199,700,000","180,300,000","128,600,000","166,100,000","218,500,000","171,600,000","124,700,000","138,700,000","175,200,000","127,800,000","178,500,000","203,400,000","287,300,000","235,100,000","197,200,000","175,700,000","1,490,400,000","1,459,400,000","-3,264,700,000","1,361,000,000","1,450,500,000","1,373,400,000","-3,204,200,000","1,260,500,000","1,333,700,000","1,260,800,000","-2,868,000,000","1,140,400,000","1,208,800,000","1,137,100,000","-2,692,300,000","1,090,000,000"
NetNonOperatingInterestIncomeExpense,"-95,000,000","-23,000,000","-23,000,000","-25,000,000","-24,000,000","-26,000,000","-30,000,000","-36,000,000","-23,000,000","-24,000,000","-23,000,000","-28,000,000","-25,000,000","-25,000,000","-25,000,000","-24,000,000","-21,000,000","-20,000,000","-22,000,000","-22,000,000","-21,000,000","-23,000,000","-28,000,000","-24,000,000","-24,000,000","-23,000,000","-21,000,000","-24,000,000","-18,000,000","-350,000,000","-34,000,000","-35,000,000","-35,000,000","-35,000,000","-37,000,000","-38,000,000","-43,000,000","-45,000,000","-44,000,000","-41,000,000","-41,000,000","-41,000,000","-40,000,000","-55,000,000","-53,000,000","-18,000,000","-46,000,000","-46,000,000","-45,000,000","-21,000,000","-47,000,000","-49,000,000","-48,000,000",,,,,,,,,,,,,,,,,,,,,,,,,,,,,,,,,,,,,,,,,,,,,,,,,,,,,,,,,,,,,,,,,,,,,,,,,,,,,,,,,,,,,,,,,,,,,,
	InterestIncomeNonOperating,"26,000,000","7,000,000","7,000,000","6,000,000","6,000,000","5,000,000","4,000,000","5,000,000","9,000,000","9,000,000","10,000,000","7,000,000","6,000,000","5,000,000","6,000,000","7,000,000","5,000,000","7,000,000","5,000,000","4,000,000","4,000,000","6,000,000","6,000,000","7,000,000","7,000,000","9,000,000","10,000,000","10,000,000","11,000,000","12,000,000","13,000,000","13,000,000","12,000,000","13,000,000","11,000,000","9,000,000","10,000,000","10,000,000","10,000,000","9,000,000","10,000,000","10,000,000","11,000,000",,,,,,,,,,,,,,,,,,,,,,,,,,,,,,,,,,,,,,,,,,,,,,,,,,,,,,,,,,,,,,,,,,,,,,,,,,,,,,,,,,,,,,,,,,,,,,,,,,,,,,,,
	InterestExpenseNonOperating,"121,000,000","30,000,000","30,000,000","31,000,000","30,000,000","31,000,000","34,000,000","41,000,000","32,000,000","33,000,000","33,000,000","35,000,000","31,000,000","30,000,000","31,000,000","31,000,000","26,000,000","27,000,000","27,000,000","26,000,000","25,000,000","29,000,000","34,000,000","31,000,000","31,000,000","32,000,000","31,000,000","34,000,000","29,000,000","45,000,000","47,000,000","48,000,000","47,000,000","48,000,000","48,000,000","47,000,000","53,000,000","55,000,000","54,000,000","50,000,000","51,000,000","51,000,000","51,000,000","55,000,000","53,000,000","52,000,000","46,000,000","46,000,000","45,000,000","49,000,000","47,000,000","49,000,000","48,000,000",,,,,,,,,,,,,,,,,,,,,,,,,,,,,,,,,,,,,,,,,,,,,,,,,,,,,,,,,,,,,,,,,,,,,,,,,,,,,,,,,,,,,,,,,,,,,,
	TotalOtherFinanceCost,,,,,,,,,,,,,,,,,,,,,,,,,,,,,,"317,000,000",,,,,,,,,,,,,,,,,,,,,,,,,,,,,,,,,,,,,,,,,,,,,,,,,,,,,,,,,,,,,,,,,,,,,,,,,,,,,,,,,,,,,,,,,,,,,,,,,,,,,,,,,,,,,,,,,,,,,
OtherIncomeExpense,"216,000,000","104,000,000","33,000,000","87,000,000","-4,000,000","-146,000,000","3,000,000","-175,000,000","8,000,000","-10,000,000","-14,000,000","-174,000,000","5,000,000","-13,000,000","11,000,000","-65,000,000","-17,000,000","16,000,000","3,000,000","60,000,000","11,000,000","-261,000,000","10,000,000","19,000,000","-6,000,000","-28,000,000","14,000,000","-139,000,000","4,000,000","-40,000,000","7,000,000","9,000,000","1,000,000","-26,000,000","-190,000,000","4,000,000","-4,000,000","-34,000,000","18,000,000","13,000,000","-351,000,000","18,000,000","36,000,000","44,000,000","15,000,000","9,000,000","35,000,000","36,000,000","16,000,000","24,000,000","36,000,000","35,000,000","-196,000,000","-17,000,000","-129,000,000","33,000,000","6,000,000","25,000,000","15,000,000","21,000,000","-7,000,000","2,000,000","-180,000,000","16,000,000","-32,000,000","-54,000,000","-51,000,000","4,000,000","-147,000,000","8,000,000","15,000,000","12,000,000","-2,000,000","-6,000,000","-6,000,000","-7,000,000","-3,000,000","-15,000,000","25,000,000","-766,000,000","-62,000,000","-10,000,000","-17,000,000","6,000,000","-83,000,000","-22,000,000","-2,000,000","29,000,000","-25,000,000","49,000,000","-50,000,000","12,000,000","-22,000,000","-7,000,000","119,000,000","-5,000,000","9,000,000","-55,000,000","-7,000,000","14,000,000","4,200,000","1,200,000","7,600,000","12,800,000","8,800,000","-12,700,000","-3,600,000","16,900,000","35,100,000","-2,800,000","5,300,000","-90,900,000","9,800,000","-26,800,000","-87,400,000","10,200,000","34,600,000","19,500,000","-24,100,000","1,900,000","700,000","-24,200,000","17,100,000","-1,900,000","-50,500,000","17,300,000","11,600,000","-14,100,000","10,100,000","-6,900,000","24,700,000",,,,,,,,,,,,,,,,
	EarningsFromEquityInterest,"15,000,000","6,000,000","4,000,000",,,,,,,,,,,,,,,,,,,,"0","20,000,000",,,,,,,,,,,,,,,,,,,,,,,,,,,,,,,,,,,,,,,,,,,,,,,,,,,,,,,,,,,,,,,,,,,,,,,,,,,,,,,,,,,,,,,,,,,,,,,,,,,,,,,,,,,,,,,,,,,,,,,,,,,
	SpecialIncomeCharges,"17,000,000","-43,000,000","13,000,000","21,000,000",,"-90,000,000","0","-165,000,000","-7,000,000","6,000,000","-2,000,000","-176,000,000","3,000,000","38,000,000","12,000,000","-83,000,000","0","-38,000,000","0","0","-22,000,000","-191,000,000","0","0","-3,000,000","4,000,000","0","-140,000,000","-3,000,000","28,000,000","0","-3,000,000","-3,000,000","6,000,000","-98,000,000","0","0","116,000,000","18,000,000","13,000,000","-351,000,000","18,000,000","36,000,000","44,000,000","15,000,000","9,000,000","35,000,000","36,000,000","16,000,000","24,000,000","36,000,000","35,000,000","-196,000,000","-17,000,000","-129,000,000","33,000,000","6,000,000","25,000,000","15,000,000","21,000,000","-7,000,000","2,000,000","-180,000,000","16,000,000","-32,000,000","-54,000,000","-51,000,000","4,000,000","-147,000,000","-13,000,000","15,000,000","12,000,000","-2,000,000","-6,000,000","-6,000,000","-7,000,000","-3,000,000","-14,000,000","25,000,000","-766,000,000","-62,000,000","-25,000,000","-17,000,000","6,000,000","-83,000,000","-61,000,000","-2,000,000","29,000,000","-25,000,000","21,000,000","-50,000,000","12,000,000","-22,000,000","-7,000,000","119,000,000","-5,000,000","9,000,000","-55,000,000","-7,000,000","14,000,000","4,200,000","1,200,000","7,600,000","12,800,000","8,800,000","-12,700,000","-3,600,000","16,900,000","35,100,000","-2,800,000","5,300,000","-90,900,000","9,800,000","-26,800,000","-87,400,000","10,200,000","34,600,000","19,500,000","-24,100,000","1,900,000","700,000","-24,200,000","17,100,000","-1,900,000","-50,500,000","17,300,000","11,600,000","-14,100,000","10,100,000","-6,900,000","24,700,000",,,,,,,,,,,,,,,,
		RestructuringAndMergernAcquisition,"31,000,000","52,000,000","0","-21,000,000",,"2,000,000","0","165,000,000","7,000,000","1,000,000","2,000,000","176,000,000","-3,000,000","-5,000,000","-12,000,000","83,000,000",,"0",,,,"191,000,000","0","0",,"0","0","140,000,000",,"0","0",,,"0","98,000,000","0","0","0",,,"208,000,000",,,,,"0","0","0","0","0","0","0","186,000,000","0","163,000,000",,,,,,,"0",,"2,000,000","35,000,000",,,,,,,,,"0",,"3,000,000",,"0",,"-4,000,000","81,000,000","0","2,000,000",,"101,000,000",,,,,,,,,,,,,,,,,,,,,,,,,,,,,,,,,,,,,,,,,,,,,,,,,,,,,,,,,,,,,,
		ImpairmentOfCapitalAssets,,,"21,000,000",,,"93,000,000",,,,,,,,,,,,,,,,,,,,,,,,,,,,,,,,,,,,,,,,,,,,,,,,,,,,,,,,,,,,,,,,,,,,,,,,,,,,,,,,,,,,,,,,,,,,,,,,,,,,,,,,,,,,,,,,,,,,,,,,,,,,,,,,,,,,,,,,,,,,,
		WriteOff,"21,000,000","0","21,000,000",,,"93,000,000",,,,,,,,,,,,,,,,,,,,,,,,,,,,,,,,,,,,,,,,,,,,,,,,,,,,,,,,,,,,,,,,,,,,,,,,,,,,,,,,,,,,,,,,,,,,,,,,,,,,,,,,,,,,,,,,,,,,,,,,,,,,,,,,,,,,,,,,,,,,,
		OtherSpecialCharges,"-22,000,000","0",,,,,,,,,,,,,,,,"38,000,000",,,"22,000,000",,"968,000,000","2,000,000","3,000,000","3,000,000","3,000,000","3,000,000","3,000,000","3,000,000","3,000,000","3,000,000","3,000,000","2,000,000","3,000,000","3,000,000","3,000,000","3,000,000",,,"143,000,000",,,,,"-9,000,000","-35,000,000","-36,000,000","-16,000,000","-24,000,000","-36,000,000","-35,000,000","10,000,000","17,000,000","-34,000,000",,,,,,,"-2,000,000",,"-18,000,000","-3,000,000",,,,,,,,,"6,000,000",,"4,000,000",,"14,000,000",,"770,000,000","-19,000,000","25,000,000","15,000,000",,"-18,000,000",,,,,,,,,,,,,,,,,,,,,,,,,,,,,,,,,,,,,,,,,,,,,,,,,,,,,,,,,,,,,,
		GainOnSaleOfBusiness,,,,,,,,,,,,,,,,,,,,,,"7,000,000",,,,,,,,,,,,,,,,,,,,,,,,,,,,,,,,,,,,,,,,,,,,,,,,,,,,,,,,,,,,,,,,,,,,,,,,,,,,,,,,,,,,,,,,,,,,,,,,,,,,,,,,,,,,,,,,,,,,,,,,,,,,,
		GainOnSaleOfPPE,"47,000,000","9,000,000","34,000,000",,,,,,,,,,,,,,,,,,,,,,,"0","0",,,,"116,000,000",,,,,,,,,,,,,,,,,,,,,,,,,,,,,,,,,,,,,,,,,,,,,,,,,,,,,,,,,,,,,,,,,,,,,,,,,,,,,,,,,,,,,,,,,,,,,,,,,,,,,,,,,,,,,,,,,,,,
	OtherNonOperatingIncomeExpenses,"184,000,000","141,000,000","16,000,000","66,000,000","-4,000,000","-64,000,000","3,000,000","-10,000,000","15,000,000","-27,000,000","-12,000,000","2,000,000","2,000,000","-8,000,000","-1,000,000","18,000,000","-17,000,000","16,000,000","3,000,000","60,000,000","11,000,000","-70,000,000","10,000,000","19,000,000","-6,000,000","-43,000,000","14,000,000","1,000,000","4,000,000","-169,000,000","7,000,000","9,000,000","1,000,000","-24,000,000","-92,000,000","4,000,000","-4,000,000","17,000,000",,,,,,,,,,,,,,,,,,,,,,,,,,,,,,,,,,,,,,,,,,,,,,,,,,,,,,,,,,,,,,,,,,,,,,,,,,,,,,,,,,,,,,,,,,,,,,,,,,,,,,,,,,,,,
PretaxIncome,"1,815,000,000","282,000,000","441,000,000","593,000,000","499,000,000","345,000,000","572,000,000","126,000,000","319,000,000","398,000,000","481,000,000","363,000,000","419,000,000","342,000,000","451,000,000","479,000,000","421,000,000","377,000,000","521,000,000","671,000,000","448,000,000","131,000,000","-413,000,000","673,000,000","471,000,000","419,000,000","581,000,000","452,000,000","430,000,000","21,000,000","499,000,000","524,000,000","372,000,000","373,000,000","309,000,000","489,000,000","318,000,000","338,000,000","486,000,000","527,000,000","51,000,000","284,000,000","462,000,000","500,000,000","351,000,000","291,000,000","386,000,000","412,000,000","206,000,000","200,000,000","275,000,000","253,000,000","-111,000,000","128,000,000","203,000,000","394,000,000","162,000,000","292,000,000","335,000,000","396,000,000","280,000,000","253,000,000","133,000,000","405,000,000","269,000,000","187,000,000","255,000,000","360,000,000","145,000,000","265,000,000","294,000,000","298,000,000","198,000,000","-153,000,000","239,000,000","245,000,000","151,000,000","158,000,000","248,000,000","-531,000,000","76,000,000","133,000,000","148,000,000","249,000,000","104,000,000","162,000,000","242,000,000","337,000,000","248,000,000","267,000,000","176,000,000","300,000,000","202,000,000","248,000,000","372,000,000","329,000,000","318,000,000","242,000,000","279,000,000","356,000,000","271,900,000","249,000,000","311,600,000","372,800,000","281,600,000","262,500,000","276,800,000","352,400,000","355,600,000","245,300,000","231,700,000","157,100,000","205,700,000","110,800,000","55,600,000","180,000,000","184,800,000","114,900,000","105,600,000","184,100,000","133,200,000","59,800,000","119,100,000","132,800,000","36,400,000","153,400,000","175,400,000","232,100,000","206,000,000","160,200,000","165,300,000",,,,,,,,,,,,,,,,
TaxProvision,"374,000,000","4,000,000","96,000,000","160,000,000","114,000,000","67,000,000","124,000,000","29,000,000","71,000,000","95,000,000","109,000,000","86,000,000","102,000,000","83,000,000","79,000,000","104,000,000","87,000,000","224,000,000","123,000,000","162,000,000","109,000,000","40,000,000","-217,000,000","297,000,000","117,000,000","100,000,000","142,000,000","110,000,000","104,000,000","-71,000,000","116,000,000","125,000,000","89,000,000","91,000,000","60,000,000","118,000,000","64,000,000","85,000,000","122,000,000","131,000,000","0","45,000,000","120,000,000","128,000,000","92,000,000","63,000,000","94,000,000","111,000,000","147,000,000","37,000,000","90,000,000","84,000,000","-20,000,000","46,000,000","65,000,000","116,000,000","49,000,000","82,000,000","103,000,000","124,000,000","68,000,000","80,000,000","25,000,000","107,000,000","66,000,000","60,000,000","77,000,000","111,000,000","34,000,000","72,000,000","82,000,000","99,000,000","69,000,000","59,000,000","86,000,000","93,000,000","55,000,000","57,000,000","89,000,000","-186,000,000","33,000,000","50,000,000","55,000,000","94,000,000","48,000,000","36,000,000","92,000,000","132,000,000","109,000,000","105,000,000","77,000,000","116,000,000","79,000,000","86,000,000","124,000,000","130,000,000","126,000,000","83,000,000","108,000,000","138,000,000","105,900,000","96,900,000","120,500,000","144,300,000","109,300,000","101,300,000","106,400,000","135,600,000","136,400,000","94,300,000","86,200,000","60,900,000","83,800,000","56,900,000","30,800,000","73,800,000","74,700,000","47,000,000","39,600,000","77,400,000","54,400,000","28,300,000","50,200,000","53,700,000","14,500,000","52,000,000","68,300,000","91,100,000","80,700,000","58,800,000","58,600,000",,,,,,,,,,,,,,,,
NetIncomeCommonStockholders,"1,439,000,000","286,000,000","344,000,000","431,000,000","378,000,000","272,000,000","442,000,000","102,000,000","243,000,000","292,000,000","367,000,000","272,000,000","312,000,000","258,000,000","378,000,000","371,000,000","334,000,000","151,000,000","609,000,000","501,000,000","334,000,000","340,000,000","-184,000,000","370,000,000","347,000,000","314,000,000","433,000,000","337,000,000","322,000,000","83,000,000","371,000,000","386,000,000","1,262,000,000","254,000,000","226,000,000","341,000,000","2,410,000,000","227,000,000","339,000,000","362,000,000","13,000,000","216,000,000","311,000,000","340,000,000","228,000,000","205,000,000","262,000,000","272,000,000","30,000,000","142,000,000","159,000,000","146,000,000","-111,000,000","71,000,000","117,000,000","250,000,000","100,000,000","200,000,000","191,000,000","249,000,000","194,000,000","157,000,000","90,000,000","280,000,000","184,000,000","113,000,000","157,000,000","231,000,000","95,000,000","183,000,000","194,000,000","183,000,000","115,000,000","122,000,000","142,000,000","152,000,000","78,000,000","94,000,000","148,000,000","-345,000,000","34,000,000","83,000,000","93,000,000","155,000,000","56,000,000","126,000,000","150,000,000","205,000,000","139,000,000","162,000,000","99,000,000","184,000,000","123,000,000","162,000,000","248,000,000","199,000,000","192,000,000","159,000,000","171,000,000","218,000,000","166,000,000","152,100,000","191,100,000","228,500,000","172,300,000","161,200,000","170,400,000","216,800,000","219,200,000","151,000,000","145,500,000","96,200,000","121,900,000","47,800,000","24,800,000","106,200,000","-156,600,000","67,900,000","66,000,000","106,700,000","78,800,000","31,500,000","68,900,000","79,100,000","21,900,000","101,400,000","107,100,000","141,000,000","125,300,000","101,400,000","106,700,000",,,,,,,,,,,,,,,,
	NetIncome,"1,439,000,000","286,000,000","344,000,000","431,000,000","378,000,000","272,000,000","442,000,000","102,000,000","243,000,000","292,000,000","367,000,000","272,000,000","312,000,000","258,000,000","378,000,000","371,000,000","334,000,000","151,000,000","609,000,000","501,000,000","334,000,000","340,000,000","-184,000,000","370,000,000","347,000,000","314,000,000","433,000,000","337,000,000","322,000,000","83,000,000","371,000,000","386,000,000","1,262,000,000","254,000,000","226,000,000","341,000,000","2,410,000,000","227,000,000","339,000,000","362,000,000","13,000,000","216,000,000","311,000,000","340,000,000","228,000,000","205,000,000","262,000,000","272,000,000","30,000,000","142,000,000","159,000,000","146,000,000","-111,000,000","71,000,000","117,000,000","250,000,000","100,000,000","200,000,000","191,000,000","249,000,000","194,000,000","157,000,000","90,000,000","280,000,000","184,000,000","113,000,000","157,000,000","231,000,000","95,000,000","183,000,000","194,000,000","183,000,000","115,000,000","122,000,000","142,000,000","152,000,000","78,000,000","94,000,000","148,000,000","-345,000,000","34,000,000","83,000,000","93,000,000","155,000,000","56,000,000","126,000,000","150,000,000","205,000,000","139,000,000","162,000,000","99,000,000","184,000,000","123,000,000","162,000,000","248,000,000","199,000,000","192,000,000","159,000,000","171,000,000","218,000,000","166,000,000","152,100,000","191,100,000","228,500,000","172,300,000","161,200,000","170,400,000","216,800,000","219,200,000","151,000,000","145,500,000","96,200,000","121,900,000","47,800,000","24,800,000","106,200,000","-156,600,000","67,900,000","66,000,000","106,700,000","78,800,000","31,500,000","68,900,000","79,100,000","21,900,000","101,400,000","107,100,000","141,000,000","125,300,000","101,400,000","106,700,000",,,,,,,,,,,,,,,,
		NetIncomeIncludingNoncontrollingInterests,"1,460,000,000","297,000,000","345,000,000","433,000,000","385,000,000","278,000,000","448,000,000","100,000,000","248,000,000","300,000,000","373,000,000","279,000,000","317,000,000","261,000,000","382,000,000","375,000,000","340,000,000","156,000,000","615,000,000","506,000,000","339,000,000","344,000,000","-179,000,000","376,000,000","354,000,000","319,000,000","439,000,000","342,000,000","327,000,000","89,000,000","377,000,000","392,000,000","1,301,000,000","282,000,000","255,000,000","371,000,000","2,445,000,000","253,000,000","364,000,000","396,000,000","51,000,000","239,000,000","342,000,000","372,000,000","259,000,000","228,000,000","292,000,000","301,000,000","59,000,000","163,000,000","185,000,000","169,000,000","-91,000,000","82,000,000","138,000,000","278,000,000","126,000,000","217,000,000","208,000,000","272,000,000","212,000,000","173,000,000","108,000,000","298,000,000","203,000,000","127,000,000","178,000,000","249,000,000","111,000,000","193,000,000","212,000,000","199,000,000","129,000,000","131,000,000","153,000,000","170,000,000","90,000,000","101,000,000","159,000,000","-332,000,000","42,000,000","88,000,000","98,000,000","167,000,000","66,000,000","133,000,000","157,000,000","211,000,000","147,000,000","172,000,000","107,000,000","188,000,000","129,000,000","167,000,000","253,000,000","206,000,000","202,000,000","167,000,000","176,000,000","224,000,000","172,700,000","158,100,000","196,800,000","235,300,000","178,400,000","165,100,000","173,700,000","221,300,000","222,500,000","153,900,000","150,500,000","100,300,000","125,800,000","49,300,000","29,600,000","110,700,000","-154,500,000","67,800,000","65,900,000","108,100,000","81,600,000","32,800,000","69,500,000","81,300,000","23,200,000","102,900,000","109,200,000","145,500,000","129,000,000","98,600,000","109,300,000","127,300,000","129,800,000","102,300,000","112,900,000","133,800,000","118,600,000","96,500,000","91,300,000","102,400,000","86,900,000","72,900,000","82,500,000","91,800,000","69,200,000","59,000,000","73,900,000"
			NetIncomeContinuousOperations,"1,441,000,000","278,000,000","345,000,000","433,000,000","385,000,000","278,000,000","448,000,000","97,000,000","248,000,000","303,000,000","372,000,000","277,000,000","317,000,000","259,000,000","372,000,000","375,000,000","334,000,000","153,000,000","398,000,000","509,000,000","339,000,000","91,000,000","-196,000,000","376,000,000","354,000,000","319,000,000","439,000,000","342,000,000","326,000,000","92,000,000","383,000,000","399,000,000","283,000,000","282,000,000","249,000,000","371,000,000","254,000,000","253,000,000","364,000,000","396,000,000","51,000,000","239,000,000","342,000,000","372,000,000","259,000,000","228,000,000","292,000,000","301,000,000","59,000,000","163,000,000","185,000,000","169,000,000","-91,000,000","71,000,000","117,000,000","250,000,000","87,000,000","193,000,000","215,000,000","249,000,000","194,000,000","157,000,000","90,000,000","280,000,000","184,000,000","113,000,000","157,000,000","231,000,000","95,000,000","183,000,000","194,000,000","183,000,000","115,000,000","122,000,000","142,000,000","152,000,000","84,000,000","94,000,000","148,000,000","-345,000,000","43,000,000","83,000,000","93,000,000","155,000,000","56,000,000","126,000,000","150,000,000","205,000,000","139,000,000","162,000,000","99,000,000","184,000,000","123,000,000","162,000,000","248,000,000","199,000,000","192,000,000","159,000,000","171,000,000","218,000,000","166,000,000","152,100,000","191,100,000","228,500,000","172,300,000","161,200,000","170,400,000","216,800,000","219,200,000","151,000,000","145,500,000","96,200,000","121,900,000","53,900,000","24,800,000","106,200,000","110,100,000","67,900,000","66,000,000","106,700,000","78,800,000","31,500,000","68,900,000","79,100,000","21,900,000","101,400,000","107,100,000","141,000,000","125,300,000","101,400,000","106,700,000","127,300,000","129,800,000","102,300,000","112,900,000","133,800,000","118,600,000","96,500,000","91,300,000","102,400,000","86,900,000","72,900,000","82,500,000","91,800,000","69,200,000","59,000,000","73,900,000"
			NetIncomeDiscontinuousOperations,"19,000,000","19,000,000","0","0",,"0","0","3,000,000",,"-3,000,000","1,000,000","2,000,000","0","2,000,000","10,000,000",,"6,000,000","3,000,000","217,000,000","-3,000,000","0","253,000,000","17,000,000","0","0","0","0","0","1,000,000","-3,000,000","-6,000,000","-7,000,000","1,018,000,000","0","6,000,000","0","2,191,000,000",,,,,,,,,,,,,,,,,,,,"13,000,000","7,000,000","-24,000,000",,,,,,,,,,,,,,,,,,,,,,,,,,,,,,,,,,,,,,,,,,,,,,,,,,,,,,,,,,,,,,,,,,,,,,,,,,,,,,,,,,,,,,,,
			NetIncomeExtraordinary,,,,,,,,,,,,,,,,,,,,,,,,,,,,,,,,,,,,,,,,,,,,,,,,,,,,,,,,,,,,,,,,,,,,,,,,,,"0",,,"-6,000,000","0",,,"-9,000,000",,,,,,,,,,,,,,,,,,,,,,,,,,,,,,,,,"-6,100,000",,,"-266,700,000",,,,,,,,,,,,,,,,,,,,,,,,,,,,,,
		MinorityInterests,"-21,000,000","-11,000,000","-1,000,000","-2,000,000","-7,000,000","-6,000,000","-6,000,000","2,000,000","-5,000,000","-8,000,000","-6,000,000","-7,000,000","-5,000,000","-3,000,000","-4,000,000","-4,000,000","-6,000,000","-5,000,000","-6,000,000","-5,000,000","-5,000,000","-4,000,000","-5,000,000","-6,000,000","-7,000,000","-5,000,000","-6,000,000","-5,000,000","-5,000,000","-6,000,000","-6,000,000","-6,000,000","-39,000,000","-28,000,000","-29,000,000","-30,000,000","-35,000,000","-26,000,000","-25,000,000","-34,000,000","-38,000,000","-23,000,000","-31,000,000","-32,000,000","-31,000,000","-23,000,000","-30,000,000","-29,000,000","-29,000,000","-21,000,000","-26,000,000","-23,000,000","-20,000,000","-11,000,000","-21,000,000","-28,000,000","-26,000,000","-17,000,000","-17,000,000","-23,000,000","-18,000,000","-16,000,000","-18,000,000","-18,000,000","-19,000,000","-14,000,000","-21,000,000","-18,000,000","-16,000,000","-10,000,000","-18,000,000","-16,000,000","-14,000,000","-9,000,000","-11,000,000","-18,000,000","-12,000,000","-7,000,000","-11,000,000","-13,000,000","-8,000,000","-5,000,000","-5,000,000","-12,000,000","-10,000,000","-7,000,000","-7,000,000","-6,000,000","-8,000,000","-10,000,000","-8,000,000","-4,000,000","-6,000,000","-5,000,000","-5,000,000","-7,000,000","-10,000,000","-8,000,000","-5,000,000","-6,000,000","-6,700,000","-6,000,000","-5,700,000","-6,800,000","-6,100,000","-3,900,000","-3,300,000","-4,500,000","-3,300,000","-2,900,000","-5,000,000","-4,100,000","-3,900,000","-1,500,000","-4,800,000","-4,500,000","-2,100,000","100,000","100,000","-1,400,000","-2,800,000","-1,300,000","-600,000","-2,200,000","-1,300,000","-1,500,000","-2,100,000","-4,500,000","-3,700,000","2,800,000","-2,600,000",,,,,,,,,,,,,,,,
DilutedNIAvailtoComStockholders,"1,439,000,000","286,000,000","344,000,000","431,000,000","378,000,000","272,000,000","442,000,000","102,000,000","243,000,000","292,000,000","367,000,000","272,000,000","312,000,000","258,000,000","378,000,000","371,000,000","334,000,000","151,000,000","609,000,000","501,000,000","334,000,000","340,000,000","-184,000,000","370,000,000","347,000,000","314,000,000","433,000,000","337,000,000","322,000,000","83,000,000","371,000,000","386,000,000","1,262,000,000","254,000,000","226,000,000","341,000,000","2,410,000,000","227,000,000","339,000,000","362,000,000","13,000,000","216,000,000","311,000,000","340,000,000","228,000,000","205,000,000","262,000,000","272,000,000","30,000,000","142,000,000","159,000,000","146,000,000","-111,000,000","71,000,000","117,000,000","250,000,000","100,000,000","200,000,000","191,000,000","249,000,000","194,000,000","157,000,000","90,000,000","280,000,000","184,000,000","113,000,000","157,000,000","231,000,000","95,000,000","183,000,000","194,000,000","183,000,000","115,000,000","122,000,000","142,000,000","152,000,000","78,000,000","94,000,000","148,000,000","-345,000,000","34,000,000","83,000,000","93,000,000","155,000,000","56,000,000","126,000,000","150,000,000","205,000,000","139,000,000","162,000,000","99,000,000","184,000,000","123,000,000","162,000,000","248,000,000","199,000,000","192,000,000","159,000,000","171,000,000","218,000,000","166,000,000","152,100,000","191,100,000","228,500,000","172,300,000","161,200,000","170,400,000","216,800,000","219,200,000","151,000,000","145,500,000","96,200,000","121,900,000","47,800,000","24,800,000","106,200,000","-156,600,000","67,900,000","66,000,000","106,700,000","78,800,000","31,500,000","68,900,000","79,100,000","21,900,000","101,400,000","107,100,000","141,000,000","125,300,000","101,400,000","106,700,000",,,,,,,,,,,,,,,,
BasicEPS,,"1.2","1.45","1.81","1.59","1.15","1.87","0.43","1.03","1.23","1.55","1.15","1.32","1.08","1.56","1.51","1.41","0.73","2.38","1.95","1.3","1.31","-0.69","1.38","1.3","1.17","1.6","1.24","1.18","0.305","1.345","1.39","4.535","0.9","0.79","1.19","8.245","0.735","1.105","1.185","0.04",,"0.99","1.075","0.71",,"0.795","0.82","0.09",,"0.48","0.445","-0.34",,"0.355","0.76","0.305",,"0.58","0.755","0.59",,"0.27","0.845","0.555",,"0.465","0.675","0.275",,"0.565","0.535","0.335",,"0.415","0.45","0.23",,"0.435","-1.02","0.1",,"0.28","0.46","0.165",,"0.435","0.59","0.4",,"0.285","0.53","0.355",,"0.7","0.565","0.54",,"0.48","0.605","0.455",,"0.515","0.6","0.45",,"0.425","0.53","0.53",,"0.34","0.23","0.285",,"0.06","0.25","-0.37",,"0.155","0.255","0.185",,"0.165","0.19","0.055",,"0.25","0.33","0.29",,"0.245","0.285","0.29",,"0.26","0.305","0.27",,"0.19","0.215","0.185",,"0.175","0.195","0.15",,"0.14"
DilutedEPS,,"1.2","1.43","1.8","1.58","1.14","1.86","0.43","1.02","1.22","1.54","1.14","1.31","1.08","1.55","1.51","1.4","0.72","2.36","1.94","1.29","1.3","-0.69","1.37","1.29","1.16","1.59","1.23","1.17","0.3","1.33","1.375","4.485","0.89","0.78","1.175","8.155","0.73","1.09","1.17","0.04",,"0.98","1.06","0.7",,"0.79","0.815","0.09",,"0.48","0.445","-0.34",,"0.35","0.755","0.305",,"0.575","0.75","0.585",,"0.27","0.84","0.555",,"0.46","0.67","0.275",,"0.56","0.53","0.335",,"0.415","0.445","0.23",,"0.435","-1.02","0.1",,"0.275","0.46","0.165",,"0.43","0.585","0.395",,"0.28","0.525","0.35",,"0.695","0.555","0.535",,"0.475","0.6","0.45",,"0.51","0.6","0.44",,"0.42","0.525","0.525",,"0.34","0.225","0.28",,"0.06","0.25","-0.37",,"0.155","0.255","0.185",,"0.165","0.19","0.055",,"0.25","0.33","0.29",,"0.245","0.285","0.29",,"0.26","0.305","0.27",,"0.19","0.215","0.185",,"0.175","0.195","0.15",,"0.14"
BasicAverageShares,,"237,400,000","237,900,000","237,800,000","237,400,000","237,200,000","236,800,000","236,600,000","236,500,000","237,000,000","237,100,000","236,900,000","236,700,000","238,500,000","242,200,000","244,900,000","249,800,000","253,600,000","256,400,000","257,100,000","257,600,000","262,000,000","266,300,000","267,200,000","267,600,000","269,200,000","271,100,000","272,500,000","273,200,000","274,600,000","276,400,000","277,200,000","278,200,000","281,600,000","286,400,000","286,800,000","292,200,000","308,200,000","307,400,000","306,400,000","305,600,000",,"313,600,000","316,400,000","320,800,000",,"328,400,000","330,800,000","331,800,000",,"330,400,000","327,600,000","328,000,000",,"329,400,000","329,200,000","327,868,852",,"329,310,345","329,801,325","328,813,559",,"333,333,333","331,360,947","331,531,532",,"337,634,409","342,222,222","345,454,545",,"343,362,832","342,056,075","343,283,582",,"342,168,675","337,777,778","339,130,435",,"340,229,885","338,235,294","340,000,000",,"332,142,857","336,956,522","339,393,939",,"344,827,586","347,457,627","347,500,000",,"347,400,000","347,000,000","348,400,000",,"354,000,000","354,000,000","355,000,000",,"357,600,000","360,200,000","364,600,000",,"373,000,000","377,200,000","384,800,000",,"401,800,000","410,400,000","413,000,000",,"425,000,000","424,800,000","425,800,000",,"413,333,333","424,800,000","423,243,243",,"425,806,452","418,431,373","425,945,946",,"417,575,758","416,315,789","398,181,818",,"428,400,000","427,272,727","432,068,966",,"435,510,204",,,,,,,,,,,,,,,,
DilutedAverageShares,,"239,200,000","239,800,000","239,800,000","239,000,000","238,600,000","237,900,000","237,600,000","237,700,000","238,600,000","238,500,000","238,300,000","238,000,000","239,800,000","243,600,000","246,400,000","251,400,000","255,400,000","258,200,000","259,000,000","259,500,000","263,700,000","266,300,000","269,100,000","269,400,000","271,200,000","273,100,000","274,700,000","275,600,000","277,600,000","279,400,000","280,200,000","281,400,000","285,200,000","289,800,000","290,000,000","295,400,000","312,200,000","311,000,000","310,000,000","309,000,000",,"317,200,000","320,600,000","325,000,000",,"330,800,000","333,200,000","334,000,000",,"332,000,000","328,800,000","328,800,000",,"329,400,000","329,200,000","327,868,852",,"332,173,913","332,000,000","331,623,932",,"333,333,333","333,333,333","331,531,532",,"341,304,348","344,776,119","345,454,545",,"346,428,571","345,283,019","343,283,582",,"342,168,675","341,573,034","339,130,435",,"340,229,885","339,901,478","340,000,000",,"338,181,818","336,956,522","339,393,939",,"348,837,209","350,427,350","351,898,734",,"350,800,000","350,400,000","351,600,000",,"357,400,000","358,400,000","358,800,000",,"361,600,000","364,000,000","368,400,000",,"377,000,000","381,800,000","389,600,000",,"406,400,000","414,400,000","418,400,000",,"428,600,000","428,000,000","431,800,000",,"413,333,333","424,800,000","423,243,243",,"425,806,452","418,431,373","425,945,946",,"417,575,758","416,315,789","398,181,818",,"428,400,000","427,272,727","432,068,966",,"435,510,204",,,,,,,,,,,,,,,,
TotalExpenses,"15,108,000,000","3,989,000,000","3,941,000,000","3,828,000,000","3,354,000,000","3,240,000,000","3,086,000,000","2,678,000,000","3,043,000,000","3,240,000,000","3,308,000,000","3,459,000,000","3,185,000,000","3,265,000,000","3,352,000,000","3,563,000,000","3,322,000,000","3,301,000,000","3,236,000,000","3,173,000,000","3,111,000,000","3,002,000,000","4,184,000,000","3,386,000,000","3,171,000,000","3,226,000,000","3,284,000,000","3,485,000,000","3,218,000,000","3,296,000,000","3,409,000,000","3,532,000,000","3,230,000,000","3,268,000,000","3,444,000,000","3,572,000,000","2,966,000,000","3,231,000,000","3,333,000,000","3,400,000,000","3,309,000,000","3,210,000,000","3,383,000,000","3,475,000,000","3,144,000,000","3,079,000,000","3,063,000,000","3,036,000,000","2,891,000,000","2,919,000,000","2,939,000,000","2,848,000,000","2,650,000,000","3,008,000,000","3,831,000,000","4,048,000,000","3,498,000,000","2,601,000,000","2,481,000,000","2,775,000,000","2,608,000,000","2,516,000,000","2,467,000,000","2,414,000,000","2,317,000,000","2,245,000,000","2,220,000,000","2,280,000,000","2,180,000,000","2,146,000,000","2,108,000,000","2,118,000,000","2,041,000,000","1,953,000,000","1,936,000,000","2,006,000,000","1,889,000,000","1,797,000,000","1,810,000,000","1,853,000,000","1,696,000,000","1,742,000,000","1,786,000,000","1,863,000,000","1,854,000,000","2,028,000,000","1,784,000,000","1,852,000,000","1,763,000,000","1,790,000,000","1,685,000,000","1,626,000,000","1,547,000,000","1,516,000,000","1,519,000,000","1,635,000,000","1,564,000,000","1,520,000,000","1,496,000,000","1,570,000,000","1,477,200,000","1,488,100,000","1,465,700,000","1,522,200,000","1,447,900,000","1,431,700,000","1,419,200,000","1,509,700,000","1,396,500,000","1,397,900,000","1,322,100,000","1,344,800,000","1,255,300,000","1,213,900,000","1,233,100,000","1,323,900,000","1,266,400,000","1,284,700,000","1,274,700,000","1,294,600,000","1,275,100,000","1,299,800,000","1,254,800,000","1,302,700,000","1,248,900,000","1,321,300,000","1,268,300,000","1,284,200,000","1,243,100,000","1,227,000,000","1,184,400,000",,,,,,,,,,,,,,,,
NetIncomeFromContinuingAndDiscontinuedOperation,"1,439,000,000","286,000,000","344,000,000","431,000,000","378,000,000","272,000,000","442,000,000","102,000,000","243,000,000","292,000,000","367,000,000","272,000,000","312,000,000","258,000,000","378,000,000","371,000,000","334,000,000","151,000,000","609,000,000","501,000,000","334,000,000","340,000,000","-184,000,000","370,000,000","347,000,000","314,000,000","433,000,000","337,000,000","322,000,000","83,000,000","371,000,000","386,000,000","1,262,000,000","254,000,000","226,000,000","341,000,000","2,410,000,000","227,000,000","339,000,000","362,000,000","13,000,000","216,000,000","311,000,000","340,000,000","228,000,000","205,000,000","262,000,000","272,000,000","30,000,000","142,000,000","159,000,000","146,000,000","-111,000,000","71,000,000","117,000,000","250,000,000","100,000,000","200,000,000","191,000,000","249,000,000","194,000,000","157,000,000","90,000,000","280,000,000","184,000,000","113,000,000","157,000,000","231,000,000","95,000,000","183,000,000","194,000,000","183,000,000","115,000,000","122,000,000","142,000,000","152,000,000","84,000,000","94,000,000","148,000,000","-345,000,000","43,000,000","83,000,000","93,000,000","155,000,000","56,000,000","126,000,000","150,000,000","205,000,000","139,000,000","162,000,000","99,000,000","184,000,000","123,000,000","162,000,000","248,000,000","199,000,000","192,000,000","159,000,000","171,000,000","218,000,000","166,000,000","152,100,000","191,100,000","228,500,000","172,300,000","161,200,000","170,400,000","216,800,000","219,200,000","151,000,000","145,500,000","96,200,000","121,900,000","53,900,000","24,800,000","106,200,000","110,100,000","67,900,000","66,000,000","106,700,000","78,800,000","31,500,000","68,900,000","79,100,000","21,900,000","101,400,000","107,100,000","141,000,000","125,300,000","101,400,000","106,700,000",,,,,,,,,,,,,,,,
NormalizedIncome,"1,406,502,000","309,390,070.922","333,834,000","415,670,000","378,000,000","344,521,739.13","442,000,000","226,050,000","248,439,000","290,432,160.804","367,546,000","404,288,000","309,729,000","227,222,222.222","358,100,000","435,989,000","328,000,000","148,000,000","392,000,000","504,000,000","334,000,000","219,745,000","-201,000,000","370,000,000","347,000,000","310,954,653.938","433,000,000","442,980,000","321,000,000","67,800,000","377,000,000","393,000,000","244,000,000","249,463,806.971","299,380,000","341,000,000","219,000,000","140,171,597.633","325,500,000","352,237,000","364,000,000","200,852,112.676","284,350,649.351","307,264,000","216,931,623.932","197,948,453.608","235,523,316.062","245,699,029.126","19,600,000","122,440,000","134,781,818.182","122,620,553.36","49,684,684.685","81,890,625","204,694,581.281","226,715,736.041","82,814,814.815","175,020,547.945","204,611,940.299","234,575,757.576","199,300,000","155,632,411.067","236,165,413.534","268,227,160.494","208,148,698.885","149,673,796.791","192,600,000","228,233,333.333","207,531,034.483","192,467,924.528","183,183,673.469","174,986,577.181","116,303,030.303","125,600,000","145,841,004.184","156,342,857.143","85,907,284.768","102,949,367.089","131,971,774.194","152,683,615.819","80,200,000","98,601,503.759","103,682,432.432","151,265,060.241","105,800,000","173,444,444.444","151,239,669.421","187,359,050.445","154,000,000","149,258,426.966","129,000,000","176,640,000","136,396,039.604","166,572,580.645","168,666,666.667","202,024,316.109","186,566,037.736","195,136,363.636","175,290,322.581","209,426,966.292","163,435,821.993","151,366,987.952","186,439,024.39","220,654,506.438","166,915,625","168,999,009.524","172,616,184.971","206,402,951.192","197,563,554.556","152,723,603.751","142,171,773.845","151,862,507.957","116,020,000","69,980,000","77,240,000","100,080,000","89,340,000","56,200,000","81,062,500","105,560,000","78,380,000","46,020,000","58,640,000","80,240,000","52,283,241.758","89,964,406.78","100,016,989.738","149,565,704.438","119,156,650.485","105,767,415.73","90,756,321.839",,,,,,,,,,,,,,,,
InterestIncome,"26,000,000","7,000,000","7,000,000","6,000,000","6,000,000","5,000,000","4,000,000","5,000,000","9,000,000","9,000,000","10,000,000","7,000,000","6,000,000","5,000,000","6,000,000","7,000,000","5,000,000","7,000,000","5,000,000","4,000,000","4,000,000","6,000,000","6,000,000","7,000,000","7,000,000","9,000,000","10,000,000","10,000,000","11,000,000","12,000,000","13,000,000","13,000,000","12,000,000","13,000,000","11,000,000","9,000,000","10,000,000","10,000,000","10,000,000","9,000,000","10,000,000","10,000,000","11,000,000",,,,,,,,,,,,,,,,,,,,,,,,,,,,,,,,,,,,,,,,,,,,,,,,,,,,,,,,,,,,,,,,,,,,,,,,,,,,,,,,,,,,,,,,,,,,,,,,,,,,,,,,
InterestExpense,"121,000,000","30,000,000","30,000,000","31,000,000","30,000,000","31,000,000","34,000,000","41,000,000","32,000,000","33,000,000","33,000,000","35,000,000","31,000,000","30,000,000","31,000,000","31,000,000","26,000,000","27,000,000","27,000,000","26,000,000","25,000,000","29,000,000","34,000,000","31,000,000","31,000,000","32,000,000","31,000,000","34,000,000","29,000,000","45,000,000","47,000,000","48,000,000","47,000,000","48,000,000","48,000,000","47,000,000","53,000,000","55,000,000","54,000,000","50,000,000","51,000,000","51,000,000","51,000,000","55,000,000","53,000,000","52,000,000","46,000,000","46,000,000","45,000,000","49,000,000","47,000,000","49,000,000","48,000,000",,,,,,,,,,,,,,,,,,,,,,,,,,,,,,,,,,,,,,,,,,,,,,,,,,,,,,,,,,,,,,,,,,,,,,,,,,,,,,,,,,,,,,,,,,,,,,
NetInterestIncome,"-95,000,000","-23,000,000","-23,000,000","-25,000,000","-24,000,000","-26,000,000","-30,000,000","-36,000,000","-23,000,000","-24,000,000","-23,000,000","-28,000,000","-25,000,000","-25,000,000","-25,000,000","-24,000,000","-21,000,000","-20,000,000","-22,000,000","-22,000,000","-21,000,000","-23,000,000","-28,000,000","-24,000,000","-24,000,000","-23,000,000","-21,000,000","-24,000,000","-18,000,000","-350,000,000","-34,000,000","-35,000,000","-35,000,000","-35,000,000","-37,000,000","-38,000,000","-43,000,000","-45,000,000","-44,000,000","-41,000,000","-41,000,000","-41,000,000","-40,000,000","-55,000,000","-53,000,000","-18,000,000","-46,000,000","-46,000,000","-45,000,000","-21,000,000","-47,000,000","-49,000,000","-48,000,000",,,,,,,,,,,,,,,,,,,,,,,,,,,,,,,,,,,,,,,,,,,,,,,,,,,,,,,,,,,,,,,,,,,,,,,,,,,,,,,,,,,,,,,,,,,,,,
EBIT,"1,936,000,000","312,000,000","471,000,000","624,000,000","529,000,000","376,000,000","606,000,000","167,000,000","351,000,000","431,000,000","514,000,000","398,000,000","450,000,000","372,000,000","482,000,000","510,000,000","447,000,000","404,000,000","548,000,000","697,000,000","473,000,000","160,000,000","-379,000,000","704,000,000","502,000,000","451,000,000","612,000,000","486,000,000","459,000,000","66,000,000","546,000,000","572,000,000","419,000,000","421,000,000","357,000,000","536,000,000","371,000,000","393,000,000","540,000,000","577,000,000","102,000,000","335,000,000","513,000,000","555,000,000","404,000,000","343,000,000","432,000,000","458,000,000","251,000,000","249,000,000","322,000,000","302,000,000","-63,000,000","98,000,000","394,000,000","426,000,000","222,000,000","273,000,000","342,000,000","398,000,000","309,000,000","257,000,000","335,000,000","410,000,000","321,000,000","260,000,000","327,000,000","376,000,000","313,000,000","265,000,000","301,000,000","311,000,000","223,000,000","222,000,000","270,000,000","298,000,000","182,000,000","193,000,000","258,000,000","281,000,000","179,000,000","165,000,000","213,000,000","301,000,000","245,000,000","226,000,000","294,000,000","358,000,000","324,000,000","263,000,000","269,000,000","321,000,000","256,000,000","273,000,000","285,000,000","369,000,000","349,000,000","326,000,000","316,000,000","374,000,000","299,400,000","266,400,000","335,500,000","391,400,000","300,900,000","290,700,000","304,900,000","360,700,000","344,300,000","261,800,000","253,200,000","274,500,000","221,600,000","164,300,000","172,300,000","199,700,000","180,300,000","128,600,000","166,100,000","218,500,000","171,600,000","124,700,000","138,700,000","175,200,000","127,800,000","178,500,000","203,400,000","287,300,000","235,100,000","197,200,000","175,700,000","1,490,400,000","1,459,400,000","-3,264,700,000","1,361,000,000","1,450,500,000","1,373,400,000","-3,204,200,000","1,260,500,000","1,333,700,000","1,260,800,000","-2,868,000,000","1,140,400,000","1,208,800,000","1,137,100,000","-2,692,300,000","1,090,000,000"
EBITDA,"2,497,000,000"
ReconciledCostOfRevenue,"10,286,000,000","2,692,000,000","2,733,000,000","2,629,000,000","2,232,000,000","2,140,000,000","2,026,000,000","1,703,000,000","1,908,000,000","2,111,000,000","2,181,000,000","2,288,000,000","2,073,000,000","2,188,000,000","2,253,000,000","2,379,000,000","2,181,000,000","2,119,000,000","2,100,000,000","2,086,000,000","1,969,000,000","1,906,000,000","2,093,000,000","2,190,000,000","2,013,000,000","2,093,000,000","2,150,000,000","2,283,000,000","2,065,000,000","2,165,000,000","2,229,000,000","2,306,000,000","2,091,000,000","2,108,000,000","2,238,000,000","2,343,000,000","1,947,000,000","2,200,000,000","2,288,000,000","2,352,000,000","2,229,000,000","2,184,000,000","2,353,000,000","2,417,000,000","2,127,000,000","2,086,000,000","2,108,000,000","2,076,000,000","1,944,000,000","1,934,000,000","1,989,000,000","1,898,000,000","1,718,000,000","2,029,000,000","2,701,000,000","2,829,000,000","2,424,000,000","1,846,000,000","1,762,000,000","2,017,000,000","1,885,000,000","1,807,000,000","1,791,000,000","1,747,000,000","1,691,000,000","1,651,000,000","1,614,000,000","1,650,000,000","1,558,000,000","1,526,000,000","1,516,000,000","1,522,000,000","1,441,000,000","1,364,000,000","1,370,000,000","1,445,000,000","1,343,000,000","1,261,000,000","1,291,000,000","1,325,000,000","1,189,000,000","1,210,000,000","1,261,000,000","1,342,000,000","1,324,000,000","1,482,000,000","1,271,000,000","1,327,000,000","1,254,000,000","1,245,000,000","1,206,000,000","1,165,000,000","1,103,000,000","1,063,000,000","1,082,000,000","1,186,000,000","1,145,000,000","1,085,000,000","1,079,000,000","1,146,000,000","1,086,800,000","1,073,100,000","1,072,100,000","1,127,900,000","1,067,200,000","1,045,300,000","1,029,400,000","1,109,300,000","1,028,100,000","1,003,700,000","962,100,000","987,900,000","911,800,000","849,500,000","884,900,000","965,800,000","914,000,000","898,500,000","921,900,000","941,300,000","911,300,000","911,900,000","893,300,000","949,700,000","899,600,000","938,200,000","922,500,000","949,600,000","911,100,000","872,700,000","874,300,000",,,,,,,,,,,,,,,,
ReconciledDepreciation,"561,000,000","149,000,000","146,000,000","137,000,000","129,000,000","125,000,000","132,000,000","123,000,000","129,000,000","134,000,000","133,000,000","126,000,000","118,000,000","127,000,000","122,000,000","125,000,000","123,000,000","120,000,000","117,000,000","109,000,000","114,000,000","113,000,000","107,000,000","121,000,000","121,000,000","125,000,000","125,000,000","125,000,000","120,000,000","123,000,000","119,000,000","115,000,000","119,000,000","125,000,000","119,000,000","124,000,000","107,000,000","117,000,000","116,000,000","114,000,000","118,000,000","115,000,000","116,000,000","119,000,000","117,000,000","118,000,000","116,000,000","115,000,000","121,000,000","123,000,000","120,000,000","119,000,000","118,000,000","118,000,000","139,000,000","165,000,000","141,000,000","96,000,000","97,000,000","105,000,000","101,000,000","97,000,000","98,000,000","94,000,000","91,000,000","92,000,000","92,000,000","93,000,000","95,000,000","97,000,000","96,000,000","98,000,000","97,000,000","97,000,000","100,000,000","100,000,000","97,000,000","99,000,000","99,000,000","101,000,000","99,000,000","112,000,000","111,000,000","112,000,000","112,000,000","111,000,000","112,000,000","112,000,000","112,000,000","145,000,000","92,000,000","87,000,000","91,000,000","89,000,000","87,000,000","89,000,000","89,000,000","87,000,000","88,000,000","88,000,000","84,700,000","88,300,000","85,300,000","83,400,000","83,200,000","85,400,000","83,200,000","82,900,000","80,000,000","81,400,000","78,600,000","79,000,000","78,500,000","99,400,000","82,200,000","84,000,000","84,600,000","107,500,000","88,400,000","88,200,000","89,100,000","111,800,000","87,000,000","86,800,000","87,200,000","104,600,000","82,800,000","79,700,000","77,700,000","99,900,000","69,100,000",,,,,,,,,,,,,,,,
NetIncomeFromContinuingOperationNetMinorityInterest,"1,420,000,000","267,000,000","344,000,000","431,000,000","378,000,000","272,000,000","442,000,000","99,000,000","243,000,000","295,000,000","366,000,000","270,000,000","312,000,000","256,000,000","368,000,000","371,000,000","328,000,000","148,000,000","392,000,000","504,000,000","334,000,000","87,000,000","-201,000,000","370,000,000","347,000,000","314,000,000","433,000,000","337,000,000","321,000,000","86,000,000","377,000,000","393,000,000","244,000,000","254,000,000","220,000,000","341,000,000","219,000,000","227,000,000","339,000,000","362,000,000","13,000,000","216,000,000","311,000,000","340,000,000","228,000,000","205,000,000","262,000,000","272,000,000","30,000,000","142,000,000","159,000,000","146,000,000","-111,000,000","71,000,000","117,000,000","250,000,000","87,000,000","193,000,000","215,000,000","249,000,000","194,000,000","157,000,000","90,000,000","280,000,000","184,000,000","113,000,000","157,000,000","231,000,000","95,000,000","183,000,000","194,000,000","183,000,000","115,000,000","122,000,000","142,000,000","152,000,000","84,000,000","94,000,000","148,000,000","-345,000,000","43,000,000","83,000,000","93,000,000","155,000,000","56,000,000","126,000,000","150,000,000","205,000,000","139,000,000","162,000,000","99,000,000","184,000,000","123,000,000","162,000,000","248,000,000","199,000,000","192,000,000","159,000,000","171,000,000","218,000,000","166,000,000","152,100,000","191,100,000","228,500,000","172,300,000","161,200,000","170,400,000","216,800,000","219,200,000","151,000,000","145,500,000","96,200,000","121,900,000","53,900,000","24,800,000","106,200,000","110,100,000","67,900,000","66,000,000","106,700,000","78,800,000","31,500,000","68,900,000","79,100,000","21,900,000","101,400,000","107,100,000","141,000,000","125,300,000","101,400,000","106,700,000",,,,,,,,,,,,,,,,
TotalUnusualItemsExcludingGoodwill,"17,000,000","-43,000,000","13,000,000","21,000,000",,"-90,000,000","0","-165,000,000","-7,000,000","6,000,000","-2,000,000","-176,000,000","3,000,000","38,000,000","12,000,000","-83,000,000","0","-38,000,000","0","0","-22,000,000","-191,000,000","0","0","-3,000,000","4,000,000","0","-140,000,000","-3,000,000","28,000,000","0","-3,000,000","-3,000,000","6,000,000","-98,000,000","0","0","116,000,000","18,000,000","13,000,000","-351,000,000","18,000,000","36,000,000","44,000,000","15,000,000","9,000,000","35,000,000","36,000,000","16,000,000","24,000,000","36,000,000","35,000,000","-196,000,000","-17,000,000","-129,000,000","33,000,000","6,000,000","25,000,000","15,000,000","21,000,000","-7,000,000","2,000,000","-180,000,000","16,000,000","-32,000,000","-54,000,000","-51,000,000","4,000,000","-147,000,000","-13,000,000","15,000,000","12,000,000","-2,000,000","-6,000,000","-6,000,000","-7,000,000","-3,000,000","-14,000,000","25,000,000","-766,000,000","-62,000,000","-25,000,000","-17,000,000","6,000,000","-83,000,000","-61,000,000","-2,000,000","29,000,000","-25,000,000","21,000,000","-50,000,000","12,000,000","-22,000,000","-7,000,000","119,000,000","-5,000,000","9,000,000","-55,000,000","-7,000,000","14,000,000","4,200,000","1,200,000","7,600,000","12,800,000","8,800,000","-12,700,000","-3,600,000","16,900,000","35,100,000","-2,800,000","5,300,000","-90,900,000","9,800,000","-26,800,000","-87,400,000","10,200,000","34,600,000","19,500,000","-24,100,000","1,900,000","700,000","-24,200,000","17,100,000","-1,900,000","-50,500,000","17,300,000","11,600,000","-14,100,000","10,100,000","-6,900,000","24,700,000",,,,,,,,,,,,,,,,
TotalUnusualItems,"17,000,000","-43,000,000","13,000,000","21,000,000",,"-90,000,000","0","-165,000,000","-7,000,000","6,000,000","-2,000,000","-176,000,000","3,000,000","38,000,000","12,000,000","-83,000,000","0","-38,000,000","0","0","-22,000,000","-191,000,000","0","0","-3,000,000","4,000,000","0","-140,000,000","-3,000,000","28,000,000","0","-3,000,000","-3,000,000","6,000,000","-98,000,000","0","0","116,000,000","18,000,000","13,000,000","-351,000,000","18,000,000","36,000,000","44,000,000","15,000,000","9,000,000","35,000,000","36,000,000","16,000,000","24,000,000","36,000,000","35,000,000","-196,000,000","-17,000,000","-129,000,000","33,000,000","6,000,000","25,000,000","15,000,000","21,000,000","-7,000,000","2,000,000","-180,000,000","16,000,000","-32,000,000","-54,000,000","-51,000,000","4,000,000","-147,000,000","-13,000,000","15,000,000","12,000,000","-2,000,000","-6,000,000","-6,000,000","-7,000,000","-3,000,000","-14,000,000","25,000,000","-766,000,000","-62,000,000","-25,000,000","-17,000,000","6,000,000","-83,000,000","-61,000,000","-2,000,000","29,000,000","-25,000,000","21,000,000","-50,000,000","12,000,000","-22,000,000","-7,000,000","119,000,000","-5,000,000","9,000,000","-55,000,000","-7,000,000","14,000,000","4,200,000","1,200,000","7,600,000","12,800,000","8,800,000","-12,700,000","-3,600,000","16,900,000","35,100,000","-2,800,000","5,300,000","-90,900,000","9,800,000","-26,800,000","-87,400,000","10,200,000","34,600,000","19,500,000","-24,100,000","1,900,000","700,000","-24,200,000","17,100,000","-1,900,000","-50,500,000","17,300,000","11,600,000","-14,100,000","10,100,000","-6,900,000","24,700,000",,,,,,,,,,,,,,,,
NormalizedEBITDA,"2,480,000,000","504,000,000","604,000,000","740,000,000","658,000,000","591,000,000","738,000,000","455,000,000","487,000,000","559,000,000","649,000,000","700,000,000","565,000,000","461,000,000","592,000,000","718,000,000","570,000,000","524,000,000","665,000,000","810,000,000","587,000,000","464,000,000","-260,000,000","825,000,000","623,000,000","572,000,000","737,000,000","751,000,000","579,000,000","161,000,000","665,000,000","687,000,000","538,000,000","540,000,000","574,000,000","660,000,000","478,000,000","394,000,000","638,000,000","678,000,000","571,000,000","432,000,000","593,000,000","630,000,000","506,000,000","452,000,000","513,000,000","537,000,000","356,000,000","348,000,000","406,000,000","386,000,000","251,000,000","233,000,000","662,000,000","558,000,000","357,000,000","344,000,000","424,000,000","482,000,000","417,000,000","352,000,000","613,000,000","488,000,000","444,000,000","406,000,000","470,000,000","465,000,000","555,000,000","375,000,000","382,000,000","397,000,000","322,000,000","325,000,000","376,000,000","405,000,000","282,000,000","306,000,000","332,000,000","1,148,000,000","340,000,000","302,000,000","341,000,000","407,000,000","440,000,000","398,000,000","408,000,000","441,000,000","461,000,000","387,000,000","411,000,000","396,000,000","369,000,000","369,000,000","253,000,000","463,000,000","429,000,000","468,000,000","411,000,000","448,000,000","379,900,000","353,500,000","413,200,000","462,000,000","375,300,000","388,800,000","391,700,000","426,700,000","389,200,000","346,000,000","326,500,000","444,400,000","290,300,000","290,500,000","341,900,000","273,500,000","230,300,000","216,600,000","278,600,000","304,800,000","260,000,000","260,700,000","208,600,000","263,900,000","265,500,000","265,800,000","274,600,000","381,100,000","302,700,000","304,000,000","220,100,000","1,490,400,000","1,459,400,000","-3,264,700,000","1,361,000,000","1,450,500,000","1,373,400,000","-3,204,200,000","1,260,500,000","1,333,700,000","1,260,800,000","-2,868,000,000","1,140,400,000","1,208,800,000","1,137,100,000","-2,692,300,000","1,090,000,000"
TaxRateForCalcs,"0.206","0.014","0.218","0.27","0.228","0.194","0.217","0.23","0.223","0.239","0.227","0.237","0.243","0.243","0.175","0.217","0.207","0.4","0.236","0.241","0.243","0.305","0.4","0.4","0.248","0.239","0.244","0.243","0.242","0.35","0.232","0.239","0.239","0.244","0.19","0.24","0.2","0.251","0.25","0.249","0","0.158","0.26","0.256","0.262","0.216","0.244","0.269","0.35","0.185","0.327","0.332","0.18","0.359","0.32","0.294","0.302","0.281","0.307","0.313","0.243","0.316","0.188","0.264","0.245","0.321","0.302","0.308","0.234","0.272","0.279","0.332","0.348","0.4","0.36","0.38","0.364","0.361","0.359","0.35","0.4","0.376","0.372","0.378","0.4","0.222","0.38","0.392","0.4","0.393","0.4","0.387","0.391","0.347","0.333","0.395","0.396","0.343","0.387","0.388","0.389","0.389","0.387","0.387","0.388","0.386","0.384","0.385","0.384","0.384","0.372","0.388","0.4","0.4","0.4","0.4","0.4","0.4","0.375","0.4","0.4","0.4","0.4","0.4","0.398","0.339","0.389","0.393","0.392","0.367","0.355",,,,,,,,,,,,,,,,
TaxEffectOfUnusualItems,"3,502,000","-609,929.078","2,834,000","5,670,000","0","-17,478,260.87","0","-37,950,000","-1,561,000","1,432,160.804","-454,000","-41,712,000","729,000","9,222,222.222","2,100,000","-18,011,000","0","0","0","0","0","-58,255,000","0","0","0","954,653.938","0","-34,020,000","0","9,800,000","0","0","0","1,463,806.971","-18,620,000","0","0","29,171,597.633","4,500,000","3,237,000","0","2,852,112.676","9,350,649.351","11,264,000","3,931,623.932","1,948,453.608","8,523,316.062","9,699,029.126","5,600,000","4,440,000","11,781,818.182","11,620,553.36","-35,315,315.315","-6,109,375","-41,305,418.719","9,715,736.041","1,814,814.815","7,020,547.945","4,611,940.299","6,575,757.576","-1,700,000","632,411.067","-33,834,586.466","4,227,160.494","-7,851,301.115","-17,326,203.209","-15,400,000","1,233,333.333","-34,468,965.517","-3,532,075.472","4,183,673.469","3,986,577.181","-696,969.697","-2,400,000","-2,158,995.816","-2,657,142.857","-1,092,715.232","-5,050,632.911","8,971,774.194","-268,316,384.181","-24,800,000","-9,398,496.241","-6,317,567.568","2,265,060.241","-33,200,000","-13,555,555.556","-760,330.579","11,359,050.445","-10,000,000","8,258,426.966","-20,000,000","4,640,000","-8,603,960.396","-2,427,419.355","39,666,666.667","-1,975,683.891","3,566,037.736","-18,863,636.364","-2,709,677.419","5,426,966.292","1,635,821.993","466,987.952","2,939,024.39","4,954,506.438","3,415,625","-4,900,990.476","-1,383,815.029","6,502,951.192","13,463,554.556","-1,076,396.249","1,971,773.845","-35,237,492.043","3,920,000","-10,720,000","-34,960,000","4,080,000","13,840,000","7,800,000","-9,037,500","760,000","280,000","-9,680,000","6,840,000","-760,000","-20,116,758.242","5,864,406.78","4,516,989.738","-5,534,295.562","3,956,650.485","-2,532,584.27","8,756,321.839",,,,,,,,,,,,,,,,