name,ttm,12/31/2021,09/30/2021,06/30/2021,03/31/2021,12/31/2020,09/30/2020,06/30/2020,03/31/2020,12/31/2019,09/30/2019,06/30/2019,03/31/2019,12/31/2018,09/30/2018,06/30/2018,03/31/2018,12/31/2017,09/30/2017,06/30/2017,03/31/2017,12/31/2016,09/30/2016,06/30/2016,03/31/2016,12/31/2015,09/30/2015,06/30/2015,03/31/2015,12/31/2014,09/30/2014,06/30/2014,03/31/2014,12/31/2013,09/30/2013,06/30/2013,03/31/2013,12/31/2012,09/30/2012,06/30/2012,03/31/2012,12/31/2011,09/30/2011,06/30/2011,03/31/2011,12/31/2010,09/30/2010,06/30/2010,03/31/2010,12/31/2009,09/30/2009,06/30/2009,03/31/2009,12/31/2008,09/30/2008,06/30/2008,03/31/2008,12/31/2007,09/30/2007,06/30/2007,03/31/2007,12/31/2006,09/30/2006,06/30/2006,03/31/2006,12/31/2005,09/30/2005,06/30/2005,03/31/2005,12/31/2004,09/30/2004,06/30/2004,03/31/2004,12/31/2003,09/30/2003,06/30/2003,03/31/2003,12/31/2002,09/30/2002,06/30/2002,03/31/2002
TotalRevenue,"70,934,000,000","16,424,000,000","21,641,000,000","15,917,000,000","16,952,000,000","16,029,000,000","15,425,000,000","12,115,000,000","13,464,000,000","19,223,000,000","15,105,000,000","15,388,000,000","15,091,000,000","18,432,000,000","16,148,000,000","14,655,000,000","13,757,000,000","16,265,000,000","16,313,000,000","13,441,000,000","13,670,000,000","13,050,000,000","16,961,000,000","14,439,000,000","14,329,000,000","14,256,000,000","13,599,000,000","13,712,000,000","15,552,000,000","15,725,000,000","12,380,000,000","13,146,000,000","12,854,000,000","9,889,000,000","11,343,000,000","10,044,000,000","10,185,000,000","45,912,000,000","13,144,000,000","16,136,000,000","9,623,000,000","11,695,000,000","14,917,000,000","12,247,000,000","10,186,000,000","8,106,000,000","9,917,000,000","11,054,000,000","9,292,000,000","8,659,000,000","8,564,000,000","6,906,000,000","8,563,000,000","6,966,000,000","7,036,000,000","7,709,000,000","7,564,000,000","8,808,000,000","8,393,000,000","8,425,000,000","8,821,000,000","8,665,000,000","8,476,000,000","7,432,000,000","7,927,000,000","7,807,000,000","7,791,000,000","8,361,000,000","7,778,000,000","7,388,000,000","7,327,000,000","6,884,000,000","6,749,000,000","7,092,000,000","6,704,000,000","7,324,000,000","6,807,000,000","6,585,000,000","6,706,000,000","6,668,000,000","6,714,000,000"
	OperatingRevenue,"70,934,000,000","16,424,000,000","21,641,000,000","15,917,000,000","16,952,000,000","16,029,000,000","15,425,000,000","12,115,000,000","13,464,000,000","19,223,000,000","15,105,000,000","15,388,000,000","15,091,000,000","18,432,000,000","16,148,000,000","14,655,000,000","13,757,000,000","16,265,000,000","16,313,000,000","13,441,000,000","13,670,000,000","13,050,000,000","16,961,000,000","14,439,000,000","14,329,000,000","14,256,000,000","13,599,000,000","13,712,000,000","15,552,000,000","15,725,000,000","12,380,000,000","13,146,000,000","12,854,000,000","9,889,000,000","11,343,000,000","10,044,000,000","10,185,000,000","45,912,000,000","13,144,000,000","16,136,000,000","9,623,000,000","11,695,000,000","14,917,000,000","12,247,000,000","10,186,000,000","8,106,000,000","9,917,000,000","11,054,000,000","9,292,000,000","8,659,000,000","8,564,000,000","6,906,000,000","8,563,000,000","6,966,000,000","7,036,000,000","7,709,000,000","7,564,000,000","8,808,000,000","8,393,000,000","8,425,000,000","8,821,000,000","8,665,000,000","8,476,000,000","7,432,000,000","7,927,000,000","7,807,000,000","7,791,000,000","8,361,000,000","7,778,000,000","7,388,000,000","7,327,000,000","6,884,000,000","6,749,000,000","7,092,000,000","6,704,000,000","7,324,000,000","6,807,000,000","6,585,000,000","6,706,000,000","6,668,000,000","6,714,000,000"
NetNonOperatingInterestIncomeExpense,"-1,474,000,000","-362,000,000","-367,000,000","-371,000,000","-376,000,000","-386,000,000","-400,000,000","-397,000,000","-387,000,000","-385,000,000","-377,000,000","-392,000,000","-386,000,000","-372,000,000","-355,000,000","-347,000,000","-340,000,000","-344,000,000","-330,000,000","-326,000,000","-322,000,000","-322,000,000","-314,000,000","-357,000,000","-325,000,000","-322,000,000","-339,000,000","-324,000,000",,"-328,000,000","-340,000,000","-319,000,000","-321,000,000",,,"-331,000,000",,,"-1,057,000,000","-312,000,000",,,"-296,000,000","-290,000,000",,,,,,,,,,,,,,,,,,,,,,,,,,,,,,"-464,000,000","-459,000,000","-455,000,000","-452,000,000","-481,000,000","-468,000,000","-449,000,000","-448,000,000"
	InterestExpenseNonOperating,"1,474,000,000","362,000,000","367,000,000","371,000,000","376,000,000","386,000,000","400,000,000","397,000,000","387,000,000","385,000,000","377,000,000","392,000,000","386,000,000","372,000,000","355,000,000","347,000,000","340,000,000","344,000,000","330,000,000","326,000,000","322,000,000","322,000,000","314,000,000","357,000,000","325,000,000","322,000,000","339,000,000","324,000,000",,"328,000,000","340,000,000","319,000,000","321,000,000",,,"331,000,000",,,"1,057,000,000","312,000,000",,,"296,000,000","290,000,000",,,,,,,,,,,,,,,,,,,,,,,,,,,,,,"464,000,000","459,000,000","455,000,000","452,000,000","481,000,000","468,000,000","449,000,000","448,000,000"
OtherIncomeExpense,"2,951,000,000","816,000,000","500,000,000","1,353,000,000","282,000,000","2,075,000,000","992,000,000","1,474,000,000","-2,591,000,000","1,045,000,000","320,000,000","643,000,000","1,254,000,000","-1,087,000,000","606,000,000","-54,000,000","-507,000,000","337,000,000","327,000,000","420,000,000","217,000,000","435,000,000","-55,000,000","86,000,000","-23,000,000",,"-397,000,000","124,000,000","215,000,000","-2,155,000,000","-625,000,000","267,000,000","535,000,000",,,,,,,,,,"1,003,000,000","1,078,000,000",,,,,,,,,,,"711,000,000","1,654,000,000","1,491,000,000","2,030,000,000","1,929,000,000","-1,369,000,000","-1,140,000,000","1,587,000,000","1,852,000,000","1,459,000,000","1,554,000,000","1,068,000,000","1,662,000,000","1,836,000,000","1,548,000,000","1,712,000,000","1,671,000,000","1,233,000,000","1,347,000,000","1,738,000,000","1,153,000,000","1,524,000,000","1,312,000,000","1,311,000,000","1,396,000,000","1,464,000,000","1,520,000,000"
	SpecialIncomeCharges,"-1,060,000,000","-325,000,000","75,000,000","286,000,000","64,000,000","87,000,000","-124,000,000","-624,000,000","79,000,000","42,000,000","40,000,000","91,000,000","155,000,000","11,000,000","30,000,000","-1,472,000,000","-81,000,000","-17,000,000","43,000,000","17,000,000","40,000,000","-120,000,000","87,000,000","-43,000,000","-42,000,000","-120,000,000","116,000,000","-57,000,000",,"54,000,000","-7,000,000","47,000,000","30,000,000",,,"387,000,000",,,,,,,,,,,,,,,,,,,,,,,,,,,,,,,,,,,,,,,"-34,000,000","-455,000,000",,,,,
		ImpairmentOfCapitalAssets,"1,060,000,000"
		OtherSpecialCharges,"-494,000,000","325,000,000","-75,000,000","-286,000,000","-64,000,000","-87,000,000","124,000,000","624,000,000","-79,000,000","-42,000,000","-40,000,000","-91,000,000","-155,000,000","-11,000,000","-30,000,000","1,472,000,000","81,000,000","17,000,000","-43,000,000","-17,000,000","-40,000,000","120,000,000","-87,000,000","43,000,000","42,000,000","120,000,000","-116,000,000","57,000,000",,"-54,000,000","7,000,000","-47,000,000","-30,000,000",,,"-387,000,000",,,,,,,,,,,,,,,,,,,,,,,,,,,,,,,,,,,,,,,,,,,,,
PretaxIncome,"9,381,000,000","1,388,000,000","1,806,000,000","2,773,000,000","3,414,000,000","900,000,000","1,447,000,000","-2,332,000,000","-338,000,000","1,344,000,000","1,725,000,000","876,000,000","1,140,000,000","1,053,000,000","1,838,000,000","250,000,000","1,693,000,000","1,116,000,000","3,021,000,000","608,000,000","1,742,000,000","317,000,000","2,315,000,000","1,341,000,000","1,732,000,000","843,000,000","2,049,000,000","2,129,000,000","2,748,000,000","-1,750,000,000","284,000,000","1,507,000,000","1,718,000,000","-932,000,000","1,559,000,000","-766,000,000","-1,545,000,000","-490,000,000","-967,000,000","2,932,000,000","-799,000,000","907,000,000","2,334,000,000","1,172,000,000","704,000,000","138,000,000","1,750,000,000","1,528,000,000","1,016,000,000","713,000,000","852,000,000","-8,000,000","12,000,000","-1,622,000,000","-185,000,000","635,000,000","54,000,000","996,000,000","1,120,000,000","1,143,000,000","1,429,000,000","1,150,000,000","1,548,000,000","658,000,000","1,041,000,000","720,000,000","1,117,000,000","1,316,000,000","1,309,000,000","852,000,000","1,056,000,000","678,000,000","701,000,000","838,000,000","575,000,000","226,000,000","323,000,000","-209,000,000","129,000,000","-109,000,000","244,000,000"
TaxProvision,"1,674,000,000","170,000,000","259,000,000","609,000,000","636,000,000","-88,000,000","-50,000,000","115,000,000","-58,000,000","221,000,000","332,000,000","162,000,000","232,000,000","218,000,000","184,000,000","68,000,000","352,000,000","-2,758,000,000","800,000,000","125,000,000","395,000,000","35,000,000","501,000,000","431,000,000","368,000,000","110,000,000","584,000,000","679,000,000","699,000,000","-294,000,000","-234,000,000","404,000,000","473,000,000","-463,000,000","509,000,000","-273,000,000","-831,000,000","-368,000,000","-331,000,000","732,000,000","171,000,000","229,000,000","848,000,000","332,000,000","190,000,000","4,000,000","524,000,000","433,000,000","353,000,000","332,000,000","-153,000,000","-162,000,000","4,000,000","-413,000,000","-143,000,000","66,000,000","29,000,000","182,000,000","316,000,000","324,000,000","424,000,000","340,000,000","411,000,000","190,000,000","305,000,000","353,000,000","-261,000,000","389,000,000","388,000,000","264,000,000","326,000,000","147,000,000","218,000,000","262,000,000","242,000,000","43,000,000","105,000,000","-87,000,000","-158,000,000","-41,000,000","91,000,000"
EarningsFromEquityInterestNetOfTax,"87,000,000","24,000,000","18,000,000","19,000,000","26,000,000","34,000,000","10,000,000","42,000,000","10,000,000","15,000,000","32,000,000","24,000,000","29,000,000","14,000,000","21,000,000","18,000,000","23,000,000","-9,000,000","20,000,000","13,000,000","25,000,000","11,000,000","18,000,000","15,000,000","5,000,000","7,000,000","2,000,000","9,000,000","-3,000,000","5,000,000","5,000,000","6,000,000","0","2,000,000","3,000,000","5,000,000","49,000,000","2,000,000","45,000,000","6,000,000","7,000,000","2,000,000","67,000,000","11,000,000","105,000,000","51,000,000","14,000,000","9,000,000","10,000,000","1,493,000,000","31,000,000","5,000,000","-6,000,000","-385,000,000","-129,000,000","24,000,000","43,000,000","46,000,000","67,000,000","56,000,000","77,000,000",,,,,,,,,,,,,,,,,,,,
NetIncomeCommonStockholders,"7,609,000,000","1,192,000,000","1,506,000,000","2,127,000,000","2,784,000,000","814,000,000","1,469,000,000","-2,415,000,000","-276,000,000","1,115,000,000","1,403,000,000","700,000,000","922,000,000","831,000,000","1,653,000,000","193,000,000","1,347,000,000","3,720,000,000","2,211,000,000","485,000,000","1,352,000,000","281,000,000","1,806,000,000","910,000,000","1,321,000,000","728,000,000","1,451,000,000","1,391,000,000","2,017,000,000","-1,217,000,000","458,000,000","1,032,000,000","1,208,000,000","-452,000,000","966,000,000","-527,000,000","-720,000,000","-189,000,000","-618,000,000","2,198,000,000","-967,000,000","686,000,000","1,534,000,000","838,000,000","608,000,000","177,000,000","1,244,000,000","1,077,000,000","697,000,000","1,865,000,000","1,082,000,000","163,000,000","14,000,000","-1,566,000,000","-166,000,000","590,000,000","69,000,000","871,000,000","867,000,000","846,000,000","1,120,000,000","1,037,000,000","1,205,000,000","453,000,000","733,000,000","364,000,000","1,364,000,000","883,000,000","929,000,000","578,000,000","728,000,000","549,000,000","401,000,000","575,000,000","297,000,000","196,000,000","196,000,000","-193,000,000","302,000,000","-68,000,000","153,000,000"
	NetIncome,"7,724,000,000","1,208,000,000","1,530,000,000","2,158,000,000","2,828,000,000","819,000,000","1,487,000,000","-2,409,000,000","-271,000,000","1,128,000,000","1,418,000,000","708,000,000","932,000,000","842,000,000","1,672,000,000","197,000,000","1,363,000,000","3,765,000,000","2,238,000,000","491,000,000","1,369,000,000","284,000,000","1,827,000,000","921,000,000","1,336,000,000","735,000,000","1,465,000,000","1,406,000,000","2,036,000,000","-1,459,000,000","512,000,000","1,090,000,000","1,238,000,000","-482,000,000","1,042,000,000","-521,000,000","-706,000,000","-144,000,000","-618,000,000","2,198,000,000","-967,000,000","686,000,000","1,534,000,000","838,000,000","608,000,000","177,000,000","1,244,000,000","1,077,000,000","697,000,000","1,865,000,000","1,082,000,000","163,000,000","14,000,000","-1,566,000,000","-166,000,000","590,000,000","69,000,000","871,000,000","867,000,000","846,000,000","1,120,000,000","1,037,000,000","1,205,000,000","453,000,000","733,000,000","364,000,000","1,364,000,000","883,000,000","929,000,000","578,000,000","728,000,000","549,000,000","401,000,000","575,000,000","297,000,000","196,000,000","196,000,000","-193,000,000","302,000,000","-68,000,000","153,000,000"
		NetIncomeIncludingNoncontrollingInterests,"7,794,000,000","1,242,000,000","1,565,000,000","2,183,000,000","2,804,000,000","1,022,000,000","1,507,000,000","-2,405,000,000","-270,000,000","1,138,000,000","1,425,000,000","738,000,000","937,000,000","849,000,000","1,675,000,000","200,000,000","1,364,000,000","3,865,000,000","2,241,000,000","496,000,000","1,372,000,000","293,000,000","1,832,000,000","925,000,000","1,369,000,000","740,000,000","1,467,000,000","1,459,000,000","2,046,000,000","-1,447,000,000","523,000,000","1,113,000,000","1,249,000,000","-471,000,000","1,061,000,000","-486,000,000","-664,000,000","-117,000,000","-593,000,000","2,213,000,000","-956,000,000","694,000,000","1,544,000,000","867,000,000","633,000,000","189,000,000","1,242,000,000","1,104,000,000","671,000,000","1,875,000,000","1,032,000,000","180,000,000","3,000,000","-1,566,000,000","-166,000,000","590,000,000","69,000,000","871,000,000","867,000,000","846,000,000","1,120,000,000","1,037,000,000","1,205,000,000","453,000,000","733,000,000","364,000,000","1,364,000,000","883,000,000","929,000,000","578,000,000","728,000,000","549,000,000","401,000,000","575,000,000","297,000,000","196,000,000","196,000,000","-193,000,000","302,000,000","-68,000,000","153,000,000"
			NetIncomeContinuousOperations,"7,794,000,000","1,242,000,000","1,565,000,000","2,183,000,000","2,804,000,000","1,022,000,000","1,507,000,000","-2,405,000,000","-270,000,000","1,138,000,000","1,425,000,000","738,000,000","937,000,000","849,000,000","1,675,000,000","200,000,000","1,364,000,000","3,865,000,000","2,241,000,000","496,000,000","1,372,000,000","293,000,000","1,832,000,000","925,000,000","1,369,000,000","740,000,000","1,467,000,000","1,459,000,000","2,046,000,000","-1,451,000,000","523,000,000","1,109,000,000","1,245,000,000","-467,000,000","1,053,000,000","-488,000,000","-665,000,000","-120,000,000","-591,000,000","2,206,000,000","-963,000,000","680,000,000","1,553,000,000","851,000,000","619,000,000","185,000,000","1,240,000,000","1,104,000,000","673,000,000","1,874,000,000","1,036,000,000","159,000,000","2,000,000","-1,594,000,000","-171,000,000","593,000,000","68,000,000","860,000,000","871,000,000","875,000,000","1,082,000,000","1,018,000,000","1,137,000,000","468,000,000","736,000,000","367,000,000","1,378,000,000","927,000,000","921,000,000","588,000,000","730,000,000","531,000,000","483,000,000","576,000,000","333,000,000","183,000,000","218,000,000","-122,000,000","287,000,000","-68,000,000","153,000,000"
			NetIncomeDiscontinuousOperations,,,,,,,,,,,,,,,,,,,,,,"0","0","0","0","0","0","0","0","4,000,000","0","4,000,000","4,000,000","-4,000,000","8,000,000","2,000,000","1,000,000","3,000,000","-2,000,000","7,000,000","7,000,000","14,000,000","-9,000,000","16,000,000","14,000,000","4,000,000","2,000,000","0","-2,000,000","1,000,000","-4,000,000","21,000,000","1,000,000","28,000,000","5,000,000","-3,000,000","1,000,000","11,000,000","-4,000,000","-29,000,000","38,000,000","19,000,000","68,000,000","-15,000,000","-3,000,000","-3,000,000","-14,000,000","-44,000,000","8,000,000","-10,000,000","-3,000,000","-2,000,000","-3,000,000","-1,000,000","-36,000,000","13,000,000","-22,000,000","-71,000,000","15,000,000",,
			NetIncomeExtraordinary,,,,,,,,,,,,,,,,,,,,,,,,,,,,,,,,,,,,,,,,,,,,,,,,,,,,,,,,,,,,,,,,,,"0","0","0","0","0","1,000,000","20,000,000","-79,000,000",,,,,,,,
			NetIncomeFromTaxLossCarryforward,,,,,,,,,,,,,,,,,,,,,,,,,,,,,,,,,,,,,,,,,,,,,,,,,,,,,,,,,,,,,,,,,,,,,,"0","1,000,000","20,000,000",,,,,,,,,
		MinorityInterests,"-70,000,000","-34,000,000","-35,000,000","-25,000,000","24,000,000","-203,000,000","-20,000,000","-4,000,000","-1,000,000","-10,000,000","-7,000,000","-30,000,000","-5,000,000","-7,000,000","-3,000,000","-3,000,000","-1,000,000","-100,000,000","-3,000,000","-5,000,000","-3,000,000","-9,000,000","-5,000,000","-4,000,000","-33,000,000","-5,000,000","-2,000,000","-53,000,000","-10,000,000","-12,000,000","-11,000,000","-23,000,000","-11,000,000","-11,000,000","-19,000,000","-35,000,000","-42,000,000","-27,000,000","-25,000,000","-15,000,000","-11,000,000","-8,000,000","-10,000,000","-29,000,000","-25,000,000","-12,000,000","2,000,000","-27,000,000","26,000,000","-10,000,000","50,000,000","-17,000,000","11,000,000",,,,,,,,,,,,,,,,,,,,,,,,,,,,
	OtherunderPreferredStockDividend,"115,000,000","16,000,000","24,000,000","31,000,000","44,000,000","5,000,000","18,000,000","6,000,000","5,000,000","13,000,000","15,000,000","8,000,000","10,000,000","11,000,000","19,000,000","4,000,000","16,000,000","45,000,000","27,000,000","6,000,000","17,000,000","3,000,000","21,000,000","11,000,000","15,000,000","7,000,000","14,000,000","15,000,000","19,000,000","-242,000,000","54,000,000","58,000,000","30,000,000","-30,000,000","76,000,000","6,000,000","14,000,000",,,,,,,,,,,,,,,,,,,,,,,,,,,,,,,,,,,,,,,,,,,,
AverageDilutionEarnings,"0","-1,000,000","1,000,000","0",,"0","0","0","0","1,000,000","1,000,000","6,000,000","5,000,000","6,000,000","5,000,000","6,000,000","5,000,000","5,000,000","4,000,000","4,000,000","5,000,000","4,000,000","4,000,000","5,000,000","5,000,000","5,000,000","3,000,000","6,000,000","4,000,000","4,000,000","4,000,000","5,000,000","4,000,000","0","4,000,000","0",,,,,,,,,,,,,,,,,,,,,,,,,,,,,,,,,,,,,,,,,,,,,
DilutedNIAvailtoComStockholders,"7,609,000,000","1,191,000,000","1,507,000,000","2,127,000,000","2,784,000,000","814,000,000","1,469,000,000","-2,415,000,000","-276,000,000","1,116,000,000","1,404,000,000","706,000,000","927,000,000","837,000,000","1,658,000,000","199,000,000","1,352,000,000","3,725,000,000","2,215,000,000","489,000,000","1,357,000,000","285,000,000","1,810,000,000","915,000,000","1,326,000,000","733,000,000","1,454,000,000","1,397,000,000","2,021,000,000","-1,213,000,000","462,000,000","1,037,000,000","1,212,000,000","-452,000,000","970,000,000","-527,000,000","-720,000,000","-189,000,000","-618,000,000","2,198,000,000","-967,000,000","686,000,000","1,534,000,000","838,000,000","608,000,000","177,000,000","1,244,000,000","1,077,000,000","697,000,000","1,865,000,000","1,082,000,000","163,000,000","14,000,000","-1,566,000,000","-166,000,000","590,000,000","69,000,000","871,000,000","867,000,000","846,000,000","1,120,000,000","1,037,000,000","1,205,000,000","453,000,000","733,000,000","364,000,000","1,364,000,000","883,000,000","929,000,000","578,000,000","728,000,000","549,000,000","401,000,000","575,000,000","297,000,000","196,000,000","196,000,000","-193,000,000","302,000,000","-68,000,000","153,000,000"
BasicEPS,,"3.198","3.927","5.518","7.136","2.067","3.762","-6.105","-0.68","2.815","3.509","1.821","2.29","2.04","4.017","0.448","3.23","8.886","5.251","1.15","3.189","1.711","4.232","3.205","3.015","1.644","3.26","3.111","4.44","-3.194","1.115","2.307","2.649",,"2.11","-1.067","-1.55",,"-1.41","4.64","-2.09",,"2.46","1.68","1.22",,"0","2.309","1.16",,"2.36","1.25","0.01",,"-0.23","1.36","0.2",,"1.91","1.83","2.22",,"2.43","0.9","1.4",,"2.63","1.5","1.51",,"1.11","1.04","0.58",,"0.44","0.63","0.39",,"0.7","-0.19","0.46"
DilutedEPS,,"3.13","3.9","5.4","6.98","2.03","3.745","-6.105","-0.68","2.794","3.471","1.783","2.244","1.999","3.937","0.448","3.163","8.701","5.145","1.15","3.189","1.711","4.232","3.205","3.015","1.6","3.16","3.03","4.37","-3.194","0.99","2.307","2.59",,"2.07","-1.13","-1.55",,"-1.41","4.64","-2.09",,"2.46","1.68","1.2",,"0","2.309","1.15",,"2.35","1.25","0.01",,"-0.23","1.35","0.2",,"1.88","1.8","2.18",,"2.38","0.89","1.38",,"2.59","1.48","1.49",,"1.08","1.02","0.57",,"0.44","0.357","0.352",,"0.524","-0.19","0.262"
BasicAverageShares,,"377,700,000","383,800,000","391,100,000","396,300,000","396,200,000","395,300,000","394,600,000","397,000,000","400,700,000","404,100,000","405,300,000","409,200,000","412,700,000","416,200,000","417,711,331","422,000,000","423,700,000","426,200,000","427,044,124","429,296,283","429,574,173","431,704,363","438,739,038","443,146,404","447,101,369","449,443,830","451,912,251","454,279,279","456,833,477","459,093,830","460,403,997","462,427,045",,"457,819,905","464,955,748","464,516,129",,"464,400,000","466,100,000","469,200,000",,"464,800,000","486,000,000","484,900,000",,"466,949,802","463,000,000","463,000,000",,"461,200,000","432,900,000","422,100,000",,"423,800,000","431,900,000","442,100,000",,"457,000,000","463,700,000","468,400,000",,"480,800,000","488,200,000","494,600,000",,"509,100,000","516,500,000","521,800,000",,"513,900,000","521,480,000","529,657,867",,"541,480,000","547,260,000","554,420,034",,"575,107,885","583,925,410","584,315,048"
DilutedAverageShares,,"380,900,000","386,800,000","394,100,000","398,800,000","398,300,000","397,100,000","396,100,000","399,600,000","403,700,000","408,500,000","413,900,000","417,600,000","421,200,000","424,700,000","417,711,331","430,900,000","432,700,000","435,000,000","427,044,124","429,296,283","429,574,173","431,704,363","438,739,038","443,146,404","459,375,000","463,607,595","464,026,403","462,471,396","542,379,182","517,171,717","460,403,997","472,972,973",,"468,599,034","464,955,748","464,516,129",,"464,400,000","473,500,000","469,200,000",,"473,200,000","494,800,000","493,900,000",,"466,949,802","471,500,000","471,500,000",,"464,600,000","434,300,000","423,200,000",,"423,800,000","437,700,000","448,600,000",,"464,900,000","472,800,000","477,200,000",,"490,500,000","497,100,000","504,100,000",,"518,300,000","525,200,000","530,000,000",,"525,710,000","532,150,000","539,868,050",,"545,860,000","549,380,000","556,524,556",,"576,792,103","585,238,339","584,315,048"
TotalExpenses,"61,553,000,000","15,036,000,000","19,835,000,000","13,144,000,000","13,538,000,000","15,129,000,000","13,978,000,000","14,447,000,000","13,802,000,000","17,879,000,000","13,380,000,000","14,512,000,000","13,951,000,000","17,379,000,000","14,310,000,000","14,405,000,000","12,064,000,000","15,149,000,000","13,292,000,000","12,833,000,000","11,928,000,000","12,733,000,000","14,646,000,000","13,098,000,000","12,597,000,000","13,413,000,000","11,550,000,000","11,583,000,000","12,804,000,000","17,475,000,000","12,096,000,000","11,639,000,000","11,136,000,000","10,821,000,000","9,784,000,000","10,810,000,000","11,730,000,000","46,402,000,000","14,111,000,000","13,204,000,000","10,422,000,000","10,788,000,000","12,583,000,000","11,075,000,000","9,482,000,000","7,968,000,000","8,167,000,000","9,526,000,000","8,276,000,000","7,946,000,000","7,712,000,000","6,914,000,000","8,551,000,000","8,588,000,000","7,221,000,000","7,074,000,000","7,510,000,000","7,812,000,000","7,273,000,000","7,282,000,000","7,392,000,000","7,515,000,000","6,928,000,000","6,774,000,000","6,886,000,000","7,087,000,000","6,674,000,000","7,045,000,000","6,469,000,000","6,536,000,000","6,271,000,000","6,206,000,000","6,048,000,000","6,254,000,000","6,129,000,000","7,098,000,000","6,484,000,000","6,794,000,000","6,577,000,000","6,777,000,000","6,470,000,000"
NetIncomeFromContinuingAndDiscontinuedOperation,"7,724,000,000","1,208,000,000","1,530,000,000","2,158,000,000","2,828,000,000","819,000,000","1,487,000,000","-2,409,000,000","-271,000,000","1,128,000,000","1,418,000,000","708,000,000","932,000,000","842,000,000","1,672,000,000","197,000,000","1,363,000,000","3,765,000,000","2,238,000,000","491,000,000","1,369,000,000","284,000,000","1,827,000,000","921,000,000","1,336,000,000","735,000,000","1,465,000,000","1,406,000,000","2,036,000,000","-1,459,000,000","512,000,000","1,090,000,000","1,238,000,000","-482,000,000","1,042,000,000","-521,000,000","-706,000,000","-144,000,000","-618,000,000","2,198,000,000","-967,000,000","686,000,000","1,534,000,000","838,000,000","608,000,000","177,000,000","1,244,000,000","1,077,000,000","697,000,000","1,865,000,000","1,082,000,000","163,000,000","14,000,000","-1,566,000,000","-166,000,000","590,000,000","69,000,000","871,000,000","867,000,000","846,000,000","1,120,000,000","1,037,000,000","1,205,000,000","453,000,000","733,000,000","364,000,000","1,364,000,000","883,000,000","929,000,000","578,000,000","726,000,000","509,000,000","480,000,000","575,000,000","297,000,000","196,000,000","196,000,000","-193,000,000","302,000,000","-68,000,000","153,000,000"
NormalizedIncome,"8,595,320,000","1,208,000,000","1,530,000,000","2,158,000,000","2,828,000,000","819,000,000","1,487,000,000","-2,409,000,000","-271,000,000","1,128,000,000","1,418,000,000","708,000,000","932,000,000","842,000,000","1,672,000,000","197,000,000","1,363,000,000","3,765,000,000","2,238,000,000","491,000,000","1,369,000,000","284,000,000","1,827,000,000","921,000,000","1,336,000,000","735,000,000","1,465,000,000","1,406,000,000","2,036,000,000","-1,463,000,000","512,000,000","1,086,000,000","1,234,000,000","-478,000,000","1,034,000,000","-523,000,000","-707,000,000","-147,000,000","-616,000,000","2,191,000,000","-974,000,000","672,000,000","1,543,000,000","822,000,000","594,000,000","173,000,000","1,242,000,000","1,077,000,000","699,000,000","1,864,000,000","1,086,000,000","142,000,000","13,000,000","-1,594,000,000","-171,000,000","593,000,000","68,000,000","860,000,000","871,000,000","875,000,000","1,082,000,000","1,018,000,000","1,137,000,000","468,000,000","736,000,000","367,000,000","1,378,000,000","927,000,000","921,000,000","588,000,000","729,000,000","511,000,000","483,000,000","576,000,000","353,400,000","551,429,203.54","218,000,000","-122,000,000","287,000,000","-68,000,000","153,000,000"
InterestExpense,"1,474,000,000","362,000,000","367,000,000","371,000,000","376,000,000","386,000,000","400,000,000","397,000,000","387,000,000","385,000,000","377,000,000","392,000,000","386,000,000","372,000,000","355,000,000","347,000,000","340,000,000","344,000,000","330,000,000","326,000,000","322,000,000","322,000,000","314,000,000","357,000,000","325,000,000","322,000,000","339,000,000","324,000,000",,"328,000,000","340,000,000","319,000,000","321,000,000",,,"331,000,000",,,"1,057,000,000","312,000,000",,,"296,000,000","290,000,000",,,,,,,,,,,,,,,,,,,,,,,,,,,,,,"464,000,000","459,000,000","455,000,000","452,000,000","481,000,000","468,000,000","449,000,000","448,000,000"
NetInterestIncome,"-1,474,000,000","-362,000,000","-367,000,000","-371,000,000","-376,000,000","-386,000,000","-400,000,000","-397,000,000","-387,000,000","-385,000,000","-377,000,000","-392,000,000","-386,000,000","-372,000,000","-355,000,000","-347,000,000","-340,000,000","-344,000,000","-330,000,000","-326,000,000","-322,000,000","-322,000,000","-314,000,000","-357,000,000","-325,000,000","-322,000,000","-339,000,000","-324,000,000",,"-328,000,000","-340,000,000","-319,000,000","-321,000,000",,,"-331,000,000",,,"-1,057,000,000","-312,000,000",,,"-296,000,000","-290,000,000",,,,,,,,,,,,,,,,,,,,,,,,,,,,,,"-464,000,000","-459,000,000","-455,000,000","-452,000,000","-481,000,000","-468,000,000","-449,000,000","-448,000,000"
EBIT,"10,855,000,000","1,750,000,000","2,173,000,000","3,144,000,000","3,790,000,000","1,286,000,000","1,847,000,000","-1,935,000,000","49,000,000","1,729,000,000","2,102,000,000","1,268,000,000","1,526,000,000","1,425,000,000","2,193,000,000","597,000,000","2,033,000,000","1,460,000,000","3,351,000,000","934,000,000","2,064,000,000","1,165,000,000","2,629,000,000","1,698,000,000","2,057,000,000","1,165,000,000","2,388,000,000","2,453,000,000",,"-994,000,000","524,000,000","1,770,000,000","2,026,000,000",,,"-439,000,000",,,"90,000,000","3,246,000,000",,,"2,588,000,000","1,453,000,000",,,,,,,,,,,,,,,,,,,,,,,,,,,,,,"1,302,000,000","1,034,000,000","681,000,000","775,000,000","272,000,000","597,000,000","340,000,000","692,000,000"
ReconciledDepreciation,"204,000,000","117,000,000","42,000,000","15,000,000","30,000,000","9,000,000","65,000,000","54,000,000","329,000,000","108,000,000","441,000,000","-109,000,000","20,000,000","116,000,000","-3,000,000","70,000,000","-22,000,000","-49,000,000","164,000,000","157,000,000","-50,000,000","-84,000,000","-22,000,000","257,000,000","167,000,000","-13,000,000","174,000,000","-218,000,000","170,000,000","177,000,000","275,000,000","138,000,000","41,000,000","73,000,000","177,000,000","52,000,000","109,000,000","72,000,000","27,000,000","98,000,000","105,000,000","88,000,000","35,000,000","186,000,000","-19,000,000","-48,000,000","-17,000,000","-8,000,000","-31,000,000","17,000,000","-34,000,000","50,000,000","142,000,000","329,000,000","149,000,000","87,000,000","91,000,000","113,000,000","62,000,000","35,000,000","62,000,000","78,000,000","136,000,000","52,000,000","84,000,000","54,000,000","155,000,000","157,000,000","135,000,000","110,000,000","136,000,000","207,000,000","136,000,000","244,000,000","205,000,000","111,000,000","173,000,000","114,000,000","177,000,000","196,000,000","72,000,000"
NetIncomeFromContinuingOperationNetMinorityInterest,"7,724,000,000","1,208,000,000","1,530,000,000","2,158,000,000","2,828,000,000","819,000,000","1,487,000,000","-2,409,000,000","-271,000,000","1,128,000,000","1,418,000,000","708,000,000","932,000,000","842,000,000","1,672,000,000","197,000,000","1,363,000,000","3,765,000,000","2,238,000,000","491,000,000","1,369,000,000","284,000,000","1,827,000,000","921,000,000","1,336,000,000","735,000,000","1,465,000,000","1,406,000,000","2,036,000,000","-1,463,000,000","512,000,000","1,086,000,000","1,234,000,000","-478,000,000","1,034,000,000","-523,000,000","-707,000,000","-147,000,000","-616,000,000","2,191,000,000","-974,000,000","672,000,000","1,543,000,000","822,000,000","594,000,000","173,000,000","1,242,000,000","1,077,000,000","699,000,000","1,864,000,000","1,086,000,000","142,000,000","13,000,000","-1,594,000,000","-171,000,000","593,000,000","68,000,000","860,000,000","871,000,000","875,000,000","1,082,000,000","1,018,000,000","1,137,000,000","468,000,000","736,000,000","367,000,000","1,378,000,000","927,000,000","921,000,000","588,000,000","729,000,000","511,000,000","483,000,000","576,000,000","333,000,000","183,000,000","218,000,000","-122,000,000","287,000,000","-68,000,000","153,000,000"
TotalUnusualItemsExcludingGoodwill,"-1,060,000,000","-325,000,000","75,000,000","286,000,000","64,000,000","87,000,000","-124,000,000","-624,000,000","79,000,000","42,000,000","40,000,000","91,000,000","155,000,000","11,000,000","30,000,000","-1,472,000,000","-81,000,000","-17,000,000","43,000,000","17,000,000","40,000,000","-120,000,000","87,000,000","-43,000,000","-42,000,000","-120,000,000","116,000,000","-57,000,000",,"54,000,000","-7,000,000","47,000,000","30,000,000",,,"387,000,000",,,,,,,,,,,,,,,,,,,,,,,,,,,,,,,,,,,,,,,"-34,000,000","-455,000,000",,,,,
TotalUnusualItems,"-1,060,000,000","-325,000,000","75,000,000","286,000,000","64,000,000","87,000,000","-124,000,000","-624,000,000","79,000,000","42,000,000","40,000,000","91,000,000","155,000,000","11,000,000","30,000,000","-1,472,000,000","-81,000,000","-17,000,000","43,000,000","17,000,000","40,000,000","-120,000,000","87,000,000","-43,000,000","-42,000,000","-120,000,000","116,000,000","-57,000,000",,"54,000,000","-7,000,000","47,000,000","30,000,000",,,"387,000,000",,,,,,,,,,,,,,,,,,,,,,,,,,,,,,,,,,,,,,,"-34,000,000","-455,000,000",,,,,
TaxRateForCalcs,"0.178","0.122","0.143","0.22","0.186","0.27","0.27","0.27","0.172","0.164","0.192","0.185","0.204","0.207","0.1","0.272","0.208","0.4","0.265","0.206","0.227","0.11","0.216","0.321","0.212","0.13","0.285","0.319","0.254","0.168","0.35","0.268","0.275","0.35","0.326","0.356","0.35","0.35","0.342","0.25","0.35","0.252","0.363","0.283","0.27","0.029","0.299","0.283","0.347","0.35","0.35","0.35","0.333","0.255","0.35","0.104","0.35","0.183","0.282","0.283","0.297","0.296","0.266","0.289","0.293","0.4","0.4","0.296","0.296","0.31","0.309","0.217","0.311","0.313","0.4","0.19","0.325","0.4","0.4","0.376","0.373"
TaxEffectOfUnusualItems,"-188,680,000","0","0","0","0","0","0","0","0","0","0","0","0","0","0","0","0","0","0","0","0","0","0","0","0","0","0","0","0","0","0","0","0","0","0","0","0","0","0","0","0","0","0","0","0","0","0","0","0","0","0","0","0","0","0","0","0","0","0","0","0","0","0","0","0","0","0","0","0","0","0","0","0","0","-13,600,000","-86,570,796.46","0","0","0","0","0"