name,ttm,12/31/2021,09/30/2021,06/30/2021,03/31/2021,12/31/2020,09/30/2020,06/30/2020,03/31/2020,12/31/2019,09/30/2019,06/30/2019,03/31/2019,12/31/2018,09/30/2018,06/30/2018,03/31/2018,12/31/2017,09/30/2017,06/30/2017,03/31/2017,12/31/2016,09/30/2016,06/30/2016,03/31/2016,12/31/2015,09/30/2015,06/30/2015,03/31/2015,12/31/2014,09/30/2014,06/30/2014,03/31/2014,12/31/2013,09/30/2013,06/30/2013,03/31/2013,12/31/2012,09/30/2012,06/30/2012,03/31/2012,12/31/2011,09/30/2011,06/30/2011,03/31/2011,12/31/2010,09/30/2010,06/30/2010,03/31/2010,12/31/2009,09/30/2009,06/30/2009,03/31/2009,12/31/2008,09/30/2008,06/30/2008,03/31/2008,12/31/2007,09/30/2007,06/30/2007,03/31/2007,12/31/2006,09/30/2006,06/30/2006,03/31/2006,12/31/2005,09/30/2005,06/30/2005,03/31/2005,12/31/2004,09/30/2004,06/30/2004,03/31/2004,12/31/2003,09/30/2003,06/30/2003,03/31/2003,12/31/2002,09/30/2002,06/30/2002,03/31/2002,12/31/2001,09/30/2001,06/30/2001,03/31/2001,12/31/2000,09/30/2000,06/30/2000,03/31/2000,12/31/1999,09/30/1999,06/30/1999,03/31/1999,12/31/1998,09/30/1998,06/30/1998,03/31/1998,12/31/1997,09/30/1997,06/30/1997,03/31/1997,12/31/1996,09/30/1996,06/30/1996,03/31/1996,12/31/1995,09/30/1995,06/30/1995,03/31/1995,12/31/1994,09/30/1994,06/30/1994,03/31/1994,12/31/1993,09/30/1993,06/30/1993,03/31/1993,12/31/1992,09/30/1992,06/30/1992,03/31/1992,12/31/1991,09/30/1991,06/30/1991,03/31/1991,12/31/1990,09/30/1990,06/30/1990,03/31/1990,12/31/1989,09/30/1989,06/30/1989,03/31/1989,12/31/1988,09/30/1988,06/30/1988,03/31/1988,12/31/1987,09/30/1987,06/30/1987,03/31/1987,12/31/1986,09/30/1986,06/30/1986,03/31/1986,12/31/1985,09/30/1985
TotalRevenue,"3,415,824,000","924,316,000","894,931,000","829,315,000","767,262,000","759,044,000","730,657,000","709,285,000","716,082,000","717,499,000","729,336,000","710,950,000","689,038,000","692,460,000","706,368,000","685,528,000","669,924,000","672,308,000","686,361,000","664,312,000","645,547,000","651,427,000","663,148,000","634,188,000","611,786,000","609,330,000","618,872,000","592,631,000","569,394,000","566,147,000","571,596,000","538,037,000","519,624,000","513,511,000","511,957,000","485,378,000","470,900,000","465,451,000","472,931,000","457,739,000","442,619,000","444,715,000","452,990,000","434,844,000","419,818,000","418,238,000","422,765,000","407,645,000","398,056,000","402,879,000","412,864,000","407,252,000","405,066,000","421,815,000","436,890,000","424,138,000","462,764,000","464,185,000","468,960,000","449,148,000","434,367,000","433,586,000","371,359,000","298,027,000","278,683,000","298,132,000","264,928,000","254,296,000","243,750,000","240,282,000","237,173,000","231,625,000","222,666,000","221,436,000","228,625,000","218,880,000","208,812,000","201,930,000","220,082,000","212,541,000","216,975,000","213,659,000","215,719,000","207,428,000","197,839,000","196,599,000","195,966,000","188,150,000","176,595,000","177,534,000","179,000,000","172,300,000","148,300,000","148,551,000","150,000,000","141,100,000","142,700,000","134,144,000","126,400,000","110,700,000","101,300,000","96,522,000","87,400,000","82,700,000","75,000,000","64,550,000","56,900,000","47,900,000","43,200,000","41,096,000","37,500,000","35,600,000","32,900,000","30,900,000","30,300,000","21,900,000","18,800,000","23,100,000","17,300,000","15,400,000","12,400,000","18,900,000","10,900,000","10,300,000","9,900,000","8,600,000","8,700,000","8,000,000","7,700,000","8,500,000","7,000,000","7,000,000","7,200,000","7,500,000","7,500,000","7,400,000","7,400,000","7,100,000","7,100,000","7,100,000","7,100,000","11,700,000","6,000,000","5,500,000","5,400,000","5,600,000","5,200,000"
	OperatingRevenue,"3,415,824,000","924,316,000","894,931,000","829,315,000","767,262,000","759,044,000","730,657,000","709,285,000","716,082,000","717,499,000","729,336,000","710,950,000","689,038,000","692,460,000","706,368,000","685,528,000","669,924,000","672,308,000","686,361,000","664,312,000","645,547,000","651,427,000","663,148,000","634,188,000","611,786,000","609,330,000","618,872,000","592,631,000","569,394,000","566,147,000","571,596,000","538,037,000","519,624,000","513,511,000","511,957,000","485,378,000","470,900,000","465,451,000","472,931,000","457,739,000","442,619,000","444,715,000","452,990,000","434,844,000","419,818,000","418,238,000","422,765,000","407,645,000","389,840,000","402,879,000","412,864,000","399,736,000","397,433,000","421,815,000","436,890,000","424,138,000","462,764,000","485,963,000","468,960,000","461,492,000","443,384,000","441,458,000","374,765,000","301,151,000","282,149,000","305,821,000","274,639,000","259,147,000","249,428,000","251,231,000","240,393,000","236,030,000","226,723,000","227,953,000","234,395,000","227,879,000","213,499,000","208,079,000","227,565,000","217,702,000","219,216,000","216,182,000","215,719,000","207,428,000","199,407,000","196,599,000","195,966,000","188,150,000","176,595,000","177,500,000","179,000,000","172,300,000","148,300,000","148,600,000","150,000,000","141,100,000","142,700,000","134,100,000","126,400,000","110,700,000","101,300,000","96,500,000","87,400,000","82,700,000","75,000,000","64,500,000","56,900,000","47,900,000","43,200,000","41,100,000","37,500,000","35,600,000","32,900,000","30,900,000","30,300,000","21,900,000","18,800,000","23,100,000","17,300,000","15,400,000","12,400,000","18,900,000","10,900,000","10,300,000","9,900,000","8,600,000","8,700,000","8,000,000","7,700,000","8,500,000","7,000,000","7,000,000","7,200,000","7,500,000","7,500,000","7,400,000","7,400,000","7,100,000","7,100,000","7,100,000","7,100,000","11,700,000","6,000,000","5,500,000","5,400,000","5,600,000","5,200,000"
CostOfRevenue,"920,598,000","236,855,000","236,734,000","218,586,000","228,423,000","205,524,000","217,461,000","225,607,000","218,870,000","172,584,000","212,262,000","207,736,000","204,201,000","160,374,000","195,544,000","190,977,000","192,827,000","151,879,000","190,619,000","182,578,000","182,902,000","145,166,000","178,627,000","172,004,000","173,286,000","137,709,000","164,686,000","162,232,000","173,162,000","133,654,000","159,993,000","150,554,000","174,519,000","124,398,000","147,803,000","142,571,000","150,389,000","115,592,000","137,224,000","139,136,000","148,492,000","120,695,000","138,769,000","139,387,000","144,300,000","116,845,000","134,763,000","137,233,000","141,114,000","116,206,000","128,754,000","134,852,000","143,294,000","128,062,000","131,669,000","146,463,000","174,383,000","154,789,000","166,058,000","171,109,000","169,921,000","162,909,000","128,067,000","106,575,000","103,009,000","115,658,000","88,123,000","86,321,000","88,608,000","83,382,000","82,383,000","83,468,000","83,852,000","82,520,000","81,348,000","81,358,000","75,584,000","76,647,000","77,100,000","125,158,000","71,320,000","-67,962,000","119,187,000","112,859,000","66,897,000","-56,251,000","107,977,000","102,121,000","59,160,000",,,,,,,,,,,,,,,,,,,,,,,,,,,,,,,,,,,,,,,,,,,,,,,,,,,,,,,,,,
GrossProfit,"2,495,226,000","687,461,000","658,197,000","610,729,000","538,839,000","553,520,000","513,196,000","483,678,000","497,212,000","544,915,000","517,074,000","503,214,000","484,837,000","532,086,000","510,824,000","494,551,000","477,097,000","520,429,000","495,742,000","481,734,000","462,645,000","506,261,000","484,521,000","462,184,000","438,500,000","471,621,000","454,186,000","430,399,000","396,232,000","432,493,000","411,603,000","387,483,000","345,105,000","389,113,000","364,154,000","342,807,000","320,511,000","349,859,000","335,707,000","318,603,000","294,127,000","324,020,000","314,221,000","295,457,000","275,518,000","301,393,000","288,002,000","270,412,000","256,942,000","286,673,000","284,110,000","272,400,000","261,772,000","293,753,000","305,221,000","277,675,000","288,381,000","309,396,000","302,902,000","278,039,000","264,446,000","270,677,000","243,292,000","191,452,000","175,674,000","182,474,000","176,805,000","167,975,000","155,142,000","156,900,000","154,790,000","148,157,000","138,814,000","138,916,000","147,277,000","137,522,000","133,228,000","125,283,000","142,982,000","87,383,000","145,655,000","281,621,000","96,532,000","94,569,000","130,942,000","252,850,000","87,989,000","86,029,000","117,435,000",,,,,,,,,,,,,,,,,,,,,,,,,,,,,,,,,,,,,,,,,,,,,,,,,,,,,,,,,,
OperatingExpense,"814,682,000","227,547,000","220,234,000","200,468,000","166,433,000","161,959,000","159,621,000","157,912,000","156,964,000","155,193,000","146,141,000","142,123,000","141,444,000","149,816,000","151,945,000","151,106,000","149,499,000","140,651,000","135,631,000","125,169,000","135,957,000","131,889,000","131,572,000","125,334,000","128,175,000","125,763,000","129,655,000","127,461,000","131,306,000","129,792,000","128,951,000","121,820,000","128,010,000","125,618,000","114,187,000","105,022,000","109,254,000","105,306,000","105,195,000","100,947,000","103,343,000","101,296,000","105,051,000","101,779,000","102,777,000","101,066,000","101,558,000","94,960,000","94,905,000","94,766,000","94,562,000","91,995,000","94,846,000","110,129,000","100,910,000","128,556,000","137,402,000","89,600,000","174,440,000","189,066,000","195,662,000","260,443,000","149,773,000","55,601,000","56,828,000","56,486,000","53,538,000","54,389,000","53,117,000","40,400,000","49,902,000","49,617,000","52,654,000","51,924,000","50,683,000","50,743,000","50,170,000","47,923,000","49,335,000","0","47,997,000","189,099,000","0","0","45,206,000","174,059,000","0","0","39,079,000","412,010,000","-91,600,000","-89,300,000","-79,900,000","355,854,000","-78,600,000","-76,400,000","-84,300,000","282,540,000","-73,000,000","-60,300,000","-53,300,000","189,409,000","-41,000,000","-38,500,000","-36,400,000","139,520,000","-32,800,000","-27,100,000","-25,600,000","97,688,000","-21,300,000","-20,700,000","-19,900,000","-18,500,000","-18,300,000","-12,100,000","-11,500,000","-15,000,000","-9,100,000","-8,700,000","-6,700,000","-15,300,000","-4,700,000","-4,700,000","-4,500,000","-3,300,000","-3,100,000","-3,100,000","-1,800,000",,,,,,,,,,,,,,,,,,
	SellingGeneralAndAdministration,"81,321,000","15,615,000","25,392,000","24,037,000","16,277,000","15,587,000","17,957,000","14,723,000","16,907,000","17,467,000","14,326,000","12,256,000","16,003,000","25,541,000","25,458,000","29,003,000","27,839,000","17,917,000","19,593,000","11,982,000","20,402,000","16,920,000","19,082,000","15,279,000","18,795,000","14,903,000","20,519,000","17,390,000","19,987,000","15,069,000","13,419,000","12,199,000","15,300,000","10,994,000","13,571,000","11,698,000","15,237,000","1,590,000","15,298,000","12,414,000","16,405,000","11,466,000","14,116,000","12,593,000","14,235,000","9,419,000","8,910,000","10,081,000","10,077,000","9,203,000","8,654,000","8,199,000","9,679,000","5,841,000","8,879,000","33,173,000","14,916,000","10,352,000","11,416,000","21,465,000","16,516,000","34,665,000","36,242,000","6,975,000","6,779,000","4,225,000","5,621,000","6,128,000","5,141,000","2,830,000","5,527,000","4,572,000","5,884,000","3,806,000","4,642,000","4,429,000","4,250,000","3,346,000","3,968,000","4,305,000","4,000,000","4,489,000","5,965,000","5,000,000","5,584,000","7,249,000","5,436,000","5,576,000","3,045,000","3,091,000","4,000,000","2,600,000","2,000,000","1,772,000","2,700,000","2,200,000","2,300,000","1,184,000","1,900,000","1,700,000","1,600,000","924,000","1,500,000","1,700,000","1,400,000","1,382,000","900,000","600,000","1,100,000","531,000","700,000","600,000","700,000","700,000","700,000","300,000","300,000","400,000","400,000","300,000","200,000","-2,800,000","500,000","200,000","300,000","100,000","300,000","300,000","300,000",,,,,,,,,,,,,,,,,,
		GeneralAndAdministrativeExpense,"81,321,000","15,615,000","25,392,000","24,037,000","16,277,000","15,587,000","17,957,000","14,723,000","16,907,000","17,467,000","14,326,000","12,256,000","16,003,000","25,541,000","25,458,000","29,003,000","27,839,000","17,917,000","19,593,000","11,982,000","20,402,000","16,920,000","19,082,000","15,279,000","18,795,000","14,903,000","20,519,000","17,390,000","19,987,000","15,069,000","13,419,000","12,199,000","15,300,000","10,994,000","13,571,000","11,698,000","15,237,000","12,720,000",,,,,,,,,,,,,,,,,,,"14,916,000","10,352,000","11,416,000","21,465,000","16,516,000","34,665,000","36,242,000","6,975,000","6,779,000","4,225,000","5,621,000","6,128,000","5,141,000","2,830,000","5,527,000","4,572,000","5,884,000","3,806,000","4,642,000","4,429,000","4,250,000","3,346,000","3,968,000","4,305,000","4,000,000","4,489,000","5,965,000","5,000,000","5,584,000","7,249,000","5,436,000","5,576,000","3,045,000","3,091,000","4,000,000","2,600,000","2,000,000","1,772,000","2,700,000","2,200,000","2,300,000","1,184,000","1,900,000","1,700,000","1,600,000","924,000","1,500,000","1,700,000","1,400,000","1,382,000","900,000","600,000","1,100,000","531,000","700,000","600,000","700,000","700,000","700,000","300,000","300,000","400,000","400,000","300,000","200,000","-2,800,000","500,000","200,000","300,000","100,000","300,000","300,000","300,000",,,,,,,,,,,,,,,,,,
			SalariesAndWages,"37,760,000","5,191,000","10,596,000","12,825,000","8,528,000","-2,843,000","8,949,000","7,336,000","8,247,000","6,642,000","7,384,000","5,973,000","8,922,000","18,610,000","19,069,000","17,694,000","20,480,000","11,812,000","13,410,000","4,681,000","13,517,000","10,001,000","11,835,000","8,847,000","12,852,000","8,584,000","10,330,000","7,750,000","11,458,000","7,800,000","9,213,000","7,493,000","10,593,000","7,339,000","9,011,000","7,421,000","9,950,000",,,,,,,,,,,,,,,,,,,,"14,916,000","10,352,000","11,416,000","21,465,000","16,516,000","34,665,000","36,242,000","6,975,000","6,779,000","4,225,000","5,621,000","6,128,000","5,141,000","2,830,000","5,527,000","4,572,000","5,884,000","3,806,000","4,642,000","4,429,000","4,250,000","3,346,000","3,968,000","4,305,000","4,000,000","4,489,000","5,965,000","5,000,000","5,584,000","7,249,000","5,436,000","5,576,000","3,045,000","3,100,000","4,000,000","2,600,000","2,000,000","2,800,000","2,700,000","2,200,000","2,300,000","3,000,000","1,900,000","1,700,000","1,600,000","900,000","1,500,000","1,700,000","1,400,000","1,400,000","900,000","600,000","1,100,000","500,000","700,000","600,000","700,000","700,000","700,000","300,000","300,000","400,000","400,000","300,000","200,000","-2,800,000","500,000","200,000","300,000","100,000","300,000","300,000","300,000",,,,,,,,,,,,,,,,,,
			OtherGandA,"43,561,000","10,424,000","14,796,000","11,212,000","7,749,000","18,430,000","9,008,000","7,387,000","8,660,000","10,825,000","6,942,000","6,283,000","7,081,000","6,931,000","6,389,000","11,309,000","7,359,000","6,105,000","6,183,000","7,301,000","6,885,000","6,919,000","7,247,000","6,432,000","5,943,000","6,319,000","10,189,000","9,640,000","8,529,000","7,269,000","4,206,000","4,706,000","4,707,000","3,655,000","4,560,000","4,277,000","5,287,000","12,720,000",,,,,,,,,,,,,,,,,,,,,,,,,,,,,,,,,,,,,,,,,,,,,,,,,,,,,,,,,,,,,,,,,,,,,,,,,,,,,,,,,,,,,,,,,,,,,,,,,,,,,,,,,,,,,
		SellingAndMarketingExpense,,,,,,,,,,,,,,,,,,,,,,,,,,,,,,,,,,,,,,,,,,,,,,,,,,,,,,,"1,025,000",,,,,,,,,,,,,,,,,,,,,,,,,,,,,,,,,,,,,,,,,,,,,,,,,,,,,,,,,,,,,,,,,,,,,,,,,,,,,,,,,,,,,,,,,,,,
	ResearchAndDevelopment,"8,403,000","2,992,000","1,857,000","1,955,000","1,599,000","1,757,000","1,620,000","4,255,000","2,444,000","1,748,000","1,312,000","1,723,000","2,067,000","761,000","1,139,000","1,208,000","2,333,000","1,349,000","1,655,000","1,912,000","3,277,000","2,421,000","2,211,000","2,275,000","2,814,000","3,061,000","1,933,000","2,184,000","2,828,000","2,735,000","3,372,000","2,184,000","2,323,000","4,387,000","3,077,000","1,276,000","1,735,000",,,,,,,,,,,,,,,,,,,,,,,,,,,,,,,,,,,,,,,,,,,,,,,,,,,,,,,,,,,,,,,,,,,,,,,,,,,,,,,,,,,,,,,,,,,,,,,,,,,,,,,,,,,,,,
	DepreciationAmortizationDepletionIncomeStatement,"713,428,000","205,289,000","188,552,000","172,728,000","146,859,000","141,406,000","138,333,000","137,618,000","135,900,000","134,885,000","129,233,000","126,859,000","121,941,000","121,374,000","124,516,000","119,777,000","117,979,000","120,100,000","113,320,000","110,177,000","110,929,000","111,741,000","109,432,000","107,013,000","105,128,000","106,307,000","106,082,000","106,473,000","107,146,000","110,573,000","111,077,000","106,443,000","109,021,000","108,927,000","96,537,000","90,937,000","91,001,000","92,586,000","89,897,000","88,533,000","86,938,000","89,830,000","90,935,000","89,186,000","88,542,000","91,647,000","92,648,000","84,879,000","84,828,000","85,563,000","85,908,000","83,796,000","85,167,000","104,288,000","92,031,000","95,383,000","122,486,000","130,685,000","147,767,000","167,601,000","176,481,000","225,778,000","113,531,000","48,626,000","50,049,000","52,261,000","47,917,000","48,261,000","47,976,000","47,633,000","44,375,000","45,045,000","46,770,000","48,118,000","46,041,000","46,314,000","45,920,000","44,577,000","45,367,000",,"43,997,000","44,415,000",,,"39,622,000","39,458,000",,,"36,034,000",,,,,,,,,,,,,,,,,,,,,,,,,,,,,,,,,,,,,,,,,,,,,,,,,,,,,,,,,,
		DepreciationAndAmortizationInIncomeStatement,"713,428,000","205,289,000","188,552,000","172,728,000","146,859,000","141,406,000","138,333,000","137,618,000","135,900,000","134,885,000","129,233,000","126,859,000","121,941,000","121,374,000","124,516,000","119,777,000","117,979,000","120,100,000","113,320,000","110,177,000","110,929,000","111,741,000","109,432,000","107,013,000","105,128,000","106,307,000","106,082,000","106,473,000","107,146,000","110,573,000","111,077,000","106,443,000","109,021,000","108,927,000","96,537,000","90,937,000","91,001,000","92,586,000","89,897,000","88,533,000","86,938,000","89,830,000","90,935,000","89,186,000","88,542,000","91,647,000","92,648,000","84,879,000","84,828,000","85,563,000","85,908,000","83,796,000","85,167,000","104,288,000","92,031,000","95,383,000","122,486,000","130,685,000","147,767,000","167,601,000","176,481,000","225,778,000","113,531,000","48,626,000","50,049,000","52,261,000","47,917,000","48,261,000","47,976,000","47,633,000","44,375,000","45,045,000","46,770,000","48,118,000","46,041,000","46,314,000","45,920,000","44,577,000","45,367,000",,"43,997,000",,,,"39,622,000",,,,"36,034,000",,,,,,,,,,,,,,,,,,,,,,,,,,,,,,,,,,,,,,,,,,,,,,,,,,,,,,,,,,
	OtherTaxes,"11,530,000","3,651,000","4,433,000","1,748,000","1,698,000","3,209,000","1,711,000","1,316,000","1,713,000","1,093,000","1,270,000","1,285,000","1,433,000","2,140,000","832,000","1,118,000","1,348,000","1,285,000","1,063,000","1,098,000","1,349,000","807,000","847,000","767,000","1,438,000","1,492,000","1,121,000","1,414,000","1,345,000","1,415,000","1,083,000","994,000","1,366,000","1,310,000","1,002,000","1,111,000","1,281,000",,,,,,,,,,,,,,,,,,,,,"-295,826,000",,"-360,175,000","-363,680,000","-423,180,000","-278,012,000","-162,176,000","-159,837,000","-173,865,000","-141,857,000","-140,710,000","-141,725,000","-133,845,000","-132,285,000","-133,085,000","-136,506,000","-134,444,000","-132,031,000","-132,101,000","-125,754,000","-124,570,000","-126,435,000","-125,158,000","-119,317,000","-121,137,000","-119,187,000","-112,859,000","-112,103,000","-114,022,000","-107,977,000","-102,121,000","-98,239,000","-98,000,000","-95,600,000","-91,900,000","-81,900,000","-83,700,000","-81,300,000","-78,600,000","-86,600,000","-83,700,000","-74,900,000","-62,000,000","-54,900,000","-49,700,000","-42,500,000","-40,200,000","-37,800,000","-38,400,000","-33,700,000","-27,700,000","-26,700,000","-24,800,000","-22,000,000","-21,300,000","-20,600,000","-19,200,000","-19,000,000","-12,400,000","-11,800,000","-15,400,000","-9,500,000","-9,000,000","-6,900,000","-12,500,000","-5,200,000","-4,900,000","-4,800,000","-3,400,000","-3,400,000","-3,400,000","-2,100,000",,,,,,,,,,,,,,,,,,
	OtherOperatingExpenses,,,,,,,,,,,,,,,,,,,,,,,,,,,,,,,,,,,,,,,,,,,,,,,,,,,,,,,"7,992,000",,,"244,389,000","15,257,000","360,175,000","366,345,000","423,180,000","278,012,000","162,176,000","159,837,000","173,865,000","141,857,000","140,710,000","141,725,000","123,782,000","132,285,000","133,085,000","136,506,000","134,444,000","132,031,000","132,101,000","125,754,000","124,570,000","126,435,000","120,853,000","119,317,000","261,332,000","113,222,000","107,859,000","112,103,000","241,374,000","102,541,000","96,545,000","98,239,000",,,,,,,,,,,,,,,,,,,,,,,,,,,,,,,,,,,,,,,,,,,,,,,,,,,,,,,,,,
OperatingIncome,"1,680,544,000","459,914,000","437,963,000","410,261,000","372,406,000","391,561,000","353,575,000","325,766,000","340,248,000","389,722,000","370,933,000","361,091,000","343,393,000","382,270,000","358,879,000","343,445,000","327,598,000","379,778,000","360,111,000","356,565,000","326,688,000","374,372,000","352,949,000","336,850,000","310,325,000","345,858,000","324,531,000","302,938,000","264,926,000","302,701,000","282,652,000","265,663,000","217,095,000","263,495,000","249,967,000","237,785,000","211,257,000","244,553,000","230,512,000","217,656,000","190,784,000","222,724,000","209,170,000","193,678,000","172,741,000","200,327,000","186,444,000","175,452,000","162,037,000","191,907,000","189,548,000","180,405,000","166,926,000","183,624,000","204,311,000","149,119,000","150,979,000","219,796,000","128,462,000","88,973,000","68,784,000","10,234,000","93,519,000","135,851,000","118,846,000","125,988,000","123,267,000","113,586,000","102,025,000","116,500,000","104,888,000","98,540,000","86,160,000","86,992,000","96,594,000","86,779,000","83,058,000","77,360,000","93,647,000","87,383,000","97,658,000","92,522,000","96,532,000","94,569,000","85,736,000","78,791,000","87,989,000","86,029,000","78,356,000","-451,292,000","270,600,000","261,600,000","228,200,000","-421,184,000","228,600,000","217,500,000","227,000,000","-150,189,000","199,400,000","171,000,000","154,600,000","-95,462,000","128,400,000","121,200,000","111,400,000","-147,669,000","89,700,000","75,000,000","68,800,000","-109,408,000","58,800,000","56,300,000","52,800,000","49,400,000","48,600,000","34,000,000","30,300,000","38,100,000","26,400,000","24,100,000","19,100,000","34,200,000","15,600,000","15,000,000","14,400,000","11,900,000","11,800,000","11,100,000","9,500,000","16,000,000","7,000,000","7,000,000","7,200,000","17,300,000","7,500,000","7,400,000","7,400,000","16,300,000","7,100,000","7,100,000","7,100,000","18,300,000","6,000,000","5,500,000","5,400,000","11,400,000","5,200,000"
NetNonOperatingInterestIncomeExpense,"-78,468,000","-26,809,000","-20,380,000","-18,881,000","-12,398,000","-11,436,000","-7,068,000","-8,314,000","-7,142,000","-6,217,000","-6,135,000","-3,672,000","-1,135,000","-350,000","-1,080,000","-2,072,000","-2,556,000","-2,098,000","2,180,000","3,039,000","2,998,000","2,624,000","2,450,000","2,628,000","3,136,000","4,425,000","3,659,000","934,000","672,000","775,000","-489,000","-1,063,000","-1,078,000","4,050,000","5,130,000","4,869,000","2,084,000","949,000","518,000","-5,067,000","-5,334,000","-5,443,000","-5,862,000","-5,933,000","-6,984,000","-7,770,000","-7,838,000","-7,278,000","877,000","22,602,000","-7,289,000","228,000","-495,000","-8,757,000","-9,099,000","-9,601,000",,,,,,,,,,,,,,,,,,,,,,,,,,,,,,,,,,,,,,,,,,,,,,,,,,,,,,,,,,,,,,,,,,,,,,,,,,,,,,,,,,,,,,,,,,,
	InterestIncomeNonOperating,"12,306,000","2,985,000","3,356,000","3,113,000","2,852,000","2,799,000","7,214,000","5,831,000","6,479,000","6,424,000","6,465,000","8,582,000","6,965,000","7,550,000","7,020,000","6,328,000","5,544,000","6,049,000","4,569,000","4,155,000","3,998,000","3,524,000","3,750,000","4,028,000","3,836,000","5,035,000","3,659,000","934,000","672,000","775,000","749,000","1,000,000","2,402,000","5,872,000","5,608,000","5,516,000","5,581,000","5,435,000","5,444,000",,,,,,,,,,"8,216,000",,,"7,516,000","7,633,000",,,,,,,,,,,,,,,,,,,,,,,,,,,,,,,,,,,,,,,,,,,,,,,,,,,,,,,,,,,,,,,,,,,,,,,,,,,,,,,,,,,,,,,,,,,,,,
	InterestExpenseNonOperating,"90,774,000","29,794,000","23,736,000","21,994,000","15,250,000","14,235,000","14,282,000","14,145,000","13,621,000","12,641,000","12,600,000","12,254,000","8,100,000","7,900,000","8,100,000","8,400,000","8,100,000","8,147,000","2,389,000","1,116,000","1,000,000","900,000","1,300,000","1,400,000","700,000","610,000","0","0","0","0","1,238,000","2,063,000","3,480,000","1,822,000","478,000","647,000","3,497,000","4,486,000","4,926,000","5,067,000","5,334,000","5,443,000","5,862,000","5,933,000","6,984,000","7,770,000","7,838,000","7,278,000","7,339,000","7,211,000","7,289,000","7,288,000","8,128,000","8,757,000","9,099,000","9,601,000",,,,,,,,,,,,,,,,,,,,,,,,,,,,,,,,,,,,,,,,,,,,,,,,,,,,,,,,,,,,,,,,,,,,,,,,,,,,,,,,,,,,,,,,,,,
OtherIncomeExpense,"357,563,000","188,914,000","74,045,000","20,350,000","74,254,000","-27,693,000","-20,660,000","-1,640,000","34,030,000","3,598,000","34,619,000","14,037,000","25,463,000","206,039,000","21,784,000","63,907,000","19,401,000","13,273,000","-4,017,000","-4,397,000","14,383,000","38,685,000","13,572,000","18,859,000","3,899,000","14,976,000","12,946,000","24,168,000","17,656,000","44,950,000","12,814,000","13,679,000","12,256,000","30,432,000","30,531,000","19,025,000","-1,094,000","26,590,000","21,854,000","-13,798,000","21,272,000","1,857,000","-10,187,000","23,196,000","45,166,000","-4,209,000","64,498,000","-41,974,000","-25,557,000","4,103,000","60,826,000","40,603,000","-5,086,000","-62,666,000","6,318,000","4,538,000",,"-2,448,000",,"2,238,000","6,642,000","955,000","756,000","3,590,000","3,466,000","3,188,000","-142,000","4,851,000","5,678,000","-11,282,000","1,286,000","4,405,000","4,057,000",,,"8,999,000","4,687,000",,"7,483,000","-1,839,000","2,241,000","2,523,000",,,"1,568,000",,,,,,,,,,,,,,,,,,,,,,,,,,,,,,,,,"0","700,000",,,,,,,"0",,,"1,100,000",,,,,,,,,,,,,,,,,,
	GainOnSaleOfSecurity,"125,470,000","38,203,000","41,185,000","-8,716,000","54,798,000","-45,327,000","-41,900,000","-19,295,000","10,062,000","-10,318,000","15,574,000","-4,877,000","7,791,000","41,457,000","4,013,000","21,944,000","-11,394,000","-5,147,000","-13,446,000","-24,465,000","-5,566,000","23,557,000","-3,665,000","8,632,000","-10,265,000","306,000","343,000","16,688,000","1,472,000","-12,000","-1,752,000","-456,000","-2,348,000","11,866,000","16,262,000","5,924,000","-12,737,000","8,876,000","193,000",,"12,157,000","-20,782,000",,,"31,252,000",,,,,"-6,125,000","21,429,000",,,,,,,"217,000",,"2,238,000","3,977,000","955,000","756,000","3,124,000","3,466,000","3,188,000","-142,000","4,851,000","5,678,000","-1,219,000","1,286,000","4,405,000","4,057,000",,,"8,999,000","4,687,000",,"7,483,000","-1,839,000","2,241,000","2,523,000",,,"1,568,000",,,,,,,,,,,,,,,,,,,,,,,,,,,,,,,,,"0","700,000",,,,,,,"0",,,"1,100,000",,,,,,,,,,,,,,,,,,
	EarningsFromEquityInterest,"232,093,000","150,711,000","32,860,000","29,066,000","19,456,000","17,634,000","21,240,000","17,655,000","23,968,000","13,916,000","19,045,000","18,914,000","17,672,000","12,966,000","17,771,000","41,963,000","30,795,000","18,420,000","17,218,000","20,068,000","19,949,000","15,128,000","17,237,000","10,227,000","14,164,000","14,670,000","12,603,000","7,480,000","16,184,000","44,962,000","14,566,000","14,135,000","14,604,000","18,566,000","14,269,000","13,101,000","11,643,000","15,233,000","12,642,000","8,596,000","9,115,000","16,949,000","15,269,000","12,770,000","13,716,000","10,956,000","9,043,000","8,788,000","9,961,000","14,342,000","39,397,000","7,398,000","22,811,000","-31,984,000","6,318,000","4,632,000",,,,,,,,,,,,,,,,,,,,,,,,,,,,,,,,,,,,,,,,,,,,,,,,,,,,,,,,,,,,,,,,,,,,,,,,,,,,,,,,,,,,,,,,,,,
	SpecialIncomeCharges,,,,,,,,,,,,,,"0","0",,,"0","-7,789,000",,,,,,,,,,,,,,,,,,,"2,481,000","9,019,000","-22,394,000","12,157,000","-15,092,000","-25,456,000","10,426,000","31,450,000","-15,165,000","55,455,000","-50,762,000","-35,518,000",,,"33,205,000","-27,897,000","-30,682,000","0","-94,000",,,,,"2,665,000",,,"466,000",,,,,,,,,,,,,,,,,,,,,,,,,,,,,,,,,,,,,,,,,,,,,,,,,,,,,,,,,,,,,,,,,,,,,,,,,,,,,,,,,,,
		ImpairmentOfCapitalAssets,,,,,,,,,,,,,,,,,,,,,,,,,,,,,,,,,,,,,,"0","0",,,"0","2,186,000","0","0","383,000",,"1,338,000","1,008,000",,,,,,,,,,,,,,,,,,,,,,,,,,,,,,,,,,,,,,,,,,,,,,,,,,,,,,,,,,,,,,,,,,,,,,,,,,,,,,,,,,,,,,,,,,,,,,,,,,
		OtherSpecialCharges,,,,,,,,,,,,,,,,,,"0","7,789,000",,,,,,,,,,,,,,,,,,,,"-9,019,000","23,657,000","-12,157,000","15,092,000","23,270,000","-10,496,000","-31,252,000","14,782,000",,"49,487,000","34,843,000",,,,"30,619,000",,,"2,000",,,,,,,,,,,,,,,,,,,,,,,,,,,,,,,,,,,,,,,,,,,,,,,,,,,,,,,,,,,,,,,,,,,,,,,,,,,,,,,,,,,,,,,,,,,
		GainOnSaleOfBusiness,,,,,,,,,,,,,,,,,,,,,,,,,,,,,,,,,,,,,,,,,,,,,,,,,,,,,"0","2,820,000","0","-92,000",,,,,,,,,,,,,,,,,,,,,,,,,,,,,,,,,,,,,,,,,,,,,,,,,,,,,,,,,,,,,,,,,,,,,,,,,,,,,,,,,,,,,,,,,,,
		GainOnSaleOfPPE,,,,,,,,,,,,,,,,,,,,,,,,,,,,,,,,,,,,,,,,"1,263,000","0",,,"-70,000","198,000",,,"63,000","333,000",,,,"2,722,000",,,,,,,,,,,"466,000",,,,,,,,,,,,,,,,,,,,,,,,,,,,,,,,,,,,,,,,,,,,,,,,,,,,,,,,,,,,,,,,,,,,,,,,,,,,,,,,,,,
	OtherNonOperatingIncomeExpenses,,,,,,,,,,,,,,"151,616,000",,,,,,,,,,,,,,,,,,,,,,,,,,,,,,,,,,,,,,,,,,,,,,,,,,,,,,,,,,,,,,,,,,,,,,,,,,,,,,,,,,,,,,,,,,,,,,,,,,,,,,,,,,,,,,,,,,,,,,,,,,,,,,,,,,,,,
PretaxIncome,"1,959,639,000","622,019,000","491,628,000","411,730,000","434,262,000","352,432,000","325,847,000","315,812,000","367,136,000","387,103,000","399,417,000","371,456,000","367,721,000","587,959,000","379,583,000","405,280,000","344,443,000","390,953,000","358,274,000","355,207,000","344,069,000","415,681,000","368,971,000","358,337,000","317,360,000","365,259,000","341,136,000","328,040,000","283,254,000","348,426,000","294,977,000","278,279,000","228,273,000","297,977,000","285,628,000","261,679,000","212,247,000","272,092,000","252,884,000","198,791,000","206,722,000","219,138,000","193,121,000",,"210,923,000",,,,,,,,,,,,,,,,,,,,,,,,,,,,,,,,,,,,,,,,,,,,,,,,,,,,,,,,,,,,,,,,,,,,,,,,,,,,,,,,,,,,,,,,,,,,,,,,,,,,,,
NetIncomeCommonStockholders,"1,732,444,000","558,058,000","442,327,000","346,249,000","385,810,000","292,166,000","246,916,000","246,119,000","313,134,000","327,251,000","337,362,000","306,411,000","301,743,000","530,102,000","322,679,000","348,300,000","287,819,000","334,080,000","279,717,000","276,681,000","281,131,000","352,812,000","308,957,000","280,775,000","241,335,000","303,003,000","273,508,000","263,926,000","212,613,000","283,957,000","231,815,000","218,352,000","174,052,000","243,749,000","231,361,000","207,685,000","161,936,000","209,543,000","202,465,000","132,343,000","125,343,000","164,223,000","117,950,000","131,515,000","148,059,000","121,397,000","182,206,000","60,837,000","34,738,000","117,491,000","173,493,000","135,487,000","159,495,000","121,688,000","71,642,000","68,124,000","446,653,000","102,198,000","87,077,000","14,433,000","-4,354,000","-80,401,000","-6,083,000","71,130,000","62,245,000","65,651,000","79,262,000","60,763,000","48,719,000","59,335,000","48,597,000","48,204,000","21,927,000","38,590,000","49,179,000","43,222,000","34,242,000","24,617,000","40,048,000","37,406,000","46,240,000","46,350,000","49,554,000","47,723,000","43,147,000","46,092,000","47,959,000","46,592,000","45,265,000","-19,108,000","76,800,000","73,700,000","61,800,000","-19,156,000","62,300,000","57,200,000","48,400,000","25,256,000","28,200,000","44,300,000","42,300,000","24,650,000","23,300,000","19,800,000","17,100,000","12,062,000","12,200,000","16,600,000","13,200,000","-4,628,000","10,900,000","10,200,000","8,700,000","8,200,000","7,900,000","6,900,000","5,000,000","4,300,000","4,400,000","3,500,000","3,000,000","3,100,000","3,200,000","2,900,000","2,800,000","2,900,000","3,100,000","2,500,000","3,600,000","3,600,000","2,600,000","2,400,000","2,500,000","2,900,000","2,900,000","2,900,000","2,900,000","2,500,000","2,600,000","2,700,000","2,800,000","900,000","3,000,000","2,800,000","3,300,000","2,100,000","2,300,000"
	NetIncome,"1,953,263,000","619,710,000","490,091,000","410,426,000","433,036,000","351,267,000","324,867,000","314,923,000","366,156,000","386,015,000","397,942,000","370,056,000","366,521,000","586,205,000","378,027,000","403,802,000","342,997,000","389,399,000","356,674,000","353,702,000","342,442,000","413,739,000","367,305,000","356,659,000","315,873,000","363,490,000","339,568,000","326,405,000","281,781,000","346,715,000","293,459,000","276,834,000","227,196,000","296,569,000","284,198,000","260,463,000","211,223,000","271,371,000","263,892,000","198,143,000","205,852,000","220,151,000","191,139,000","206,444,000","206,108,000","183,685,000","239,354,000","125,038,000","123,961,000","181,138,000","237,309,000","199,172,000","217,002,000","151,690,000","137,331,000","133,813,000","512,342,000","167,887,000","152,766,000","77,104,000","59,778,000","-10,233,000","81,181,000","128,862,000","114,216,000","123,372,000","128,344,000","108,266,000","96,411,000","107,271,000","97,515,000","92,360,000","69,067,000","85,970,000","89,747,000","84,297,000","76,639,000","67,214,000","83,351,000","80,718,000","87,455,000","84,196,000","83,604,000","81,773,000","74,635,000","74,572,000","75,652,000","74,303,000","72,561,000","75,685,000","76,800,000","73,700,000","61,800,000","59,219,000","62,300,000","57,200,000","48,400,000","45,549,000","46,500,000","44,300,000","42,300,000","43,149,000","40,400,000","37,700,000","32,300,000","21,186,000","19,500,000","16,600,000","13,200,000","12,218,000","10,900,000","10,200,000","8,700,000","8,200,000","7,900,000","6,900,000","5,000,000","4,300,000","4,400,000","3,500,000","3,000,000","3,100,000","3,200,000","2,900,000","2,800,000","2,900,000","3,100,000","2,500,000","3,600,000","3,600,000","2,600,000","2,400,000","2,500,000","2,900,000","2,900,000","2,900,000","2,900,000","2,500,000","2,600,000","2,700,000","2,800,000","900,000","3,000,000","2,800,000","3,300,000","2,100,000","2,300,000"
		NetIncomeIncludingNoncontrollingInterests,"1,959,639,000","622,019,000","491,628,000","411,730,000","434,262,000","352,432,000","325,847,000","315,812,000","367,136,000","387,097,000","399,420,000","371,456,000","367,678,000","587,906,000","379,589,000","405,292,000","344,436,000","390,963,000","358,274,000","355,207,000","344,021,000","415,681,000","369,050,000","358,359,000","317,349,000","365,259,000","341,136,000","328,040,000","283,254,000","348,426,000","294,977,000","278,279,000","228,273,000","297,977,000","285,628,000","261,679,000","212,247,000","272,563,000","264,819,000","198,931,000","206,722,000","220,437,000","194,513,000","210,941,000","210,568,000","189,210,000","245,811,000","131,176,000","129,917,000","187,689,000","243,951,000","205,387,000","153,429,000","123,338,000","147,942,000","143,955,000","519,941,000","175,819,000","161,070,000","84,628,000","65,561,000","46,127,000","72,591,000","120,134,000","107,057,000","182,378,000","121,101,000","116,734,000","85,767,000","197,082,000","87,994,000","82,603,000","89,687,000","97,091,000","100,891,000","95,067,000","87,307,000","77,838,000","94,859,000","91,331,000","98,797,000","94,841,000","95,604,000","93,445,000","86,333,000","86,363,000","87,363,000","84,768,000","76,950,000","103,791,000","72,300,000","69,400,000","58,400,000","95,609,000","56,700,000","52,700,000","42,000,000","64,933,000","43,800,000","41,700,000","39,900,000","59,812,000","37,900,000","35,200,000","30,000,000","33,723,000","17,800,000","14,700,000","11,400,000","29,499,000","7,900,000","7,500,000","6,700,000","6,200,000","5,800,000","5,700,000","4,200,000","2,700,000","3,200,000","2,900,000","2,500,000","2,000,000","2,700,000","2,600,000","2,500,000","2,500,000","2,800,000","2,400,000","3,600,000","3,600,000","2,600,000","2,400,000","2,500,000","2,900,000","2,900,000","2,900,000","2,900,000","2,500,000","2,600,000","2,700,000","2,800,000","900,000","3,000,000","2,800,000","3,300,000","2,100,000","2,300,000"
			NetIncomeContinuousOperations,"1,959,639,000","622,019,000","491,628,000","411,730,000","434,262,000","352,432,000","325,847,000","315,812,000","367,136,000","387,097,000","399,420,000","371,456,000","367,721,000","587,906,000","379,589,000","405,292,000","344,436,000","390,963,000","358,274,000","355,207,000","344,021,000","415,681,000","369,050,000","358,359,000","317,349,000","365,259,000","341,136,000","328,040,000","283,254,000","348,426,000","294,977,000","278,279,000","228,273,000","297,977,000","285,628,000","261,679,000","212,247,000","272,092,000","252,884,000","198,791,000","206,722,000","219,138,000","193,121,000","210,941,000","210,923,000","189,210,000","243,104,000","126,766,000","129,141,000","188,799,000","243,085,000","213,720,000","153,712,000","151,824,000","138,246,000","133,914,000","512,458,000","164,641,000","154,175,000","77,086,000","59,778,000","-9,438,000","78,840,000","128,375,000","113,596,000","123,372,000","123,068,000","108,175,000","95,396,000","106,711,000","98,587,000","93,188,000","69,497,000","100,118,000","90,924,000","84,636,000","76,624,000","86,559,000","88,653,000","82,557,000","51,615,000","51,725,000","54,868,000","53,037,000","46,599,000","49,544,000","50,625,000","49,258,000","47,523,000","-19,108,000","76,800,000","73,700,000","61,800,000","-19,156,000","62,300,000","57,200,000","48,400,000","-42,844,000","46,500,000","44,300,000","42,300,000","-25,450,000","40,400,000","37,700,000","32,300,000","-9,938,000","19,500,000","16,600,000","13,200,000","-4,628,000","10,900,000","10,200,000","8,700,000","8,200,000","7,900,000","6,900,000","5,000,000","4,300,000","4,400,000","3,500,000","3,000,000","3,100,000","3,200,000","2,900,000","2,800,000","2,900,000","3,100,000","2,500,000","3,600,000","4,000,000","2,600,000","2,400,000","2,500,000","2,900,000","2,900,000","2,900,000","2,900,000","2,500,000","2,600,000","2,700,000","2,800,000","900,000","3,000,000","2,800,000","3,300,000","2,100,000","2,300,000"
			NetIncomeDiscontinuousOperations,,,,,,,,,,,,,,,,,,,,,,,,,,,,,,,,,,"0","0","0","0","471,000","11,935,000","140,000","0","1,299,000","1,392,000","0","-355,000","0","2,707,000","4,410,000","776,000","-1,110,000","866,000","-8,333,000","-283,000","-134,000","-915,000","-101,000","-116,000","3,246,000","-1,409,000","18,000","0","-795,000","2,341,000","21,000","42,000","0","5,276,000","38,000","1,015,000","560,000","-1,072,000","-828,000","-430,000","4,389,000","-1,224,000","-1,085,000","1,000","-4,444,000","-5,302,000",,,,,,,,,,,,,,,,,,,,,,,,,,,,,,,,,,,,,,,,,,,,,,,,,,,,,,,,,,,,,,,,,,,,
			NetIncomeExtraordinary,,,,,,,,,,,,,,,,,,,,,,,,,,,,,,,,,,,,,,,,,,,,,,,,,,,,,,,,,,"0","0","0","0","0","0","0","578,000",,,,,,,,,,,,,,,,,,,,,,,,,,,,,,,,,,,,,,,,,,,,,,,,,,,,,,,,,,,,,,,,,,,,,,,,,,,,,,,,,,
			NetIncomeFromTaxLossCarryforward,,,,,,,,,,,,,,,,,,,,,,,,,,,,,,,,,,,,,,,,,,,,,,,,,,,,,,,,,,,,,,,,"466,000",,,,"53,000",,,,,,,"47,000","746,000","14,000","-702,000",,,,,,,,,,,,,,,,,,,,,,,,,,,,,,,,,,,,,,,,,,,,,,,,,,,,,,,,,,,,,,,,,,,,,
		MinorityInterests,"-6,376,000","-2,309,000","-1,537,000","-1,304,000","-1,226,000","-1,165,000","-980,000","-889,000","-980,000","-1,082,000","-1,478,000","-1,400,000","-1,157,000","-1,701,000","-1,562,000","-1,490,000","-1,439,000","-1,564,000","-1,600,000","-1,505,000","-1,579,000","-1,942,000","-1,745,000","-1,700,000","-1,476,000","-1,769,000","-1,568,000","-1,635,000","-1,473,000","-1,711,000","-1,518,000","-1,445,000","-1,077,000","-1,408,000","-1,430,000","-1,216,000","-1,024,000","-1,192,000","-927,000","-788,000","-870,000","-286,000","-3,374,000","-4,497,000","-4,460,000","-5,525,000","-6,457,000","-6,138,000","-5,956,000","-6,551,000","-6,642,000","-6,215,000","63,573,000",,"-10,611,000","-10,142,000","-7,599,000","-7,932,000","-8,304,000","-7,524,000","-5,783,000","-56,360,000","8,590,000","8,728,000","7,159,000","-59,006,000","7,243,000","-8,468,000","10,644,000","-89,811,000","9,521,000","9,757,000","-20,620,000","-11,121,000","-11,144,000","-10,770,000","-10,668,000","-10,624,000","-11,508,000","-10,613,000","-11,342,000","-10,645,000","-12,000,000","-11,672,000","-11,698,000","-11,791,000","-11,711,000","-10,465,000","-4,389,000","-28,106,000","4,500,000","4,300,000","3,400,000","-36,390,000","5,600,000","4,500,000","6,400,000","-19,384,000","2,700,000","2,600,000","2,400,000","-16,663,000","2,500,000","2,500,000","2,300,000","-12,537,000","1,700,000","1,900,000","1,800,000","-17,281,000","3,000,000","2,700,000","2,000,000","2,000,000","2,100,000","1,200,000","800,000","1,600,000","1,200,000","600,000","500,000","1,100,000","500,000","300,000","300,000","400,000","300,000","100,000",,,,,,,,,,,,,,,,,,,
	PreferredStockDividends,"186,579,000","48,079,000","46,237,000","46,183,000","46,080,000","48,219,000","53,892,000","52,952,000","52,005,000","51,614,000","50,028,000","53,525,000","55,012,000","54,078,000","54,080,000","54,077,000","54,081,000","54,078,000","61,055,000","61,281,000","60,121,000","59,548,000","57,178,000","59,216,000","62,272,000","59,031,000","61,062,000","61,449,000","63,555,000","61,694,000","60,763,000","57,672,000","52,507,000","51,908,000","51,907,000","51,907,000","48,590,000","-2,495,000","61,427,000","65,800,000","80,509,000","55,928,000","73,189,000","74,929,000","58,049,000","62,288,000","57,148,000","64,201,000","89,223,000","63,647,000","63,816,000","63,685,000","57,507,000",,,"-65,689,000","-60,333,000","65,689,000","65,689,000","-57,315,000","58,776,000","64,812,000","81,908,000","52,376,000","46,615,000","52,365,000","43,726,000","42,147,000","42,317,000","42,561,000","43,543,000","38,780,000","41,765,000","42,005,000","35,193,000","35,699,000","37,022,000","37,222,000","37,928,000","37,936,000","35,840,000","32,471,000","28,736,000","28,736,000","28,036,000","25,028,000","25,027,000","25,045,000","25,038,000",,,,,,,,,"20,293,000","18,300,000",,,"18,499,000","17,100,000","17,900,000","15,200,000","9,124,000","7,300,000",,,,,,,,,,,,,,,,,,,,,,,,,,,,,,,,,,,,,,,,
	OtherunderPreferredStockDividend,"34,240,000","13,573,000","1,527,000","17,994,000","1,146,000","10,882,000","24,059,000","15,852,000","1,017,000","7,150,000","10,552,000","10,120,000","9,766,000","2,025,000","1,268,000","1,425,000","1,097,000","1,241,000","15,902,000","15,740,000","1,190,000","1,379,000","1,170,000","16,668,000","12,266,000","1,456,000","4,998,000","1,030,000","5,613,000","1,064,000","881,000","810,000","637,000","912,000","930,000","871,000","697,000","12,859,000",,,,,,,,,,,,,,,,,"65,689,000","131,378,000","126,022,000",,,"119,986,000","5,356,000","5,356,000","5,356,000","5,356,000","5,356,000","5,356,000","5,356,000","5,356,000","5,375,000","5,375,000","5,375,000","5,376,000","5,375,000","5,375,000","5,375,000","5,376,000","5,375,000","5,375,000","5,375,000","5,376,000","5,375,000","5,375,000","5,314,000","5,314,000","3,452,000","3,452,000","2,666,000","2,666,000","2,258,000",,,,,,,,,,,,,,,,,,,,,,,,,,,,,,,,,,,,,,,,,,,,,,,,,,,,,,,,,,
DilutedNIAvailtoComStockholders,"1,732,444,000","558,058,000","442,327,000","346,249,000","385,810,000","292,166,000","246,916,000","246,119,000","313,134,000","327,251,000","337,362,000","306,411,000","301,743,000","530,102,000","322,679,000","348,300,000","287,819,000","334,080,000","279,717,000","276,681,000","281,131,000","352,812,000","308,957,000","280,775,000","241,335,000","303,003,000","273,508,000","263,926,000","212,613,000","283,957,000","231,815,000","218,352,000","174,052,000","243,749,000","231,361,000","207,685,000","161,936,000","209,543,000","202,465,000","132,343,000","125,343,000","164,223,000","117,950,000","131,515,000","148,059,000","121,397,000","182,206,000","60,837,000","34,738,000","117,491,000","173,493,000","135,487,000","159,495,000","121,688,000","71,642,000","68,124,000","446,653,000","102,198,000","87,077,000","14,433,000","-4,354,000","-80,401,000","-6,083,000","71,130,000","62,245,000","65,651,000","79,262,000","60,763,000","48,719,000","59,335,000","48,597,000","48,204,000","21,927,000","38,590,000","49,179,000","43,222,000","34,242,000","24,617,000","40,048,000","37,406,000","46,240,000","46,350,000","49,554,000","47,723,000","43,147,000","46,092,000","47,959,000","46,592,000","45,265,000","-19,108,000","76,800,000","73,700,000","61,800,000","-19,156,000","62,300,000","57,200,000","48,400,000","25,256,000","28,200,000","44,300,000","42,300,000","24,650,000","23,300,000","19,800,000","17,100,000","12,062,000","12,200,000","16,600,000","13,200,000","-4,628,000","10,900,000","10,200,000","8,700,000","8,200,000","7,900,000","6,900,000","5,000,000","4,300,000","4,400,000","3,500,000","3,000,000","3,100,000","3,200,000","2,900,000","2,800,000","2,900,000","3,100,000","2,500,000","3,600,000","3,600,000","2,600,000","2,400,000","2,500,000","2,900,000","2,900,000","2,900,000","2,900,000","2,500,000","2,600,000","2,700,000","2,800,000","900,000","3,000,000","2,800,000","3,300,000","2,100,000","2,300,000"
BasicEPS,,"3.19","2.53","1.98","2.21","1.67","1.41","1.41","1.8","1.88","1.94","1.76","1.73","3.05","1.85","2","1.66","1.92","1.61","1.59","1.62","2.04","1.78","1.62","1.4","1.75","1.58","1.53","1.23","1.65","1.34","1.27","1.01","1.42","1.35","1.21","0.94","1.23","1.19","0.78","0.74","0.97","0.69","0.78","0.87",,"1.08","0.36","0.21",,"1.03","0.8","0.95",,"0.43","0.41","2.65",,"0.51","0.09","-0.03",,"-0.04","0.55","0.49",,"0.62","0.47","0.38",,"0.38","0.38","0.17",,"0.39","0.35","0.28",,"0.32","0.3","0.38",,"0.41","0.4","0.34",,"0.37","0.35","0.34",,"0.41","0.39","0.34",,"0.37","0.33","0.26",,"0.27","0.14","0.26",,"0.3","0.27","0.24",,"0.26","0.26","0.24",,"0.27","0.28","0.24",,"0.25","0.24","0.22",,"0.26","0.23","0.2",,"0.21","0.19","0.2",,"0.27","0.22","0.33",,"0.24","0.22","0.23",,"0.27","0.26","0.26",,"0.25","0.26","0.27",,"0.3","0.33","0.41",,"0.35"
DilutedEPS,,"3.17","2.52","1.97","2.21","1.67","1.41","1.41","1.79","1.87","1.93","1.76","1.73","3.04","1.85","2","1.65","1.92","1.61","1.59","1.62","2.03","1.78","1.61","1.39","1.74","1.58","1.52","1.23","1.64","1.34","1.26","1.01","1.41","1.34","1.2","0.94","1.22","1.18","0.77","0.73","0.96","0.69","0.77","0.87",,"1.07","0.36","0.21",,"1.03","0.8","0.95",,"0.42","0.4","2.64",,"0.51","0.08","-0.03",,"-0.04","0.55","0.48",,"0.62","0.47","0.377",,"0.38","0.37","0.17",,"0.39","0.34","0.27",,"0.32","0.3","0.37",,"0.41","0.39","0.34",,"0.37","0.35","0.34",,"0.4","0.39","0.34",,"0.37","0.32","0.26",,"0.27","0.14","0.26",,"0.3","0.27","0.24",,"0.26","0.26","0.24",,"0.27","0.28","0.24",,"0.25","0.24","0.22",,"0.26","0.23","0.2",,"0.21","0.19","0.2",,"0.27","0.22","0.33",,"0.24","0.22","0.23",,"0.27","0.26","0.26",,"0.25","0.26","0.27",,"0.3","0.33","0.41",,"0.35"
BasicAverageShares,,"175,071,000","174,926,000","174,824,000","174,611,000","174,532,000","174,503,000","174,493,000","174,446,000","174,383,000","174,334,000","174,253,000","174,177,000","174,075,000","173,975,000","173,932,000","173,892,000","173,771,000","173,715,000","173,602,000","173,364,000","173,190,000","173,108,000","173,087,000","172,977,000","172,877,000","172,771,000","172,629,000","172,520,000","172,434,000","172,378,000","172,282,000","171,910,000","171,768,000","171,721,000","171,625,000","171,446,000","170,868,000","170,576,000","170,496,000","170,309,000","170,090,000","169,728,000","169,492,000","169,315,000",,"169,014,000","168,804,000","168,477,000",,"168,373,000","168,348,000","168,312,000",,"168,307,000","168,028,000","168,586,000",,"169,374,000","169,346,000","169,229,000",,"145,387,000","128,180,000","128,122,000",,"128,006,000","127,986,000","128,586,000",,"128,085,000","127,632,000","127,182,000",,"125,528,000","124,599,000","124,078,000",,"123,341,000","122,821,000","121,946,000",,"120,092,000","120,734,000","128,114,000",,"131,084,000","131,588,000","132,781,000",,"185,616,438","188,974,359","128,780,769",,"122,714,000","121,189,000","119,582,000",,"104,444,444","109,932,000","93,041,000",,"77,666,667","73,333,333","71,250,000",,"46,923,077","42,043,000","32,838,000",,"26,308,000","23,714,000","23,688,000",,"17,876,000","17,516,000","17,315,000",,"16,923,077","15,217,391","15,000,000",,"15,238,095","15,263,158","14,000,000",,"11,481,481","11,363,636","10,909,091",,"10,833,333","10,909,091","10,869,565",,"10,740,741","11,153,846","11,153,846",,"10,400,000","10,384,615","10,370,370",,"10,000,000","8,484,848","8,048,780",,"6,571,429"
DilutedAverageShares,,"176,079,000","175,806,000","175,547,000","174,840,000","174,749,000","174,626,000","174,575,000","174,616,000","174,590,000","174,611,000","174,542,000","174,376,000","174,466,000","174,348,000","174,224,000","174,148,000","174,218,000","174,240,000","174,075,000","174,069,000","173,812,000","173,848,000","174,000,000","173,850,000","173,759,000","173,529,000","173,387,000","173,366,000","173,258,000","173,304,000","173,181,000","172,809,000","172,798,000","172,793,000","172,647,000","172,514,000","171,982,000","171,700,000","171,560,000","171,415,000","171,383,000","170,830,000","170,401,000","170,382,000",,"169,977,000","169,629,000","169,310,000",,"169,043,000","168,528,000","168,473,000",,"169,022,000","168,814,000","169,230,000",,"170,085,000","170,213,000","169,229,000",,"145,387,000","129,062,000","129,009,000",,"128,742,000","128,618,000","129,175,000",,"128,826,000","128,548,000","128,387,000",,"126,802,000","125,854,000","125,232,000",,"124,784,000","124,824,000","124,065,000",,"121,754,000","121,639,000","128,699,000",,"131,261,000","131,734,000","132,902,000",,"185,616,438","188,974,359","128,780,769",,"122,714,000","121,189,000","119,582,000",,"104,444,444","109,932,000","93,041,000",,"77,666,667","73,333,333","71,250,000",,"46,923,077","42,043,000","32,838,000",,"26,308,000","23,714,000","23,688,000",,"17,876,000","17,516,000","17,315,000",,"16,923,077","15,217,391","15,000,000",,"15,238,095","15,263,158","14,000,000",,"11,481,481","11,363,636","10,909,091",,"10,833,333","10,909,091","10,869,565",,"10,740,741","11,153,846","11,153,846",,"10,400,000","10,384,615","10,370,370",,"10,000,000","8,484,848","8,048,780",,"6,571,429"
TotalOperatingIncomeAsReported,,,,,,,,,,,,,,,"358,879,000","343,445,000","327,598,000","379,778,000","360,111,000","356,565,000","326,688,000","374,372,000","352,949,000","336,850,000","310,325,000","345,858,000","324,531,000","302,938,000","264,926,000","302,701,000","282,652,000","265,663,000","217,095,000","263,495,000","249,967,000","237,785,000","211,257,000","244,553,000","230,512,000","217,656,000","190,784,000","222,724,000","209,170,000","193,678,000","172,741,000","222,782,000","178,606,000","175,452,000","154,698,000","184,696,000","182,259,000","173,117,000","158,798,000","174,867,000","195,212,000","139,518,000","150,979,000","217,131,000","128,462,000","72,266,000","71,449,000","10,234,000","93,519,000","135,851,000","118,846,000","125,988,000","123,267,000","113,586,000","102,025,000","106,437,000","104,888,000","98,540,000","86,160,000","86,992,000","96,594,000","86,779,000","83,058,000","77,360,000","93,647,000","87,383,000","97,658,000","92,522,000","96,532,000","94,569,000","85,736,000","82,577,000","87,989,000","86,029,000","78,356,000",,,,,,,,,,,,,,,,,,,,,,,,,,,,,,,,,,,,,,,,,,,,,,,,,,,,,,,,,,
TotalExpenses,"1,735,280,000","464,402,000","456,968,000","419,054,000","394,856,000","367,483,000","377,082,000","383,519,000","375,834,000","327,777,000","358,403,000","349,859,000","345,645,000","310,190,000","347,489,000","342,083,000","342,326,000","292,530,000","326,250,000","307,747,000","318,859,000","277,055,000","310,199,000","297,338,000","301,461,000","263,472,000","294,341,000","289,693,000","304,468,000","263,446,000","288,944,000","272,374,000","302,529,000","250,016,000","261,990,000","247,593,000","259,643,000","220,898,000","242,419,000","240,083,000","251,835,000","221,991,000","243,820,000","241,166,000","247,077,000","217,911,000","236,321,000","232,193,000","236,019,000","210,972,000","223,316,000","226,847,000","238,140,000","238,191,000","232,579,000","275,019,000","311,785,000","244,389,000","340,498,000","360,175,000","365,583,000","423,352,000","277,840,000","162,176,000","159,837,000","172,144,000","141,661,000","140,710,000","141,725,000","123,782,000","132,285,000","133,085,000","136,506,000","134,444,000","132,031,000","132,101,000","125,754,000","124,570,000","126,435,000","125,158,000","119,317,000","121,137,000","119,187,000","112,859,000","112,103,000","117,808,000","107,977,000","102,121,000","98,239,000","628,826,000","-91,600,000","-89,300,000","-79,900,000","569,735,000","-78,600,000","-76,400,000","-84,300,000","284,333,000","-73,000,000","-60,300,000","-53,300,000","191,984,000","-41,000,000","-38,500,000","-36,400,000","212,219,000","-32,800,000","-27,100,000","-25,600,000","150,504,000","-21,300,000","-20,700,000","-19,900,000","-18,500,000","-18,300,000","-12,100,000","-11,500,000","-15,000,000","-9,100,000","-8,700,000","-6,700,000","-15,300,000","-4,700,000","-4,700,000","-4,500,000","-3,300,000","-3,100,000","-3,100,000","-1,800,000",,,,,,,,,,,,,,,,,,
NetIncomeFromContinuingAndDiscontinuedOperation,"1,953,263,000","619,710,000","490,091,000","410,426,000","433,036,000","351,267,000","324,867,000","314,923,000","366,156,000","386,015,000","397,942,000","370,056,000","366,521,000","586,205,000","378,027,000","403,802,000","342,997,000","389,399,000","356,674,000","353,702,000","342,442,000","413,739,000","367,305,000","356,659,000","315,873,000","363,490,000","339,568,000","326,405,000","281,781,000","346,715,000","293,459,000","276,834,000","227,196,000","296,569,000","284,198,000","260,463,000","211,223,000","271,371,000","263,892,000","198,143,000","205,852,000","220,151,000","191,139,000","206,444,000","206,108,000","183,685,000","239,354,000","125,038,000","123,961,000","181,138,000","237,309,000","199,172,000","217,002,000","151,690,000","137,331,000","133,813,000","512,342,000","167,887,000","152,766,000","77,104,000","59,778,000","-10,233,000","81,181,000","128,396,000","113,638,000","123,372,000","128,344,000","108,213,000","96,411,000","107,271,000","97,515,000","92,360,000","69,067,000","86,777,000","89,700,000","83,551,000","76,625,000","67,916,000","83,351,000","80,718,000","87,455,000","84,196,000","83,604,000","81,773,000","74,635,000","74,572,000","75,652,000","74,303,000","72,561,000","75,685,000","76,800,000","73,700,000","61,800,000","59,219,000","62,300,000","57,200,000","48,400,000","45,549,000","46,500,000","44,300,000","42,300,000","43,149,000","40,400,000","37,700,000","32,300,000","21,186,000","19,500,000","16,600,000","13,200,000","12,218,000","10,900,000","10,200,000","8,700,000","8,200,000","7,900,000","6,900,000","5,000,000","4,300,000","4,400,000","3,500,000","3,000,000","3,100,000","3,200,000","2,900,000","2,800,000","2,900,000","3,100,000","2,500,000","3,600,000","4,000,000","2,600,000","2,400,000","2,500,000","2,900,000","2,900,000","2,900,000","2,900,000","2,500,000","2,600,000","2,700,000","2,800,000","900,000","3,000,000","2,800,000","3,300,000","2,100,000","2,300,000"
NormalizedIncome,"1,861,669,900","591,821,810","460,025,950","416,788,680","393,033,460","384,355,710","355,454,000","329,008,350","358,810,740","393,547,140","386,572,980","373,616,210","360,833,570","555,941,390","375,097,510","387,782,880","351,314,620","392,487,200","369,415,000","368,381,000","345,781,600","399,604,800","369,504,000","351,479,800","322,032,000","363,306,400","339,362,200","316,392,200","280,897,800","346,722,800","294,597,800","277,130,400","228,722,200","288,856,100","273,627,700","256,612,400","219,502,050","263,517,950","245,969,200","212,559,100","197,949,950","228,661,800","206,293,400","199,667,100","186,020,500","193,542,250","200,601,250","153,623,300","146,271,700","188,903,350","222,514,150","185,921,750","235,418,050","171,767,300","138,246,000","133,975,100","512,458,000","166,232,200","154,175,000","75,631,300","55,460,700","-10,011,000","78,386,400","126,221,000","111,516,400","121,459,200","123,153,200","105,264,400","91,989,200","113,480,200","97,815,400","90,545,000","67,062,800","82,388,000","90,924,000","79,236,600","73,811,800","72,360,000","84,163,200","81,821,400","86,110,400","82,682,200","83,604,000","81,773,000","73,694,200","74,572,000","75,652,000","74,303,000","72,561,000","75,685,000","76,800,000","73,700,000","61,800,000","59,219,000","62,300,000","57,200,000","48,400,000","45,549,000","46,500,000","44,300,000","42,300,000","43,149,000","40,400,000","37,700,000","32,300,000","21,186,000","19,500,000","16,600,000","13,200,000","12,218,000","10,900,000","10,200,000","8,700,000","8,200,000","7,900,000","6,900,000","5,000,000","4,300,000","3,980,000","3,500,000","3,000,000","3,100,000","3,200,000","2,900,000","2,800,000","2,900,000","3,100,000","2,500,000","2,940,000","4,000,000","2,600,000","2,400,000","2,500,000","2,900,000","2,900,000","2,900,000","2,900,000","2,500,000","2,600,000","2,700,000","2,800,000","900,000","3,000,000","2,800,000","3,300,000","2,100,000","2,300,000"
InterestIncome,"12,306,000","2,985,000","3,356,000","3,113,000","2,852,000","2,799,000","7,214,000","5,831,000","6,479,000","6,424,000","6,465,000","8,582,000","6,965,000","7,550,000","7,020,000","6,328,000","5,544,000","6,049,000","4,569,000","4,155,000","3,998,000","3,524,000","3,750,000","4,028,000","3,836,000","5,035,000","3,659,000","934,000","672,000","775,000","749,000","1,000,000","2,402,000","5,872,000","5,608,000","5,516,000","5,581,000","5,435,000","5,444,000",,,,,,,,,,"8,216,000",,,"7,516,000","7,633,000",,,,,,,,,,,,,,,,,,,,,,,,,,,,,,,,,,,,,,,,,,,,,,,,,,,,,,,,,,,,,,,,,,,,,,,,,,,,,,,,,,,,,,,,,,,,,,
InterestExpense,"90,774,000","29,794,000","23,736,000","21,994,000","15,250,000","14,235,000","14,282,000","14,145,000","13,621,000","12,641,000","12,600,000","12,254,000","8,100,000","7,900,000","8,100,000","8,400,000","8,100,000","8,147,000","2,389,000","1,116,000","1,000,000","900,000","1,300,000","1,400,000","700,000","610,000","0","0","0","0","1,238,000","2,063,000","3,480,000","1,822,000","478,000","647,000","3,497,000","4,486,000","4,926,000","5,067,000","5,334,000","5,443,000","5,862,000","5,933,000","6,984,000","7,770,000","7,838,000","7,278,000","7,339,000","7,211,000","7,289,000","7,288,000","8,128,000","8,757,000","9,099,000","9,601,000",,,,,,,,,,,,,,,,,,,,,,,,,,,,,,,,,,,,,,,,,,,,,,,,,,,,,,,,,,,,,,,,,,,,,,,,,,,,,,,,,,,,,,,,,,,
NetInterestIncome,"-78,468,000","-26,809,000","-20,380,000","-18,881,000","-12,398,000","-11,436,000","-7,068,000","-8,314,000","-7,142,000","-6,217,000","-6,135,000","-3,672,000","-1,135,000","-350,000","-1,080,000","-2,072,000","-2,556,000","-2,098,000","2,180,000","3,039,000","2,998,000","2,624,000","2,450,000","2,628,000","3,136,000","4,425,000","3,659,000","934,000","672,000","775,000","-489,000","-1,063,000","-1,078,000","4,050,000","5,130,000","4,869,000","2,084,000","949,000","518,000","-5,067,000","-5,334,000","-5,443,000","-5,862,000","-5,933,000","-6,984,000","-7,770,000","-7,838,000","-7,278,000","877,000","22,602,000","-7,289,000","228,000","-495,000","-8,757,000","-9,099,000","-9,601,000",,,,,,,,,,,,,,,,,,,,,,,,,,,,,,,,,,,,,,,,,,,,,,,,,,,,,,,,,,,,,,,,,,,,,,,,,,,,,,,,,,,,,,,,,,,
EBIT,"2,050,413,000","651,813,000","515,364,000","433,724,000","449,512,000","366,667,000","340,129,000","329,957,000","380,757,000","399,744,000","412,017,000","383,710,000","375,821,000","595,859,000","387,683,000","413,680,000","352,543,000","399,100,000","360,663,000","356,323,000","345,069,000","416,581,000","370,271,000","359,737,000","318,060,000","365,869,000","341,136,000","328,040,000","283,254,000","348,426,000","296,215,000","280,342,000","231,753,000","299,799,000","286,106,000","262,326,000","215,744,000","276,578,000","257,810,000","203,858,000","212,056,000","224,581,000","198,983,000","193,678,000","217,907,000","200,327,000","186,444,000","175,452,000","162,037,000","191,907,000","189,548,000","180,405,000","166,926,000","183,624,000","204,311,000","149,119,000","150,979,000","219,796,000","128,462,000","88,973,000","68,784,000","10,234,000","93,519,000","135,851,000","118,846,000","125,988,000","123,267,000","113,586,000","102,025,000","116,500,000","104,888,000","98,540,000","86,160,000","86,992,000","96,594,000","86,779,000","83,058,000","77,360,000","93,647,000","87,383,000","97,658,000","92,522,000","96,532,000","94,569,000","85,736,000","78,791,000","87,989,000","86,029,000","78,356,000","-451,292,000","270,600,000","261,600,000","228,200,000","-421,184,000","228,600,000","217,500,000","227,000,000","-150,189,000","199,400,000","171,000,000","154,600,000","-95,462,000","128,400,000","121,200,000","111,400,000","-147,669,000","89,700,000","75,000,000","68,800,000","-109,408,000","58,800,000","56,300,000","52,800,000","49,400,000","48,600,000","34,000,000","30,300,000","38,100,000","26,400,000","24,100,000","19,100,000","34,200,000","15,600,000","15,000,000","14,400,000","11,900,000","11,800,000","11,100,000","9,500,000","16,000,000","7,000,000","7,000,000","7,200,000","17,300,000","7,500,000","7,400,000","7,400,000","16,300,000","7,100,000","7,100,000","7,100,000","18,300,000","6,000,000","5,500,000","5,400,000","11,400,000","5,200,000"
EBITDA,"2,763,841,000"
ReconciledCostOfRevenue,"920,598,000","236,855,000","236,734,000","218,586,000","228,423,000","205,524,000","217,461,000","225,607,000","218,870,000","172,584,000","212,262,000","207,736,000","204,201,000","160,374,000","195,544,000","190,977,000","192,827,000","151,879,000","190,619,000","182,578,000","182,902,000","145,166,000","178,627,000","172,004,000","173,286,000","137,709,000","164,686,000","162,232,000","173,162,000","133,654,000","159,993,000","150,554,000","174,519,000","124,398,000","147,803,000","142,571,000","150,389,000","115,592,000","137,130,000","139,081,000","148,492,000","120,695,000","138,748,000","139,387,000","144,289,000","116,845,000","134,763,000","136,907,000","141,056,000","115,750,000","128,038,000","134,364,000","143,261,000","124,415,000","132,877,000","148,889,000","174,383,000","154,789,000","166,182,000","171,109,000","169,921,000","162,959,000","128,017,000","106,575,000","103,009,000","115,658,000","105,566,000","68,896,000","88,608,000","83,382,000","83,058,000","83,468,000","83,852,000","54,767,000","81,926,000","81,398,000","75,584,000","49,569,000","77,459,000","125,158,000","71,320,000","-67,962,000","119,187,000","112,859,000","66,897,000","-56,251,000","107,977,000","102,121,000","59,160,000",,,,,,,,,,,,,,,,,,,,,,,,,,,,,,,,,,,,,,,,,,,,,,,,,,,,,,,,,,
ReconciledDepreciation,"713,428,000","205,289,000","188,552,000","172,728,000","146,859,000","141,406,000","138,333,000","137,618,000","135,900,000","134,885,000","129,233,000","126,859,000","121,941,000","121,374,000","124,516,000","119,777,000","117,979,000","120,100,000","113,320,000","110,177,000","110,929,000","111,741,000","109,432,000","107,013,000","105,128,000","106,307,000","106,082,000","106,473,000","107,146,000","110,573,000","111,077,000","106,443,000","109,021,000","108,927,000","96,537,000","90,937,000","91,001,000","92,586,000","89,991,000","88,588,000","86,938,000","89,830,000","90,956,000","89,186,000","88,553,000","91,647,000","92,648,000","85,205,000","84,886,000","86,019,000","86,624,000","84,284,000","85,200,000","107,935,000","90,823,000","92,957,000","122,486,000","130,685,000","147,643,000","167,601,000","176,481,000","225,728,000","113,581,000","48,626,000","50,049,000","52,261,000","30,474,000","65,686,000","47,976,000","47,633,000","43,700,000","45,045,000","46,770,000","75,871,000","45,463,000","46,274,000","45,920,000","71,655,000","45,008,000","46,052,000","43,997,000","69,511,000","42,701,000","41,323,000","39,622,000","39,458,000","37,731,000","35,744,000","36,034,000","41,440,000","43,900,000","39,000,000","33,100,000","31,866,000","29,400,000","30,000,000","30,100,000","17,856,000","26,300,000","23,800,000","23,400,000","4,175,000","21,200,000","20,400,000","19,100,000","12,847,000","10,900,000","8,800,000","8,100,000","7,681,000","6,900,000","6,400,000","6,600,000","6,400,000","9,400,000","4,500,000","3,900,000","5,100,000","3,300,000","3,600,000","2,300,000","4,700,000","1,500,000","1,300,000","1,400,000","900,000","900,000","1,400,000","400,000",,,,,,,,,,,,,,,,,,
NetIncomeFromContinuingOperationNetMinorityInterest,"1,953,263,000","619,710,000","490,091,000","410,426,000","433,036,000","351,267,000","324,867,000","314,923,000","366,156,000","386,015,000","397,942,000","370,056,000","366,521,000","586,205,000","378,027,000","403,802,000","342,997,000","389,399,000","356,674,000","353,702,000","342,442,000","413,739,000","367,305,000","356,659,000","315,873,000","363,490,000","339,568,000","326,405,000","281,781,000","346,715,000","293,459,000","276,834,000","227,196,000","296,569,000","284,198,000","260,463,000","211,223,000","270,900,000","251,957,000","198,003,000","205,852,000","218,852,000","189,747,000","206,444,000","206,463,000","183,685,000","236,647,000","120,628,000","123,185,000","182,248,000","236,443,000","207,505,000","217,285,000","151,824,000","138,246,000","133,914,000","512,458,000","164,641,000","154,175,000","77,086,000","59,778,000","-9,438,000","78,840,000","128,375,000","113,596,000","123,372,000","123,068,000","108,175,000","95,396,000","106,711,000","98,587,000","93,188,000","69,497,000","82,388,000","90,924,000","84,636,000","76,624,000","72,360,000","88,653,000","80,718,000","87,455,000","84,196,000","83,604,000","81,773,000","74,635,000","74,572,000","75,652,000","74,303,000","72,561,000","75,685,000","76,800,000","73,700,000","61,800,000","59,219,000","62,300,000","57,200,000","48,400,000","45,549,000","46,500,000","44,300,000","42,300,000","43,149,000","40,400,000","37,700,000","32,300,000","21,186,000","19,500,000","16,600,000","13,200,000","12,218,000","10,900,000","10,200,000","8,700,000","8,200,000","7,900,000","6,900,000","5,000,000","4,300,000","4,400,000","3,500,000","3,000,000","3,100,000","3,200,000","2,900,000","2,800,000","2,900,000","3,100,000","2,500,000","3,600,000","4,000,000","2,600,000","2,400,000","2,500,000","2,900,000","2,900,000","2,900,000","2,900,000","2,500,000","2,600,000","2,700,000","2,800,000","900,000","3,000,000","2,800,000","3,300,000","2,100,000","2,300,000"
TotalUnusualItemsExcludingGoodwill,"125,470,000","38,203,000","41,185,000","-8,716,000","54,798,000","-45,327,000","-41,900,000","-19,295,000","10,062,000","-10,318,000","15,574,000","-4,877,000","7,791,000","41,457,000","4,013,000","21,944,000","-11,394,000","-5,147,000","-21,235,000","-24,465,000","-5,566,000","23,557,000","-3,665,000","8,632,000","-10,265,000","306,000","343,000","16,688,000","1,472,000","-12,000","-1,752,000","-456,000","-2,348,000","11,866,000","16,262,000","5,924,000","-12,737,000","11,357,000","9,212,000","-22,394,000","12,157,000","-15,092,000","-25,456,000","10,426,000","31,450,000","-15,165,000","55,455,000","-50,762,000","-35,518,000","-10,239,000","21,429,000","33,205,000","-27,897,000","-30,682,000","0","-94,000",,"-2,448,000",,"2,238,000","6,642,000","955,000","756,000","3,590,000","3,466,000","3,188,000","-142,000","4,851,000","5,678,000","-11,282,000","1,286,000","4,405,000","4,057,000",,,"8,999,000","4,687,000",,"7,483,000","-1,839,000","2,241,000","2,523,000",,,"1,568,000",,,,,,,,,,,,,,,,,,,,,,,,,,,,,,,,,"0","700,000",,,,,,,"0",,,"1,100,000",,,,,,,,,,,,,,,,,,
TotalUnusualItems,"125,470,000","38,203,000","41,185,000","-8,716,000","54,798,000","-45,327,000","-41,900,000","-19,295,000","10,062,000","-10,318,000","15,574,000","-4,877,000","7,791,000","41,457,000","4,013,000","21,944,000","-11,394,000","-5,147,000","-21,235,000","-24,465,000","-5,566,000","23,557,000","-3,665,000","8,632,000","-10,265,000","306,000","343,000","16,688,000","1,472,000","-12,000","-1,752,000","-456,000","-2,348,000","11,866,000","16,262,000","5,924,000","-12,737,000","11,357,000","9,212,000","-22,394,000","12,157,000","-15,092,000","-25,456,000","10,426,000","31,450,000","-15,165,000","55,455,000","-50,762,000","-35,518,000","-10,239,000","21,429,000","33,205,000","-27,897,000","-30,682,000","0","-94,000",,"-2,448,000",,"2,238,000","6,642,000","955,000","756,000","3,590,000","3,466,000","3,188,000","-142,000","4,851,000","5,678,000","-11,282,000","1,286,000","4,405,000","4,057,000",,,"8,999,000","4,687,000",,"7,483,000","-1,839,000","2,241,000","2,523,000",,,"1,568,000",,,,,,,,,,,,,,,,,,,,,,,,,,,,,,,,,"0","700,000",,,,,,,"0",,,"1,100,000",,,,,,,,,,,,,,,,,,
NormalizedEBITDA,"2,638,371,000","818,899,000","662,731,000","615,168,000","541,573,000","553,400,000","520,362,000","486,870,000","506,595,000","544,947,000","525,676,000","515,446,000","489,971,000","675,776,000","508,186,000","511,513,000","481,916,000","524,347,000","495,218,000","490,965,000","461,564,000","504,765,000","483,368,000","458,118,000","433,453,000","471,870,000","446,875,000","417,825,000","388,928,000","459,011,000","409,044,000","387,241,000","343,122,000","396,860,000","366,381,000","347,339,000","319,482,000","357,807,000","338,589,000","314,840,000","286,837,000","329,503,000","315,395,000","272,438,000","275,010,000","307,139,000","223,637,000","311,419,000","282,441,000","288,165,000","254,743,000","231,484,000","280,023,000","322,241,000","296,342,000","244,596,000","273,465,000","352,929,000","276,229,000","254,336,000","238,623,000","235,057,000","206,344,000","180,887,000","165,429,000","175,061,000","171,326,000","174,421,000","144,323,000","175,415,000","147,977,000","139,180,000","128,873,000","162,863,000","142,635,000","124,094,000","124,291,000","149,015,000","131,531,000","135,274,000","139,414,000","159,510,000","139,233,000","135,892,000","123,790,000","118,249,000","125,720,000","121,773,000","114,390,000","-409,852,000","314,500,000","300,600,000","261,300,000","-389,318,000","258,000,000","247,500,000","257,100,000","-132,333,000","225,700,000","194,800,000","178,000,000","-91,287,000","149,600,000","141,600,000","130,500,000","-134,822,000","100,600,000","83,800,000","76,900,000","-101,727,000","65,700,000","62,700,000","59,400,000","55,800,000","58,000,000","38,500,000","34,200,000","43,200,000","29,000,000","27,700,000","21,400,000","38,900,000","17,100,000","16,300,000","15,800,000","12,800,000","12,700,000","12,500,000","8,800,000","16,000,000","7,000,000","7,000,000","7,200,000","17,300,000","7,500,000","7,400,000","7,400,000","16,300,000","7,100,000","7,100,000","7,100,000","18,300,000","6,000,000","5,500,000","5,400,000","11,400,000","5,200,000"
TaxRateForCalcs,"0.27","0.27","0.27","0.27","0.27","0.27","0.27","0.27","0.27","0.27","0.27","0.27","0.27","0.27","0.27","0.27","0.27","0.4","0.4","0.4","0.4","0.4","0.4","0.4","0.4","0.4","0.4","0.4","0.4","0.35","0.35","0.35","0.35","0.35","0.35","0.35","0.35","0.35","0.35","0.35","0.35","0.35","0.35","0.35","0.35","0.35","0.35","0.35","0.35","0.35","0.35","0.35","0.35","0.35","0.35","0.35","0.35","0.35","0.35","0.35","0.35","0.4","0.4","0.4","0.4","0.4","0.4","0.4","0.4","0.4","0.4","0.4","0.4","0.4","0.4","0.4","0.4","0.4","0.4","0.4","0.4","0.4","0.4","0.4","0.4","0.4","0.4","0.4","0.4","0.4","0.4","0.4","0.4","0.4","0.4","0.4","0.4","0.4","0.4","0.4","0.4","0.4","0.4","0.4","0.4","0.4","0.4","0.4","0.4","0.4","0.4","0.4","0.4","0.4","0.4","0.4","0.4","0.4","0.4","0.4","0.4","0.4","0.4","0.4","0.4","0.4","0.4","0.4","0.4","0.4","0.4","0.4","0.4","0.4","0.4","0.4","0.4","0.4","0.4","0.4","0.4","0.4","0.4","0.4","0.4","0.4","0.4"
TaxEffectOfUnusualItems,"33,876,900","10,314,810","11,119,950","-2,353,320","14,795,460","-12,238,290","-11,313,000","-5,209,650","2,716,740","-2,785,860","4,204,980","-1,316,790","2,103,570","11,193,390","1,083,510","5,924,880","-3,076,380","-2,058,800","-8,494,000","-9,786,000","-2,226,400","9,422,800","-1,466,000","3,452,800","-4,106,000","122,400","137,200","6,675,200","588,800","-4,200","-613,200","-159,600","-821,800","4,153,100","5,691,700","2,073,400","-4,457,950","3,974,950","3,224,200","-7,837,900","4,254,950","-5,282,200","-8,909,600","3,649,100","11,007,500","-5,307,750","19,409,250","-17,766,700","-12,431,300","-3,583,650","7,500,150","11,621,750","-9,763,950","-10,738,700","0","-32,900","0","-856,800","0","783,300","2,324,700","382,000","302,400","1,436,000","1,386,400","1,275,200","-56,800","1,940,400","2,271,200","-4,512,800","514,400","1,762,000","1,622,800","0","0","3,599,600","1,874,800","0","2,993,200","-735,600","896,400","1,009,200","0","0","627,200","0","0","0","0","0","0","0","0","0","0","0","0","0","0","0","0","0","0","0","0","0","0","0","0","0","0","0","0","0","0","0","0","0","280,000","0","0","0","0","0","0","0","0","0","440,000","0","0","0","0","0","0","0","0","0","0","0","0","0","0","0","0","0","0"