name,ttm,12/31/2021,09/30/2021,06/30/2021,03/31/2021,12/31/2020,09/30/2020,06/30/2020,03/31/2020,12/31/2019,09/30/2019,06/30/2019,03/31/2019,12/31/2018,09/30/2018,06/30/2018,03/31/2018,12/31/2017,09/30/2017,06/30/2017,03/31/2017,12/31/2016,09/30/2016,06/30/2016,03/31/2016,12/31/2015,09/30/2015,06/30/2015,03/31/2015,12/31/2014,09/30/2014,06/30/2014,03/31/2014,12/31/2013,09/30/2013,06/30/2013,03/31/2013,12/31/2012,09/30/2012,06/30/2012,03/31/2012,12/31/2011,09/30/2011,06/30/2011,03/31/2011,12/31/2010
TotalRevenue,"111,476,000,000","32,604,000,000","30,243,000,000","27,002,000,000","21,627,000,000","16,409,000,000","15,929,000,000","10,913,000,000","20,878,000,000","29,125,000,000","27,218,000,000","27,847,000,000","23,103,000,000","29,098,000,000","29,788,000,000","28,980,000,000","23,595,000,000","29,746,000,000","25,627,000,000","24,087,000,000","22,894,000,000","23,397,000,000","21,624,000,000","21,849,000,000","17,409,000,000","21,893,000,000","25,792,000,000","28,512,000,000","22,778,000,000","34,963,000,000","40,417,000,000","45,549,000,000","40,283,000,000","42,892,000,000","44,201,000,000","43,240,000,000","41,263,000,000","43,714,000,000","42,948,000,000","47,012,000,000","45,786,000,000","49,935,000,000","50,407,000,000","52,646,000,000","44,783,000,000","41,113,000,000"
	OperatingRevenue,"111,476,000,000","32,604,000,000","30,243,000,000","27,002,000,000","21,627,000,000","16,409,000,000","15,929,000,000","10,913,000,000","20,878,000,000","29,125,000,000","27,218,000,000","27,847,000,000","23,103,000,000","29,098,000,000","29,788,000,000","28,980,000,000","23,595,000,000","29,746,000,000","25,627,000,000","24,087,000,000","22,894,000,000","23,397,000,000","21,624,000,000","21,849,000,000","17,409,000,000","21,893,000,000","25,792,000,000","28,512,000,000","22,778,000,000","34,963,000,000","40,417,000,000","45,549,000,000","40,283,000,000","42,892,000,000","44,201,000,000","43,240,000,000","41,263,000,000","43,796,000,000","42,944,000,000","46,935,000,000","45,784,000,000","49,715,000,000","50,389,000,000","52,637,000,000","44,780,000,000","41,115,000,000"
CostOfRevenue,"103,707,000,000","29,814,000,000","27,890,000,000","25,582,000,000","20,421,000,000","15,508,000,000","14,861,000,000","9,951,000,000","18,782,000,000","26,454,000,000","24,142,000,000","24,888,000,000","21,386,000,000","24,997,000,000","26,731,000,000","26,084,000,000","21,474,000,000","24,260,000,000","19,800,000,000","18,673,000,000","17,994,000,000","18,684,000,000","16,254,000,000","16,488,000,000","12,210,000,000","16,152,000,000","18,850,000,000","22,527,000,000","16,948,000,000","28,722,000,000","33,851,000,000","39,555,000,000","34,615,000,000","37,193,000,000","38,982,000,000","37,508,000,000","35,509,000,000","35,521,000,000","37,073,000,000","41,382,000,000","41,420,000,000","43,969,000,000","44,932,000,000","47,618,000,000","40,390,000,000","37,021,000,000"
GrossProfit,"7,769,000,000","2,790,000,000","2,353,000,000","1,420,000,000","1,206,000,000","901,000,000","1,068,000,000","962,000,000","2,096,000,000","2,671,000,000","3,076,000,000","2,959,000,000","1,717,000,000","4,101,000,000","3,057,000,000","2,896,000,000","2,121,000,000","5,486,000,000","5,827,000,000","5,414,000,000","4,900,000,000","4,713,000,000","5,370,000,000","5,361,000,000","5,199,000,000","5,741,000,000","6,942,000,000","5,985,000,000","5,830,000,000","6,241,000,000","6,566,000,000","5,994,000,000","5,668,000,000","5,699,000,000","5,219,000,000","5,732,000,000","5,754,000,000","8,193,000,000","5,875,000,000","5,630,000,000","4,366,000,000","5,966,000,000","5,475,000,000","5,028,000,000","4,393,000,000","4,092,000,000"
OperatingExpense,"7,301,000,000","1,972,000,000","1,675,000,000","1,727,000,000","1,927,000,000","1,699,000,000","1,506,000,000","1,549,000,000","1,817,000,000","1,966,000,000","1,727,000,000","1,670,000,000","1,801,000,000","1,801,000,000","1,755,000,000","1,684,000,000","1,742,000,000","5,089,000,000","5,025,000,000","4,932,000,000","4,810,000,000","4,826,000,000","4,896,000,000","5,009,000,000","4,870,000,000","4,963,000,000","5,130,000,000","4,998,000,000","4,950,000,000","5,308,000,000","5,379,000,000","5,321,000,000","5,130,000,000","5,295,000,000","4,972,000,000","4,909,000,000","4,634,000,000","7,242,000,000","4,078,000,000","4,185,000,000","3,990,000,000","4,116,000,000","4,273,000,000","4,210,000,000","4,027,000,000","4,198,000,000"
	SellingGeneralAndAdministration,"1,744,000,000","479,000,000","424,000,000","433,000,000","408,000,000","432,000,000","384,000,000","409,000,000","319,000,000","491,000,000","416,000,000","408,000,000","366,000,000","419,000,000","440,000,000","432,000,000","386,000,000","437,000,000","435,000,000","439,000,000","384,000,000","420,000,000","411,000,000","421,000,000","386,000,000","433,000,000","437,000,000","406,000,000","394,000,000","448,000,000","401,000,000","412,000,000","402,000,000","418,000,000","354,000,000","374,000,000","332,000,000","461,000,000","432,000,000","480,000,000","349,000,000","367,000,000","372,000,000","347,000,000","323,000,000","402,000,000"
	DepreciationAmortizationDepletionIncomeStatement,,,,,,,,,"342,000,000","340,000,000","336,000,000","334,000,000","331,000,000","337,000,000","346,000,000","337,000,000","336,000,000","346,000,000","337,000,000","320,000,000","315,000,000","305,000,000","293,000,000","290,000,000","280,000,000","281,000,000","270,000,000","274,000,000","253,000,000","273,000,000","249,000,000","239,000,000","234,000,000","235,000,000","236,000,000","231,000,000","245,000,000","244,000,000","229,000,000","224,000,000","216,000,000","241,000,000","222,000,000","226,000,000","219,000,000","220,000,000"
		DepreciationAndAmortizationInIncomeStatement,,,,,,,,,"342,000,000","340,000,000","336,000,000","334,000,000","331,000,000","337,000,000","346,000,000","337,000,000","336,000,000","346,000,000","337,000,000","320,000,000","315,000,000","305,000,000","293,000,000","290,000,000","280,000,000","281,000,000","270,000,000","274,000,000","253,000,000","273,000,000","249,000,000","239,000,000","234,000,000","235,000,000","236,000,000","231,000,000","245,000,000","244,000,000","229,000,000","224,000,000","216,000,000","241,000,000","222,000,000","226,000,000","219,000,000","220,000,000"
	OtherTaxes,"410,000,000","67,000,000","85,000,000","119,000,000","139,000,000","87,000,000","106,000,000","114,000,000","157,000,000","79,000,000","105,000,000","97,000,000","128,000,000","97,000,000","109,000,000","109,000,000","110,000,000","3,494,000,000","3,456,000,000","3,356,000,000","3,156,000,000","3,209,000,000","3,424,000,000","3,594,000,000","3,461,000,000","3,456,000,000","3,610,000,000","3,549,000,000","3,462,000,000","3,696,000,000","3,874,000,000","3,832,000,000","3,638,000,000","3,669,000,000","3,624,000,000","3,502,000,000","3,324,000,000","3,436,000,000","3,410,000,000","3,475,000,000","3,420,000,000","3,503,000,000","3,674,000,000","3,631,000,000","3,480,000,000","3,571,000,000"
	OtherOperatingExpenses,"5,147,000,000","1,426,000,000","1,166,000,000","1,175,000,000","1,380,000,000","1,180,000,000","1,016,000,000","1,026,000,000","1,341,000,000","1,396,000,000","1,206,000,000","1,165,000,000","1,307,000,000","1,285,000,000","1,206,000,000","1,143,000,000","1,246,000,000","1,158,000,000","1,134,000,000","1,137,000,000","1,270,000,000","1,197,000,000","1,061,000,000","994,000,000","1,023,000,000","1,074,000,000","1,083,000,000","1,043,000,000","1,094,000,000","1,164,000,000","1,104,000,000","1,077,000,000","1,090,000,000","1,208,000,000","994,000,000","1,033,000,000","978,000,000","4,014,000,000","7,000,000","6,000,000","5,000,000","5,000,000","5,000,000","6,000,000","5,000,000","5,000,000"
OperatingIncome,"468,000,000","818,000,000","678,000,000","-307,000,000","-721,000,000","-798,000,000","-438,000,000","-587,000,000","279,000,000","705,000,000","1,349,000,000","1,289,000,000","-84,000,000","2,300,000,000","1,302,000,000","1,212,000,000","379,000,000","397,000,000","802,000,000","482,000,000","90,000,000","-113,000,000","474,000,000","352,000,000","329,000,000","778,000,000","1,812,000,000","987,000,000","880,000,000","933,000,000","1,187,000,000","673,000,000","538,000,000","404,000,000","247,000,000","823,000,000","1,120,000,000","951,000,000","1,797,000,000","1,445,000,000","376,000,000","1,850,000,000","1,202,000,000","818,000,000","366,000,000","-106,000,000"
NetNonOperatingInterestIncomeExpense,"-594,000,000","-136,000,000","-157,000,000","-149,000,000","-152,000,000","-130,000,000","-138,000,000","-122,000,000","-117,000,000","-78,000,000","-115,000,000","-120,000,000","-125,000,000","-82,000,000","-130,000,000","-141,000,000","-129,000,000","-89,000,000","-117,000,000","-113,000,000","-110,000,000","-76,000,000","-86,000,000","-88,000,000","-91,000,000","-52,000,000","-76,000,000","-85,000,000","-91,000,000","-58,000,000","-66,000,000","-72,000,000","-74,000,000","-54,000,000","-74,000,000","-75,000,000","-76,000,000","-83,000,000","-74,000,000","-83,000,000","-13,000,000","-6,000,000","-4,000,000","-3,000,000","-4,000,000","41,000,000"
	InterestIncomeNonOperating,"11,000,000"
	InterestExpenseNonOperating,"605,000,000","147,000,000","157,000,000","149,000,000","152,000,000","144,000,000","138,000,000","122,000,000","117,000,000","121,000,000","115,000,000","120,000,000","125,000,000","127,000,000","130,000,000","141,000,000","129,000,000","120,000,000","117,000,000","113,000,000","110,000,000","94,000,000","86,000,000","88,000,000","91,000,000","79,000,000","76,000,000","85,000,000","91,000,000","79,000,000","66,000,000","72,000,000","74,000,000","74,000,000","74,000,000","75,000,000","76,000,000","101,000,000","74,000,000","83,000,000","13,000,000","6,000,000","4,000,000","3,000,000","4,000,000","1,000,000"
OtherIncomeExpense,"1,866,000,000","945,000,000","-73,000,000","892,000,000","102,000,000","237,000,000","-774,000,000","264,000,000","-2,640,000,000","439,000,000","-291,000,000","660,000,000","549,000,000","700,000,000","803,000,000","764,000,000","467,000,000","346,000,000","571,000,000","479,000,000","817,000,000","251,000,000","425,000,000","456,000,000","358,000,000","106,000,000","623,000,000","563,000,000","599,000,000","486,000,000","606,000,000","758,000,000","834,000,000","795,000,000","653,000,000","726,000,000","1,037,000,000","351,000,000","726,000,000","532,000,000","706,000,000","507,000,000","352,000,000","813,000,000","733,000,000","510,000,000"
	GainOnSaleOfSecurity,"364,000,000","359,000,000","-4,000,000","9,000,000",,"-2,000,000","-4,000,000","-6,000,000",,"0","9,000,000","-9,000,000","-5,000,000","1,000,000",,"14,000,000","16,000,000","6,000,000","-7,000,000",,"1,000,000","-1,000,000","9,000,000",,"7,000,000","1,000,000","-1,000,000",,"-49,000,000","-3,000,000","-13,000,000","-29,000,000","19,000,000","24,000,000","-1,000,000","19,000,000","-2,000,000","7,000,000","15,000,000","-8,000,000",,,"-18,000,000","31,000,000",,
	EarningsFromEquityInterest,"2,904,000,000","807,000,000","982,000,000","830,000,000","285,000,000","320,000,000","349,000,000","157,000,000","365,000,000","464,000,000","499,000,000","648,000,000","516,000,000","730,000,000","779,000,000","743,000,000","424,000,000","375,000,000","530,000,000","462,000,000","365,000,000","255,000,000","391,000,000","435,000,000","333,000,000","127,000,000","583,000,000","407,000,000","456,000,000","413,000,000","511,000,000","764,000,000","778,000,000","769,000,000","647,000,000","618,000,000","1,039,000,000","626,000,000","959,000,000","815,000,000","734,000,000","513,000,000","856,000,000","784,000,000","690,000,000","562,000,000"
	SpecialIncomeCharges,"-1,480,000,000","5,000,000","-1,289,000,000","2,000,000","-198,000,000","-85,000,000","-1,139,000,000","85,000,000","-3,005,000,000","-4,000,000","-835,000,000","-2,000,000","0","0","0","-6,000,000","17,000,000","417,000,000","-1,000,000","-1,000,000","-1,000,000","0","1,000,000","4,000,000","0","-4,000,000","21,000,000","137,000,000","122,000,000","36,000,000","97,000,000","6,000,000","6,000,000","2,000,000","7,000,000","40,000,000","-23,000,000","-399,000,000","-248,000,000","-275,000,000","-28,000,000","-40,000,000","-486,000,000","-2,000,000","43,000,000","-52,000,000"
		ImpairmentOfCapitalAssets,"1,497,000,000","1,000,000","1,298,000,000","0","0","106,000,000","1,115,000,000","0","1,845,000,000","5,000,000","853,000,000","2,000,000","1,000,000","1,000,000","1,000,000","6,000,000",,"6,000,000","1,000,000","15,000,000","2,000,000","1,000,000","2,000,000","2,000,000",,"4,000,000","1,000,000","2,000,000","0","134,000,000","12,000,000","3,000,000","1,000,000","3,000,000","1,000,000","1,000,000","24,000,000","592,000,000","248,000,000","275,000,000","43,000,000","-16,000,000","486,000,000","2,000,000","0","51,000,000"
		WriteOff,"1,000,000",,,,"198,000,000","0","25,000,000","0","1,161,000,000","5,000,000","853,000,000","2,000,000","1,000,000","1,000,000","1,000,000","6,000,000",,"6,000,000","1,000,000","15,000,000","2,000,000","1,000,000","2,000,000","2,000,000",,"4,000,000","1,000,000","2,000,000","0","134,000,000","12,000,000","3,000,000","1,000,000","3,000,000","1,000,000","1,000,000","24,000,000","592,000,000",,,,,,,,
		OtherSpecialCharges,,,,,,,,,,,,,,,,,,,,,,,,,,,,,,,,,,,,,,,"-15,000,000",,"-15,000,000",,,,"-43,000,000","1,000,000"
		GainOnSaleOfPPE,"18,000,000","7,000,000","9,000,000","2,000,000","0","21,000,000","1,000,000","85,000,000","1,000,000","1,000,000","18,000,000","0","1,000,000","1,000,000","1,000,000",,"17,000,000","0","0","14,000,000","1,000,000","1,000,000","3,000,000","6,000,000","0","0","22,000,000","139,000,000","122,000,000","170,000,000","109,000,000","9,000,000","7,000,000","5,000,000","8,000,000","41,000,000","1,000,000","4,000,000",,,,,,,,
	OtherNonOperatingIncomeExpenses,"78,000,000","-226,000,000","238,000,000","51,000,000","15,000,000","4,000,000","20,000,000","28,000,000","-6,000,000","-21,000,000","36,000,000","23,000,000","38,000,000","-31,000,000","24,000,000","13,000,000","10,000,000","-452,000,000","49,000,000","18,000,000","452,000,000","-3,000,000","24,000,000","17,000,000","18,000,000","-18,000,000","20,000,000","19,000,000","70,000,000","40,000,000","11,000,000","17,000,000","31,000,000","0","-6,000,000","49,000,000","23,000,000","53,000,000",,,,,,,,
PretaxIncome,"1,740,000,000","1,627,000,000","448,000,000","436,000,000","-771,000,000","-691,000,000","-1,350,000,000","-445,000,000","-2,478,000,000","1,066,000,000","943,000,000","1,829,000,000","340,000,000","2,918,000,000","1,975,000,000","1,835,000,000","717,000,000","654,000,000","1,256,000,000","848,000,000","797,000,000","62,000,000","813,000,000","720,000,000","596,000,000","832,000,000","2,359,000,000","1,465,000,000","1,388,000,000","1,361,000,000","1,727,000,000","1,359,000,000","1,298,000,000","1,145,000,000","826,000,000","1,474,000,000","2,081,000,000","1,219,000,000","2,449,000,000","1,894,000,000","1,069,000,000","2,351,000,000","1,550,000,000","1,628,000,000","1,095,000,000","445,000,000"
TaxProvision,"146,000,000","256,000,000","-40,000,000","62,000,000","-132,000,000","-197,000,000","-624,000,000","-378,000,000","-51,000,000","256,000,000","150,000,000","325,000,000","70,000,000","602,000,000","407,000,000","431,000,000","132,000,000","-2,601,000,000","407,000,000","267,000,000","234,000,000","-132,000,000","277,000,000","204,000,000","198,000,000","166,000,000","767,000,000","440,000,000","391,000,000","203,000,000","538,000,000","487,000,000","426,000,000","373,000,000","286,000,000","514,000,000","671,000,000","509,000,000","848,000,000","712,000,000","431,000,000","339,000,000","499,000,000","588,000,000","418,000,000","157,000,000"
NetIncomeCommonStockholders,"1,306,000,000","1,262,000,000","402,000,000","291,000,000","-654,000,000","-547,000,000","-799,000,000","-143,000,000","-2,497,000,000","735,000,000","710,000,000","1,422,000,000","203,000,000","2,238,000,000","1,491,000,000","1,338,000,000","524,000,000","3,202,000,000","822,000,000","548,000,000","534,000,000","162,000,000","509,000,000","494,000,000","384,000,000","649,000,000","1,577,000,000","1,010,000,000","985,000,000","1,145,000,000","1,178,000,000","861,000,000","1,571,000,000","825,000,000","533,000,000","957,000,000","1,406,000,000","707,000,000","1,598,000,000","1,181,000,000","636,000,000","2,011,000,000","1,049,000,000","1,039,000,000","676,000,000","287,000,000"
	NetIncome,"1,315,000,000","1,271,000,000","402,000,000","296,000,000","-654,000,000","-539,000,000","-799,000,000","-141,000,000","-2,496,000,000","736,000,000","712,000,000","1,424,000,000","204,000,000","2,240,000,000","1,492,000,000","1,339,000,000","524,000,000","3,198,000,000","823,000,000","550,000,000","535,000,000","163,000,000","511,000,000","496,000,000","385,000,000","650,000,000","1,578,000,000","1,012,000,000","987,000,000","1,147,000,000","1,180,000,000","863,000,000","1,572,000,000","826,000,000","535,000,000","958,000,000","1,407,000,000","708,000,000","1,599,000,000","1,181,000,000","636,000,000","2,011,000,000","1,049,000,000","1,039,000,000","676,000,000","287,000,000"
		NetIncomeIncludingNoncontrollingInterests,"1,594,000,000","1,371,000,000","488,000,000","374,000,000","-639,000,000","-494,000,000","-726,000,000","-67,000,000","-2,427,000,000","810,000,000","793,000,000","1,504,000,000","270,000,000","2,316,000,000","1,568,000,000","1,404,000,000","585,000,000","3,255,000,000","849,000,000","581,000,000","563,000,000","194,000,000","536,000,000","516,000,000","398,000,000","666,000,000","1,592,000,000","1,025,000,000","997,000,000","1,158,000,000","1,189,000,000","872,000,000","1,578,000,000","833,000,000","540,000,000","960,000,000","1,410,000,000","710,000,000","1,601,000,000","1,182,000,000","638,000,000","2,012,000,000","1,051,000,000","1,040,000,000","677,000,000","288,000,000"
			NetIncomeContinuousOperations,"1,594,000,000","1,371,000,000","488,000,000","374,000,000","-639,000,000","-494,000,000","-726,000,000","-67,000,000","-2,427,000,000","810,000,000","793,000,000","1,504,000,000","270,000,000","2,316,000,000","1,568,000,000","1,404,000,000","585,000,000","3,255,000,000","849,000,000","581,000,000","563,000,000","194,000,000","536,000,000","516,000,000","398,000,000","666,000,000","1,592,000,000","1,025,000,000","997,000,000","1,158,000,000","1,189,000,000","872,000,000","872,000,000","772,000,000","540,000,000","960,000,000","1,410,000,000","710,000,000","1,601,000,000","1,182,000,000","638,000,000","2,012,000,000","1,051,000,000","1,040,000,000","677,000,000","288,000,000"
			NetIncomeDiscontinuousOperations,,,,,,,,,,,,,,,,,,,,,,,,,,"0","0","0","0","0","0","0","706,000,000","18,000,000",,,,,,,,,,,,
		MinorityInterests,"-279,000,000","-100,000,000","-86,000,000","-78,000,000","-15,000,000","-45,000,000","-73,000,000","-74,000,000","-69,000,000","-74,000,000","-81,000,000","-80,000,000","-66,000,000","-76,000,000","-76,000,000","-65,000,000","-61,000,000","-57,000,000","-26,000,000","-31,000,000","-28,000,000","-31,000,000","-25,000,000","-20,000,000","-13,000,000","-16,000,000","-14,000,000","-13,000,000","-10,000,000","-11,000,000","-9,000,000","-9,000,000","-6,000,000","-7,000,000","-5,000,000","-2,000,000","-3,000,000","-2,000,000","-2,000,000","-1,000,000","-2,000,000","-1,000,000","-2,000,000","-1,000,000","-1,000,000","-1,000,000"
	OtherunderPreferredStockDividend,"9,000,000",,,"5,000,000",,,,"2,000,000","1,000,000","1,000,000","2,000,000","2,000,000","1,000,000","2,000,000","1,000,000","1,000,000",,,"1,000,000","2,000,000","1,000,000","1,000,000","2,000,000","2,000,000","1,000,000","1,000,000","1,000,000","2,000,000","2,000,000","2,000,000","2,000,000","2,000,000","1,000,000","1,000,000","2,000,000","1,000,000","1,000,000","1,000,000","1,000,000",,,,,,,
AverageDilutionEarnings,"0",,,,,"0","0","0",,"0","1,000,000","1,000,000",,"2,000,000","1,000,000","1,000,000",,"3,000,000","1,000,000","1,000,000",,"-1,000,000","1,000,000","1,000,000",,"1,000,000","1,000,000","2,000,000","1,000,000","2,000,000","2,000,000","2,000,000","1,000,000","1,000,000","2,000,000","1,000,000","1,000,000",,,,,,,,,
DilutedNIAvailtoComStockholders,"1,306,000,000","1,262,000,000","402,000,000","291,000,000","-654,000,000","-547,000,000","-799,000,000","-143,000,000","-2,497,000,000","735,000,000","711,000,000","1,423,000,000","203,000,000","2,240,000,000","1,492,000,000","1,339,000,000","524,000,000","3,205,000,000","823,000,000","549,000,000","534,000,000","161,000,000","510,000,000","495,000,000","384,000,000","650,000,000","1,578,000,000","1,012,000,000","986,000,000","1,147,000,000","1,180,000,000","863,000,000","1,572,000,000","826,000,000","535,000,000","958,000,000","1,407,000,000","709,000,000","1,598,000,000","1,181,000,000","636,000,000","2,011,000,000","1,049,000,000","1,039,000,000","676,000,000","287,000,000"
BasicEPS,,"2.89","0.91","0.66","-1.49","-1.23","-1.82","-0.33","-5.66","1.65","1.58","3.13","0.44","4.85","3.2","2.86","1.07","6.29","1.6","1.06","1.02","0.31","0.97","0.94","0.72","1.21","2.92","1.85","1.8","2.068","2.11","1.52","2.69","1.38","0.88","1.55","2.271","1.12","2.53","1.88","0.994",,"1.639","1.623","1.056",
DilutedEPS,,"2.88","0.91","0.66","-1.49","-1.23","-1.82","-0.33","-5.66","1.64","1.58","3.12","0.44","4.82","3.18","2.84","1.07","6.25","1.6","1.06","1.02","0.31","0.96","0.93","0.72","1.2","2.9","1.84","1.79","2.068","2.09","1.51","2.67","1.37","0.87","1.53","2.271","1.11","2.51","1.86","0.994",,"1.639","1.623","1.056",
BasicAverageShares,,"440,469,000","440,193,000","439,940,000","439,504,000","439,115,000","438,916,000","438,756,000","441,345,000","445,332,000","449,005,000","453,681,000","457,599,000","461,651,000","466,109,000","468,331,000","487,065,000","508,148,000","512,923,000","517,785,000","521,647,000","524,200,000","525,991,000","528,247,000","531,739,000","536,399,000","540,357,000","544,617,000","548,200,000","554,617,000","559,492,000","565,799,000","584,053,000","598,553,000","608,934,000","619,143,000","619,232,443","628,527,000","630,672,000","628,510,000","640,000,000",,"640,000,000","640,000,000","640,000,000",
DilutedAverageShares,,"441,584,000","440,368,000","440,396,000","439,504,000","439,115,000","438,916,000","438,756,000","441,345,000","447,835,000","451,001,000","455,585,000","459,289,000","464,406,000","469,440,000","471,638,000","489,668,000","511,352,000","515,960,000","520,160,000","524,520,000","526,279,000","528,798,000","531,060,000","534,709,000","540,245,000","544,696,000","548,926,000","552,337,000","559,023,000","564,958,000","571,285,000","589,575,000","604,165,000","614,519,000","624,907,000","619,232,443","635,634,000","637,913,000","635,157,000","640,000,000",,"640,000,000","640,000,000","640,000,000",
TotalExpenses,"111,008,000,000","31,786,000,000","29,565,000,000","27,309,000,000","22,348,000,000","17,207,000,000","16,367,000,000","11,500,000,000","20,599,000,000","28,420,000,000","25,869,000,000","26,558,000,000","23,187,000,000","26,798,000,000","28,486,000,000","27,768,000,000","23,216,000,000","29,349,000,000","24,825,000,000","23,605,000,000","22,804,000,000","23,510,000,000","21,150,000,000","21,497,000,000","17,080,000,000","21,115,000,000","23,980,000,000","27,525,000,000","21,898,000,000","34,030,000,000","39,230,000,000","44,876,000,000","39,745,000,000","42,488,000,000","43,954,000,000","42,417,000,000","40,143,000,000","42,763,000,000","41,151,000,000","45,567,000,000","45,410,000,000","48,085,000,000","49,205,000,000","51,828,000,000","44,417,000,000","41,219,000,000"
NetIncomeFromContinuingAndDiscontinuedOperation,"1,315,000,000","1,271,000,000","402,000,000","296,000,000","-654,000,000","-539,000,000","-799,000,000","-141,000,000","-2,496,000,000","736,000,000","712,000,000","1,424,000,000","204,000,000","2,240,000,000","1,492,000,000","1,339,000,000","524,000,000","3,198,000,000","823,000,000","550,000,000","535,000,000","163,000,000","511,000,000","496,000,000","385,000,000","650,000,000","1,578,000,000","1,012,000,000","987,000,000","1,147,000,000","1,180,000,000","863,000,000","1,572,000,000","826,000,000","535,000,000","958,000,000","1,407,000,000","708,000,000","1,599,000,000","1,181,000,000","636,000,000","2,011,000,000","1,049,000,000","1,039,000,000","676,000,000","287,000,000"
NormalizedIncome,"2,337,358,620.69","964,273,509.527","1,345,890,000","286,540,000","-489,660,000","-476,803,183.792","35,390,000","-198,670,000","448,900,000","739,039,399.625","1,405,840,000","1,433,020,000","207,950,000","2,239,206,305.689","1,492,000,000","1,332,840,000","496,940,000","2,944,200,000","828,440,000","550,690,000","535,000,000","163,600,000","504,400,000","493,120,000","380,310,000","652,401,442.308","1,564,600,000","916,100,000","934,440,000","1,118,922,116.091","1,122,040,000","877,720,000","849,250,000","747,469,868.996","531,100,000","919,650,000","1,424,000,000","962,800,000","1,751,320,538.996","1,357,613,516.367","652,800,000","2,016,134,836.24","1,390,744,516.129","1,020,474,201.474","649,414,611.872","320,653,932.584"
InterestIncome,"11,000,000"
InterestExpense,"605,000,000","147,000,000","157,000,000","149,000,000","152,000,000","144,000,000","138,000,000","122,000,000","117,000,000","121,000,000","115,000,000","120,000,000","125,000,000","127,000,000","130,000,000","141,000,000","129,000,000","120,000,000","117,000,000","113,000,000","110,000,000","94,000,000","86,000,000","88,000,000","91,000,000","79,000,000","76,000,000","85,000,000","91,000,000","79,000,000","66,000,000","72,000,000","74,000,000","74,000,000","74,000,000","75,000,000","76,000,000","101,000,000","74,000,000","83,000,000","13,000,000","6,000,000","4,000,000","3,000,000","4,000,000","1,000,000"
NetInterestIncome,"-594,000,000","-136,000,000","-157,000,000","-149,000,000","-152,000,000","-130,000,000","-138,000,000","-122,000,000","-117,000,000","-78,000,000","-115,000,000","-120,000,000","-125,000,000","-82,000,000","-130,000,000","-141,000,000","-129,000,000","-89,000,000","-117,000,000","-113,000,000","-110,000,000","-76,000,000","-86,000,000","-88,000,000","-91,000,000","-52,000,000","-76,000,000","-85,000,000","-91,000,000","-58,000,000","-66,000,000","-72,000,000","-74,000,000","-54,000,000","-74,000,000","-75,000,000","-76,000,000","-83,000,000","-74,000,000","-83,000,000","-13,000,000","-6,000,000","-4,000,000","-3,000,000","-4,000,000","41,000,000"
EBIT,"2,345,000,000","1,774,000,000","605,000,000","585,000,000","-619,000,000","-547,000,000","-1,212,000,000","-323,000,000","-2,361,000,000","1,187,000,000","1,058,000,000","1,949,000,000","465,000,000","3,045,000,000","2,105,000,000","1,976,000,000","846,000,000","774,000,000","1,373,000,000","961,000,000","907,000,000","156,000,000","899,000,000","808,000,000","687,000,000","911,000,000","2,435,000,000","1,550,000,000","1,479,000,000","1,440,000,000","1,793,000,000","1,431,000,000","1,372,000,000","1,219,000,000","900,000,000","1,549,000,000","2,157,000,000","1,320,000,000","2,523,000,000","1,977,000,000","1,082,000,000","2,357,000,000","1,554,000,000","1,631,000,000","1,099,000,000","446,000,000"
EBITDA,"3,950,000,000"
ReconciledCostOfRevenue,"103,707,000,000","29,814,000,000","27,890,000,000","25,582,000,000","20,421,000,000","15,508,000,000","14,861,000,000","9,951,000,000","18,782,000,000","26,454,000,000","24,142,000,000","24,888,000,000","21,386,000,000","24,997,000,000","26,731,000,000","26,084,000,000","21,474,000,000","24,260,000,000","19,800,000,000","18,673,000,000","17,994,000,000","18,684,000,000","16,254,000,000","16,488,000,000","12,210,000,000","16,152,000,000","18,850,000,000","22,527,000,000","16,948,000,000","28,722,000,000","33,851,000,000","39,555,000,000","34,615,000,000","37,193,000,000","38,982,000,000","37,508,000,000","35,509,000,000","35,521,000,000","37,073,000,000","41,382,000,000","41,420,000,000","43,969,000,000","44,932,000,000","47,618,000,000","40,390,000,000","37,021,000,000"
ReconciledDepreciation,"1,605,000,000","524,000,000","361,000,000","364,000,000","356,000,000","358,000,000","352,000,000","343,000,000","342,000,000","340,000,000","336,000,000","334,000,000","331,000,000","337,000,000","346,000,000","337,000,000","336,000,000","346,000,000","337,000,000","320,000,000","315,000,000","305,000,000","293,000,000","290,000,000","280,000,000","281,000,000","270,000,000","274,000,000","253,000,000","273,000,000","249,000,000","239,000,000","234,000,000","235,000,000","236,000,000","231,000,000","245,000,000","244,000,000","229,000,000","224,000,000","216,000,000","241,000,000","222,000,000","226,000,000","219,000,000","220,000,000"
NetIncomeFromContinuingOperationNetMinorityInterest,"1,315,000,000","1,271,000,000","402,000,000","296,000,000","-654,000,000","-539,000,000","-799,000,000","-141,000,000","-2,496,000,000","736,000,000","712,000,000","1,424,000,000","204,000,000","2,240,000,000","1,492,000,000","1,339,000,000","524,000,000","3,198,000,000","823,000,000","550,000,000","535,000,000","163,000,000","511,000,000","496,000,000","385,000,000","650,000,000","1,578,000,000","1,012,000,000","987,000,000","1,147,000,000","1,180,000,000","863,000,000","866,000,000","765,000,000","535,000,000","958,000,000","1,407,000,000","708,000,000","1,599,000,000","1,181,000,000","636,000,000","2,011,000,000","1,049,000,000","1,039,000,000","676,000,000","287,000,000"
TotalUnusualItemsExcludingGoodwill,"-1,116,000,000","364,000,000","-1,293,000,000","11,000,000","-198,000,000","-87,000,000","-1,143,000,000","79,000,000","-3,005,000,000","-4,000,000","-826,000,000","-11,000,000","-5,000,000","1,000,000","0","8,000,000","33,000,000","423,000,000","-8,000,000","-1,000,000","0","-1,000,000","10,000,000","4,000,000","7,000,000","-3,000,000","20,000,000","137,000,000","73,000,000","33,000,000","84,000,000","-23,000,000","25,000,000","26,000,000","6,000,000","59,000,000","-25,000,000","-392,000,000","-233,000,000","-283,000,000","-28,000,000","-6,000,000","-504,000,000","29,000,000","43,000,000","-52,000,000"
TotalUnusualItems,"-1,116,000,000","364,000,000","-1,293,000,000","11,000,000","-198,000,000","-87,000,000","-1,143,000,000","79,000,000","-3,005,000,000","-4,000,000","-826,000,000","-11,000,000","-5,000,000","1,000,000","0","8,000,000","33,000,000","423,000,000","-8,000,000","-1,000,000","0","-1,000,000","10,000,000","4,000,000","7,000,000","-3,000,000","20,000,000","137,000,000","73,000,000","33,000,000","84,000,000","-23,000,000","25,000,000","26,000,000","6,000,000","59,000,000","-25,000,000","-392,000,000","-233,000,000","-283,000,000","-28,000,000","-6,000,000","-504,000,000","29,000,000","43,000,000","-52,000,000"
NormalizedEBITDA,"5,066,000,000","1,934,000,000","2,259,000,000","938,000,000","-65,000,000","-102,000,000","283,000,000","-59,000,000","986,000,000","1,531,000,000","2,220,000,000","2,294,000,000","801,000,000","3,381,000,000","2,451,000,000","2,305,000,000","1,149,000,000","697,000,000","1,718,000,000","1,282,000,000","1,222,000,000","462,000,000","1,182,000,000","1,094,000,000","960,000,000","1,195,000,000","2,685,000,000","1,687,000,000","1,659,000,000","1,680,000,000","1,958,000,000","1,693,000,000","1,581,000,000","1,428,000,000","1,130,000,000","1,721,000,000","2,427,000,000","1,956,000,000","2,985,000,000","2,484,000,000","1,326,000,000","2,604,000,000","2,280,000,000","1,828,000,000","1,275,000,000","718,000,000"
TaxRateForCalcs,"0.084","0.157","0.27","0.14","0.17","0.285","0.27","0.27","0.02","0.24","0.16","0.18","0.21","0.206","0.21","0.23","0.18","0.4","0.32","0.31","0.29","0.4","0.34","0.28","0.33","0.2","0.33","0.3","0.28","0.149","0.31","0.36","0.33","0.326","0.35","0.35","0.32","0.35","0.346","0.376","0.4","0.144","0.322","0.361","0.382","0.353"
TaxEffectOfUnusualItems,"-93,641,379.31","57,273,509.527","-349,110,000","1,540,000","-33,660,000","-24,803,183.792","-308,610,000","21,330,000","-60,100,000","-960,600.375","-132,160,000","-1,980,000","-1,050,000","206,305.689","0","1,840,000","5,940,000","169,200,000","-2,560,000","-310,000","0","-400,000","3,400,000","1,120,000","2,310,000","-598,557.692","6,600,000","41,100,000","20,440,000","4,922,116.091","26,040,000","-8,280,000","8,250,000","8,469,868.996","2,100,000","20,650,000","-8,000,000","-137,200,000","-80,679,461.004","-106,386,483.633","-11,200,000","-865,163.76","-162,255,483.871","10,474,201.474","16,414,611.872","-18,346,067.416"