name,ttm,12/31/2021,09/30/2021,06/30/2021,03/31/2021,12/31/2020,09/30/2020,06/30/2020,03/31/2020,12/31/2019,09/30/2019,06/30/2019,03/31/2019,12/31/2018,09/30/2018,06/30/2018,03/31/2018,12/31/2017,09/30/2017,06/30/2017,03/31/2017,12/31/2016,09/30/2016,06/30/2016,03/31/2016,12/31/2015,09/30/2015,06/30/2015,03/31/2015,12/31/2014,09/30/2014,06/30/2014,03/31/2014,12/31/2013,09/30/2013,06/30/2013,03/31/2013,12/31/2012,09/30/2012,06/30/2012,03/31/2012,12/31/2011,09/30/2011,06/30/2011,03/31/2011,12/31/2010,09/30/2010,06/30/2010,03/31/2010,12/31/2009,09/30/2009,06/30/2009,03/31/2009,12/31/2008,09/30/2008,06/30/2008,03/31/2008,12/31/2007,09/30/2007,06/30/2007,03/31/2007,12/31/2006,09/30/2006,06/30/2006,03/31/2006,12/31/2005,09/30/2005,06/30/2005,03/31/2005,12/31/2004,09/30/2004,06/30/2004,03/31/2004,12/31/2003,09/30/2003,06/30/2003,03/31/2003,12/31/2002,09/30/2002,06/30/2002,03/31/2002,12/31/2001,09/30/2001,06/30/2001,03/31/2001,12/31/2000,09/30/2000,06/30/2000,03/31/2000,12/31/1999,09/30/1999,06/30/1999,03/31/1999,12/31/1998,09/30/1998,06/30/1998,03/31/1998,12/31/1997,09/30/1997,06/30/1997,03/31/1997,12/31/1996,09/30/1996,06/30/1996,03/31/1996,12/31/1995,09/30/1995,06/30/1995,03/31/1995,12/31/1994,09/30/1994,06/30/1994,03/31/1994,12/31/1993,09/30/1993,06/30/1993,03/31/1993,12/31/1992,09/30/1992,06/30/1992,03/31/1992,12/31/1991,09/30/1991,06/30/1991,03/31/1991,12/31/1990,09/30/1990,06/30/1990,03/31/1990,12/31/1989,09/30/1989,06/30/1989,03/31/1989,12/31/1988
TotalRevenue,"1,835,830,000","457,721,000","480,655,000","435,668,000","461,785,000","429,050,000","390,981,000","351,721,000","359,603,000","356,110,000","335,005,000","295,486,000","290,451,000","334,689,000","312,521,000","314,777,000","307,883,000","306,644,000","306,379,000","291,293,000","280,040,000","286,327,000","288,237,000","288,652,000","272,627,000","291,017,000","312,568,000","303,113,000","314,119,000","325,442,000","366,708,000","336,634,000","328,700,000","324,925,000","344,845,000","314,996,000","313,949,000","319,751,000","325,295,000","310,983,000","301,125,000","318,276,000","339,425,000","291,783,000","269,189,000","266,552,000","268,066,000","242,998,000","240,556,000","258,429,000","246,343,000","226,159,000","225,292,000","240,391,000","299,547,000","271,748,000","257,793,000","241,242,000","266,420,000","225,096,000","228,096,000","221,667,000","245,502,000","216,704,000","200,194,000","192,518,000","195,092,000","180,334,000","176,103,000","169,190,000","170,134,000","168,377,000","164,708,000","156,810,000","163,703,000","165,244,000","171,026,000","171,967,000","174,557,000","182,508,000","185,015,000","198,605,000","225,439,000","229,093,000","245,130,000","234,944,000","235,018,000","227,254,000","227,105,000","239,000,000","280,100,000","264,100,000","263,200,000","250,100,000","250,100,000","245,000,000","264,100,000","223,000,000","220,200,000","207,100,000","198,000,000","183,500,000","177,100,000","157,100,000","140,500,000","125,400,000","141,700,000","97,000,000","83,500,000","72,000,000","69,100,000","63,600,000","58,000,000","53,500,000","49,000,000","43,500,000","38,000,000","32,500,000","27,500,000","23,500,000","19,200,000","16,500,000","13,700,000","11,800,000","10,300,000","8,800,000","8,000,000","6,700,000","5,900,000","4,900,000","4,000,000","3,000,000","2,300,000","1,700,000"
	OperatingRevenue,"1,835,830,000","457,721,000","480,655,000","435,668,000","461,785,000","429,050,000","390,981,000","351,721,000","359,603,000","356,110,000","335,005,000","295,486,000","290,451,000","334,689,000","312,521,000","314,777,000","307,883,000","306,644,000","306,379,000","291,293,000","280,040,000","286,327,000","288,237,000","288,652,000","272,627,000","291,017,000","312,568,000","303,113,000","314,119,000","325,442,000","366,708,000","336,634,000","328,700,000","324,925,000","344,845,000","314,996,000","313,949,000","319,751,000","325,295,000","310,983,000","301,125,000","318,276,000","339,425,000","291,783,000","269,189,000","266,552,000","268,066,000","242,998,000","240,556,000","258,429,000","246,343,000","226,159,000","225,292,000","240,391,000","299,547,000","271,748,000","257,793,000","241,242,000","266,420,000","225,096,000","228,096,000","221,667,000","245,502,000","216,704,000","200,194,000","192,518,000","195,092,000","180,334,000","176,103,000","169,190,000","170,134,000","168,377,000","164,708,000","156,810,000","163,703,000","165,244,000","171,026,000","171,967,000","174,557,000","182,508,000","185,015,000","198,605,000","225,439,000","229,093,000","245,130,000","234,944,000","235,018,000","227,254,000","227,105,000","239,000,000","280,100,000","264,100,000","263,200,000","250,100,000","250,100,000","245,000,000","264,100,000","223,000,000","220,200,000","207,100,000","198,000,000","183,500,000","177,100,000","157,100,000","140,500,000","125,400,000","141,700,000","97,000,000","83,500,000","72,000,000","69,100,000","63,600,000","58,000,000","53,500,000","49,000,000","43,500,000","38,000,000","32,500,000","27,500,000","23,500,000","19,200,000","16,500,000","13,700,000","11,800,000","10,300,000","8,800,000","8,000,000","6,700,000","5,900,000","4,900,000","4,000,000","3,000,000","2,300,000","1,700,000"
CostOfRevenue,"379,390,000","95,118,000","99,747,000","95,077,000","89,448,000","86,830,000","84,615,000","79,224,000","83,027,000","87,405,000","85,417,000","82,705,000","79,904,000","77,352,000","78,049,000","81,556,000","83,631,000","82,958,000","82,806,000","82,268,000","81,830,000","82,115,000","82,856,000","82,470,000","80,191,000","80,147,000","76,362,000","79,376,000","86,054,000","92,942,000","95,854,000","91,076,000","93,797,000","92,956,000","91,529,000","91,168,000","93,270,000","97,072,000","87,839,000","92,854,000","93,216,000","98,219,000","98,527,000","90,409,000","81,771,000","86,061,000","77,147,000","74,711,000","77,166,000","78,671,000","73,350,000","73,806,000","79,278,000","83,325,000","88,786,000","85,562,000","80,653,000","75,785,000","74,100,000","71,757,000","72,825,000","72,128,000","73,504,000","68,574,000","65,530,000","62,025,000","58,886,000","52,126,000","49,573,000","47,657,000","43,434,000","46,024,000","40,570,000","52,147,000","59,244,000","55,295,000","52,672,000","51,275,000","52,269,000","52,812,000","55,912,000","54,693,000","62,632,000","64,188,000","63,362,000","71,828,000","50,647,000","48,387,000","54,215,000","51,400,000","47,600,000","43,500,000","41,300,000","36,000,000","30,600,000","31,100,000","30,800,000","17,200,000","14,800,000","13,500,000","13,100,000","12,700,000","11,800,000","8,400,000","10,400,000","9,200,000","10,600,000","4,300,000","5,600,000","4,600,000","4,300,000","4,000,000","2,900,000","2,700,000","2,100,000","2,100,000","1,600,000","1,400,000","1,100,000","800,000","800,000","600,000","-12,400,000","5,500,000","4,700,000","4,000,000","3,700,000","2,800,000","2,700,000","1,900,000",,,,
GrossProfit,"1,456,440,000","362,603,000","380,908,000","340,591,000","372,337,000","342,220,000","306,366,000","272,497,000","276,576,000","268,705,000","249,588,000","212,781,000","210,547,000","257,337,000","234,472,000","233,221,000","224,252,000","223,686,000","223,573,000","209,025,000","198,210,000","204,212,000","205,381,000","206,182,000","192,436,000","210,870,000","236,206,000","223,737,000","228,065,000","232,500,000","270,854,000","245,558,000","234,903,000","231,969,000","253,316,000","223,828,000","220,679,000","222,679,000","237,456,000","218,129,000","207,909,000","220,057,000","240,898,000","201,374,000","187,418,000","180,491,000","190,919,000","168,287,000","163,390,000","179,758,000","172,993,000","152,353,000","146,014,000","157,066,000","210,761,000","186,186,000","177,140,000","165,457,000","192,320,000","153,339,000","155,271,000","149,539,000","171,998,000","148,130,000","134,664,000","130,493,000","136,206,000","128,208,000","126,530,000","121,533,000","126,700,000","122,353,000","124,138,000","104,663,000","104,459,000","109,949,000","118,354,000","120,692,000","122,288,000","129,696,000","129,103,000","143,912,000","162,807,000","164,905,000","181,768,000","163,116,000","184,371,000","178,867,000","172,890,000","187,600,000","232,500,000","220,600,000","221,900,000","214,100,000","219,500,000","213,900,000","233,300,000","205,800,000","205,400,000","193,600,000","184,900,000","170,800,000","165,300,000","148,700,000","130,100,000","116,200,000","131,100,000","92,700,000","77,900,000","67,400,000","64,800,000","59,600,000","55,100,000","50,800,000","46,900,000","41,400,000","36,400,000","31,100,000","26,400,000","22,700,000","18,400,000","15,900,000","26,100,000","6,300,000","5,600,000","4,800,000","4,300,000","3,900,000","3,200,000","3,000,000",,,,
OperatingExpense,"1,067,897,000","266,434,000","264,144,000","267,141,000","270,178,000","251,635,000","238,976,000","209,034,000","208,309,000","224,246,000","197,387,000","203,485,000","206,425,000","208,800,000","220,857,000","209,891,000","201,772,000","206,109,000","206,363,000","196,218,000","190,233,000","193,366,000","206,724,000","195,771,000","186,099,000","187,015,000","190,700,000","197,737,000","185,590,000","195,124,000","207,921,000","190,660,000","183,690,000","176,031,000","186,462,000","177,476,000","183,625,000","193,418,000","179,851,000","182,920,000","180,204,000","187,552,000","189,650,000","176,844,000","163,192,000","163,381,000","161,974,000","156,309,000","151,879,000","157,417,000","151,528,000","143,457,000","137,647,000","153,528,000","152,600,000","150,474,000","144,216,000","139,020,000","146,252,000","132,990,000","134,012,000","128,556,000","140,099,000","126,622,000","119,576,000","119,215,000","125,215,000","101,694,000","102,038,000","98,321,000","97,677,000","96,083,000","99,612,000","104,133,000","120,552,000","123,599,000","127,685,000","130,347,000","115,185,000","161,299,000","146,027,000","149,824,000","194,980,000","169,135,000","158,223,000","147,115,000","176,061,000","179,445,000","181,291,000","173,700,000","170,500,000","170,900,000","161,600,000","154,200,000","150,900,000","149,100,000","133,000,000","114,500,000","115,000,000","110,000,000","105,800,000","97,300,000","94,700,000","86,500,000","75,000,000","67,500,000","83,200,000","55,400,000","44,500,000","38,100,000","36,800,000","32,400,000","30,700,000","28,400,000","26,300,000","24,000,000","21,300,000","18,200,000","16,300,000","14,200,000","11,400,000","10,400,000","21,400,000","2,500,000","2,200,000","2,100,000","1,900,000","2,000,000","1,500,000","1,500,000",,,,
	SellingGeneralAndAdministration,"726,948,000","177,416,000","178,053,000","181,496,000","189,983,000","174,253,000","161,746,000","140,303,000","141,067,000","152,161,000","127,218,000","136,975,000","139,093,000","142,082,000","150,680,000","140,823,000","131,683,000","134,319,000","137,656,000","128,395,000","124,577,000","127,385,000","140,632,000","130,359,000","121,093,000","120,996,000","130,082,000","134,554,000","116,259,000","124,614,000","139,179,000","125,257,000","120,074,000","115,169,000","124,644,000","117,110,000","121,457,000","129,366,000","122,861,000","124,557,000","120,496,000","127,350,000","128,474,000","120,988,000","105,875,000","108,005,000","107,918,000","101,876,000","97,944,000","102,669,000","98,592,000","93,068,000","89,080,000","101,299,000","106,907,000","99,056,000","94,167,000","94,579,000","99,809,000","91,428,000","92,271,000","88,484,000","98,456,000","88,071,000","82,299,000","83,274,000","88,855,000","73,407,000","73,469,000","71,632,000","71,071,000","68,606,000","71,496,000","73,145,000","86,388,000","90,260,000","94,283,000","96,966,000","98,580,000","100,623,000","101,421,000","99,881,000","115,458,000","117,375,000","111,446,000","111,306,000","120,543,000","122,259,000","123,715,000","121,400,000","119,700,000","120,000,000","118,400,000","112,700,000","118,000,000","118,400,000","105,500,000","92,600,000","94,800,000","90,300,000","87,600,000","80,000,000","77,600,000","70,300,000","63,100,000","56,400,000","68,500,000","45,600,000","38,100,000","32,200,000","30,500,000","27,600,000","25,900,000","27,300,000","25,200,000","23,200,000","20,600,000","17,500,000","15,700,000","13,800,000","11,100,000","10,100,000","21,200,000","2,200,000","2,000,000","1,900,000","1,800,000","1,800,000","1,300,000","1,300,000",,,,
		GeneralAndAdministrativeExpense,"208,418,000","51,940,000","48,589,000","47,084,000","60,805,000","49,528,000","45,931,000","35,709,000","33,629,000","44,557,000","25,911,000","28,773,000","35,371,000","37,864,000","41,542,000","33,082,000","33,353,000","35,004,000","36,278,000","35,294,000","36,800,000","36,695,000","37,647,000","35,485,000","33,916,000","38,567,000","47,390,000","48,100,000","34,235,000","37,007,000","43,344,000","33,817,000","34,140,000","30,931,000","33,910,000","28,812,000","33,398,000","35,817,000","28,511,000","29,851,000","29,534,000","29,572,000","30,213,000","31,882,000","24,712,000","23,484,000","23,242,000","22,755,000","22,807,000","24,071,000","22,295,000","19,245,000","17,693,000",,,,,,,,,,,,,,,,,,,,,,,,,,,,,,,,,,,,,,,,,,,,,,,,,,,,,,,,,,,,,,,,,,,,,,,,,,,,,,,,,
			OtherGandA,"208,418,000","51,940,000","48,589,000","47,084,000","60,805,000","49,528,000","45,931,000","35,709,000","33,629,000","44,557,000","25,911,000","28,773,000","35,371,000","37,864,000","41,542,000","33,082,000","33,353,000","35,004,000","36,278,000","35,294,000","36,800,000","36,695,000","37,647,000","35,485,000","33,916,000","38,567,000","47,390,000","48,100,000","34,235,000","37,007,000","43,344,000","33,817,000","34,140,000","30,931,000","33,910,000","28,812,000","33,398,000","35,817,000","28,511,000","29,851,000","29,534,000","29,572,000","30,213,000","31,882,000","24,712,000","23,484,000","23,242,000","22,755,000","22,807,000","24,071,000","22,295,000","19,245,000","17,693,000",,,,,,,,,,,,,,,,,,,,,,,,,,,,,,,,,,,,,,,,,,,,,,,,,,,,,,,,,,,,,,,,,,,,,,,,,,,,,,,,,
		SellingAndMarketingExpense,"518,530,000","125,476,000","129,464,000","134,412,000","129,178,000","124,725,000","115,815,000","104,594,000","107,438,000","107,604,000","101,307,000","108,202,000","103,722,000","104,218,000","109,138,000","107,741,000","98,330,000","99,315,000","101,378,000","93,101,000","87,777,000","90,690,000","102,985,000","94,874,000","87,177,000","82,429,000","82,692,000","86,454,000","82,024,000","87,607,000","95,835,000","91,440,000","85,934,000","84,238,000","90,734,000","88,298,000","88,059,000","93,549,000","94,350,000","94,706,000","90,962,000","97,778,000","98,261,000","89,106,000","81,163,000","84,521,000","84,676,000","79,121,000","75,137,000","78,598,000","76,297,000","73,823,000","71,387,000",,,,,,,,,,,,,,,,,,,,,,,,,,,,,,,,,,,,,,,,,,,,,,,,,,,,,,,,,,,,,,,,,,,,,,,,,,,,,,,,,
	ResearchAndDevelopment,"309,616,000","80,534,000","78,403,000","78,134,000","72,545,000","70,835,000","69,884,000","61,429,000","59,954,000","65,308,000","64,114,000","60,590,000","61,402,000","60,782,000","62,393,000","61,218,000","62,194,000","63,969,000","60,585,000","59,850,000","57,710,000","57,914,000","57,934,000","57,118,000","56,610,000","57,669,000","52,180,000","54,078,000","60,158,000","61,097,000","60,387,000","57,405,000","55,631,000","53,073,000","55,127,000","53,834,000","55,528,000","57,429,000","52,131,000","53,260,000","54,576,000","54,993,000","55,730,000","51,103,000","53,051,000","51,522,000","50,320,000","50,597,000","49,960,000","50,690,000","48,826,000","46,562,000","44,752,000","48,361,000","47,366,000","47,374,000","45,734,000","41,548,000","44,416,000","39,798,000","40,153,000","37,984,000","39,861,000","36,905,000","35,989,000","34,583,000","35,392,000","28,061,000","28,347,000","26,467,000","25,383,000","26,250,000","26,780,000","29,579,000","32,703,000","31,880,000","31,942,000","31,900,000","32,348,000","33,464,000","35,572,000","34,689,000","37,374,000","38,494,000","37,265,000","35,809,000","35,820,000","36,265,000","37,611,000","34,100,000","32,200,000","32,400,000","30,300,000","29,200,000","23,200,000","24,200,000","20,700,000","15,000,000","14,100,000","13,700,000","12,700,000","12,500,000","12,300,000","10,500,000","8,900,000","7,800,000","11,300,000","5,500,000","4,600,000","4,200,000","4,700,000","3,600,000","3,600,000",,,,,,,,,,,,,,,,,,,,,
	DepreciationAmortizationDepletionIncomeStatement,"31,333,000","8,484,000","7,688,000","7,511,000","7,650,000","6,547,000","7,346,000","7,302,000","7,288,000","6,777,000","6,055,000","5,920,000","5,930,000","5,936,000","7,784,000","7,850,000","7,895,000","7,821,000","8,122,000","7,973,000","7,946,000","8,067,000","8,158,000","8,294,000","8,396,000","8,350,000","8,438,000","9,105,000","9,173,000","9,413,000","8,355,000","7,998,000","7,985,000","7,789,000","6,691,000","6,532,000","6,640,000","6,623,000","4,859,000","5,103,000","5,132,000","5,209,000","5,446,000","4,753,000","4,266,000","3,854,000","3,736,000","3,836,000","3,975,000","4,058,000","4,110,000","3,827,000","3,815,000","3,868,000","4,327,000","4,044,000","4,315,000","2,893,000","2,027,000","1,764,000","1,588,000","2,088,000","1,782,000","1,646,000","1,288,000","1,358,000","968,000","226,000","222,000","222,000","1,223,000","1,227,000","1,336,000","1,409,000","1,461,000","1,459,000","1,460,000","1,481,000","8,738,000","8,820,000","9,034,000","9,165,000","9,541,000","9,450,000","9,512,000",,"19,698,000","20,921,000","19,965,000","18,200,000","18,600,000","18,500,000","12,900,000","12,300,000","9,700,000","6,500,000","6,800,000","6,900,000","6,100,000","6,000,000","5,500,000","4,800,000","4,800,000","5,700,000","3,000,000","3,300,000","3,400,000","4,300,000","1,800,000","1,700,000","1,600,000","1,200,000","1,200,000","1,100,000","1,100,000","800,000","700,000","700,000","600,000","400,000","300,000","300,000","200,000","300,000","200,000","200,000","100,000","200,000","200,000","200,000",,,,
		DepreciationAndAmortizationInIncomeStatement,"31,333,000","8,484,000","7,688,000","7,511,000","7,650,000","6,547,000","7,346,000","7,302,000","7,288,000","6,777,000","6,055,000","5,920,000","5,930,000","5,936,000","7,784,000","7,850,000","7,895,000","7,821,000","8,122,000","7,973,000","7,946,000","8,067,000","8,158,000","8,294,000","8,396,000","8,350,000","8,438,000","9,105,000","9,173,000","9,413,000","8,355,000","7,998,000","7,985,000","7,789,000","6,691,000","6,532,000","6,640,000","6,623,000","4,859,000","5,103,000","5,132,000","5,209,000","5,446,000","4,753,000","4,266,000","3,854,000","3,736,000","3,836,000","3,975,000","4,058,000","4,110,000","3,827,000","3,815,000","3,868,000","4,327,000","4,044,000","4,315,000","2,893,000","2,027,000","1,764,000","1,588,000","2,088,000","1,782,000","1,646,000","1,288,000","1,358,000","968,000","226,000","222,000","222,000","1,223,000","1,227,000","1,336,000","1,409,000","1,461,000","1,459,000","1,460,000","1,481,000","8,738,000","8,820,000","9,034,000","9,165,000","9,541,000","9,450,000","9,512,000",,"19,698,000","20,921,000","19,965,000","18,200,000","18,600,000","18,500,000","12,900,000","12,300,000","9,700,000","6,500,000","6,800,000","6,900,000","6,100,000","6,000,000","5,500,000","4,800,000","4,800,000","5,700,000","3,000,000","3,300,000","3,400,000","4,300,000","1,800,000","1,700,000","1,600,000","1,200,000","1,200,000","1,100,000","1,100,000","800,000","700,000","700,000","600,000","400,000","300,000","300,000","200,000","300,000","200,000","200,000","100,000","200,000","200,000","200,000",,,,
			DepreciationIncomeStatement,,,,,,,,"300,000",,,,,,,,,,,,,,,,,,,,,,,,,,,,,,,,,,,,,,,,,,,,,,,,,,,,,,,,,,,,,,,,,,,,,,,,,,,,,,,,,,,,,,,,,,,,,,,,,,,,,,,,,,,,,,,,,,,,,,,,,,,,,,
			Amortization,"31,333,000","8,484,000","7,688,000","7,511,000","7,650,000","6,547,000","7,346,000","7,302,000","7,288,000","6,777,000","6,055,000","5,920,000","5,930,000","5,936,000","7,784,000","7,850,000","7,895,000","7,821,000","8,122,000","7,973,000","7,946,000","8,067,000","8,158,000","8,294,000","8,396,000","8,350,000","8,438,000","9,105,000","9,173,000","9,413,000","8,355,000","7,998,000","7,985,000","7,789,000","6,691,000","6,532,000","6,640,000","6,623,000","4,859,000","5,103,000","5,132,000","5,209,000","5,446,000","4,753,000","4,266,000","3,854,000","3,736,000","3,836,000","3,975,000","4,058,000","4,110,000","3,827,000","3,815,000","3,868,000","4,327,000","4,044,000","4,315,000","2,893,000","2,027,000","1,764,000","1,588,000","2,088,000","1,782,000","1,646,000","1,288,000","1,358,000","968,000","226,000","222,000","222,000","1,223,000","1,227,000","1,336,000","1,409,000","1,461,000","1,459,000","1,460,000","1,481,000","8,738,000","8,820,000","9,034,000","9,165,000","9,541,000","9,450,000","9,512,000",,,,,,,,,,,,,,,,,,,,,,,,,,,,,,,,,,,,,,,,,,,,,,,,,
				AmortizationOfIntangiblesIncomeStatement,"31,333,000","8,484,000","7,688,000","7,511,000","7,650,000","6,547,000","7,346,000","7,302,000","7,288,000","6,777,000","6,055,000","5,920,000","5,930,000","5,936,000","7,784,000","7,850,000","7,895,000","7,821,000","8,122,000","7,973,000","7,946,000","8,067,000","8,158,000","8,294,000","8,396,000","8,350,000","8,438,000","9,105,000","9,173,000","9,413,000","8,355,000","7,998,000","7,985,000","7,789,000","6,691,000","6,532,000","6,640,000","6,623,000","4,859,000","5,103,000","5,132,000","5,209,000","5,446,000","4,753,000","4,266,000","3,854,000","3,736,000","3,836,000","3,975,000","4,058,000","4,110,000","3,827,000","3,815,000","3,868,000","4,327,000","4,044,000","4,315,000","2,893,000","2,027,000","1,764,000","1,588,000","2,088,000","1,782,000","1,646,000","1,288,000","1,358,000","968,000","226,000","222,000","222,000","1,223,000","1,227,000","1,336,000","1,409,000","1,461,000","1,459,000","1,460,000","1,481,000","8,738,000","8,820,000","9,034,000","9,165,000","9,541,000","9,450,000","9,512,000",,,,,,,,,,,,,,,,,,,,,,,,,,,,,,,,,,,,,,,,,,,,,,,,,
	OtherOperatingExpenses,,,,,,,,,,,,,,,,,,,,,,,,,,,,,,,,,,,,,,,,"5,103,000","5,132,000",,,,,,,,,,,,,,,,,,,,,,,,,,,,,,,,,,,,,,,"18,392,000",,"6,089,000","32,607,000","3,816,000",,,,,,,,,,,,,,,,,,,,,,,,,,,,,,,,,,,,,,,,,,,,,,,,,,
OperatingIncome,"388,543,000","96,169,000","116,764,000","73,450,000","102,159,000","90,585,000","67,390,000","63,463,000","68,267,000","44,459,000","52,201,000","9,296,000","4,122,000","48,537,000","13,615,000","23,330,000","22,480,000","17,577,000","17,210,000","12,807,000","7,977,000","10,846,000","-1,343,000","10,411,000","6,337,000","23,855,000","45,506,000","26,000,000","42,475,000","37,376,000","62,933,000","54,898,000","51,213,000","55,938,000","66,854,000","46,352,000","37,054,000","29,261,000","57,605,000","35,209,000","27,705,000","32,505,000","51,248,000","24,530,000","24,226,000","17,110,000","28,945,000","11,978,000","11,511,000","22,341,000","21,465,000","8,896,000","8,367,000","3,538,000","58,161,000","35,712,000","32,924,000","26,437,000","46,068,000","20,349,000","21,259,000","20,983,000","31,899,000","21,508,000","15,088,000","11,278,000","10,991,000","26,514,000","24,492,000","23,212,000","29,023,000","26,270,000","24,526,000","530,000","-16,093,000","-13,650,000","-9,331,000","-9,655,000","7,103,000","-31,603,000","-16,924,000","-5,912,000","-32,173,000","-4,230,000","23,545,000","16,001,000","8,310,000","-578,000","-8,401,000","13,900,000","62,000,000","49,700,000","60,300,000","59,900,000","68,600,000","64,800,000","100,300,000","91,300,000","90,400,000","83,600,000","79,100,000","73,500,000","70,600,000","62,200,000","55,100,000","48,700,000","47,900,000","37,300,000","33,400,000","29,300,000","28,000,000","27,200,000","24,400,000","22,400,000","20,600,000","17,400,000","15,100,000","12,900,000","10,100,000","8,500,000","7,000,000","5,500,000","4,700,000","3,800,000","3,400,000","2,700,000","2,400,000","1,900,000","1,700,000","1,500,000","-4,800,000","3,000,000","2,300,000","1,700,000"
NetNonOperatingInterestIncomeExpense,"-50,146,000","-12,986,000","-11,056,000","-13,178,000","-12,925,000","-11,518,000","-15,252,000","-18,960,000","-31,018,000","-11,198,000","-9,372,000","-9,816,000","-11,382,100","-10,275,300","-9,282,000","-9,746,000","-10,820,000","-11,001,000","-8,961,000","-10,557,000","-8,569,000","-9,400,000","-24,735,000","-740,000","-4,100,000","-5,700,000","-2,945,000","-2,800,000","-2,600,000","-2,600,000","-1,938,000","-1,300,000","-1,300,000","-600,000","-814,000","-1,000,000","-1,200,000","-1,100,000","-726,000","-300,000","-500,000","-400,000","-866,000","200,000","600,000","600,000","483,000","400,000","400,000","300,000","-40,000","500,000","500,000",,,,,,,,,,,,,,,,,,,,,,,,,,,,,,,,,,,,,,,,,,,,,,,,,,,,,,,,,,,,,,,,,,,,,,,,,,,,,,,,,
	InterestIncomeNonOperating,,,,,,,,"700,000","1,600,000","900,000","1,200,000","1,000,000","1,000","1,000","1,319,000","900,000","-441,000","-954,000","1,200,000","-357,000","3,156,000","900,000","3,197,000","80,000","700,000","900,000","897,000","800,000","900,000","1,200,000","817,000","700,000","800,000","700,000","662,000","700,000","700,000","800,000","620,000","700,000","700,000","800,000","1,144,000","1,000,000","900,000","900,000","809,000","700,000","700,000","800,000","857,000","900,000","1,200,000",,,,,,,,,,,,,,,,,,,,,,,,,,,,,,,,,,,,,,,,,,,,,,,,,,,,,,,,,,,,,,,,,,,,,,,,,,,,,,,,,
	InterestExpenseNonOperating,"51,946,000","12,986,000","12,856,000","13,178,000","12,925,000","11,518,000","12,052,000","19,660,000","32,618,000","12,098,000","10,572,000","10,816,000","11,383,100","10,276,300","10,601,000","10,646,000","10,820,000","11,001,000","10,161,000","10,557,000","11,725,000","10,300,000","27,932,000","820,000","4,800,000","6,600,000","3,842,000","3,600,000","3,500,000","3,800,000","2,755,000","2,000,000","2,100,000","1,300,000","1,476,000","1,700,000","1,900,000","1,900,000","1,346,000","1,000,000","1,200,000","1,200,000","2,010,000","800,000","300,000","300,000","326,000","300,000","300,000","500,000","897,000","400,000","700,000",,,,,,,,,,,,,,,,,,,,,,,,,,,,,,,,,,,,,,,,,,,,,,,,,,,,,,,,,,,,,,,,,,,,,,,,,,,,,,,,,
	TotalOtherFinanceCost,,,,,,,,,,,,,"-800","-700",,"2,000,000",,,,,,,,"90,000","1,300,000","600,000",,"900,000","1,000,000","600,000",,"1,000,000","1,400,000","1,200,000",,"-4,200,000","700,000","700,000",,,,,,,,,,,,,,,,,,,,,,,,,,,,,,,,,,,,,,,,,,,,,,,,,,,,,,,,,,,,,,,,,,,,,,,,,,,,,,,,,,,,,,,,,,,,,,,,
OtherIncomeExpense,"31,353,000","-27,807,000","63,840,000","-1,803,000","-2,877,000","-1,660,000","3,255,000","300,000","-21,442,000","-14,234,000","-9,050,000","109,000","-26,158,200","-17,837,300","-8,145,000","-3,627,000","-114,000","-105,000","-2,795,000","-1,551,000","-464,000","-7,885,000","-35,185,000","-2,905,000","-5,879,000","-37,747,000","-68,662,000","-5,293,000","-39,487,000","-345,000","-28,651,000","-1,514,000","-1,400,000","-2,267,000","-17,624,000","1,063,000","-16,510,000","-16,102,000","-734,000","-4,126,000","-23,269,000","-2,243,000","-2,721,000","-6,471,000","-1,422,000","-2,486,000","8,327,000","-720,000","-1,005,000","-524,000","-6,546,000","-7,900,000","-10,538,000",,"-7,468,000","-10,900,000","-2,247,000","-9,966,000","-22,719,000","1,724,000","1,348,000","780,000","-4,487,000","-7,207,000","804,000","1,099,000","-5,001,000","2,476,000","2,237,000","-487,000","-4,333,000","-3,848,000","-16,503,000","-22,110,000","-20,364,000","-15,144,000","-887,000","-565,000","-4,670,000","-19,622,000","-952,000","-5,834,000","-44,849,000","-3,368,000","-13,515,000","1,256,000","-11,436,000","-20,835,000","393,000","600,000","-11,700,000","900,000","-38,800,000","-11,900,000","13,400,000","-26,900,000","-77,200,000","3,200,000","2,700,000","2,800,000","2,500,000","2,600,000","-29,300,000","3,100,000","2,700,000","3,000,000","-7,700,000","-16,400,000","2,100,000","1,600,000","1,700,000","1,200,000","900,000","900,000","1,300,000","800,000","500,000","300,000","700,000","600,000","400,000","500,000","400,000","400,000","300,000","400,000","400,000","300,000","300,000","100,000",,,,
	SpecialIncomeCharges,"-35,944,000","-33,991,000","-1,616,000","132,000","-469,000","-247,000","-416,000","-100,000","-18,242,000","-14,034,000","-5,650,000","9,000","-26,980,000","-18,493,000","-1,918,000","-1,627,000","-114,000","-105,000","358,000","-1,551,000","-464,000","-6,285,000","-31,732,000","-2,815,000","-4,579,000","-37,147,000","-67,116,000","-4,393,000","-38,487,000","255,000","-26,825,000","-514,000","0","-1,067,000","-17,848,000","-3,137,000","-15,810,000","-15,402,000","5,128,000","-4,126,000","-23,269,000","-2,243,000","9,572,000","-6,471,000","-1,422,000","-2,486,000","8,327,000","-720,000","-1,005,000","-524,000","-6,546,000","-7,900,000","-10,538,000",,"-7,468,000","-10,900,000","-2,247,000","-9,966,000","-22,719,000","1,724,000","1,348,000","780,000","-4,487,000","-7,207,000","804,000","1,099,000","-5,001,000","2,476,000","2,237,000","-487,000","-4,333,000","-3,848,000","-16,503,000","-22,110,000","-20,364,000","-15,144,000","-887,000","-565,000","-4,670,000","-19,622,000","-952,000","-5,834,000","-44,849,000","-3,368,000","-13,515,000","1,256,000","-11,436,000","-20,835,000","393,000","600,000","-11,700,000","900,000","-38,800,000","-11,900,000","13,400,000","-26,900,000","-77,200,000","3,200,000","2,700,000","2,800,000","2,500,000","2,600,000","-29,300,000","3,100,000","2,700,000","3,000,000","-7,700,000","-16,400,000","2,100,000","1,600,000","1,700,000","1,200,000","900,000","900,000","1,300,000","800,000","500,000","300,000","700,000","600,000","400,000","500,000","400,000","400,000","300,000","400,000","400,000","300,000","300,000","100,000",,,,
		RestructuringAndMergernAcquisition,"35,844,000","33,991,000","1,516,000","-132,000","469,000","247,000","5,316,000","100,000","18,242,000","14,034,000","5,650,000","-9,000","26,980,000","18,493,000","1,918,000","1,627,000","114,000","105,000","-358,000","1,551,000","464,000","6,285,000","31,732,000","2,815,000","4,579,000","37,147,000","784,000","4,393,000","38,487,000","-255,000","26,825,000","514,000","0","1,067,000","17,848,000","3,137,000","15,810,000","15,402,000","0","4,126,000","20,802,000",,,,,,"0","0","0",,"6,274,000","6,609,000","9,788,000",,"4,735,000","3,790,000","1,892,000","9,685,000",,,,,"0","5,947,000",,,,,,,"1,085,000","3,548,000","16,680,000","21,620,000","15,762,000","15,134,000",,,,,,,,,,,,,,,,,,,,,,,,,,,,,,,,,,,,,,,,,,,,,,,,,,,,,,,,,,
		OtherSpecialCharges,,,,,,,,,,,,,,,,,,,,,,,,,,,,,,,,,,,,,,,"-5,128,000","304,000","2,467,000",,,,,,"-8,327,000","720,000","1,005,000",,"272,000","1,291,000","750,000",,"2,733,000","7,110,000","355,000","281,000",,,,,"4,487,000","1,260,000",,,,,,,"3,248,000","300,000","-177,000","490,000","4,602,000","10,000",,,,,,,,,,,,,,,,,,,,,,,,,,,,,,,,,,,,,,,,,,,,,,,,,,,,,,,,,,
		GainOnSaleOfBusiness,,,,,,,,,,,,,,,,,,,,,,,,,,,,,,,,,,,,,,,,,,,,,,,,,,,,"0",,,,,,,,,,,,,,,,,,,,,,,,,,,,,,,,,,,,,,,,,,,,,,,,,,,,,,,,,,,,,,,,,,,,,,,,,,,,,,,,,,
	OtherNonOperatingIncomeExpenses,"67,297,000","6,184,000","65,456,000","-1,935,000","-2,408,000","-1,413,000","3,671,000","100,000","-3,200,000","-200,000","-200,000","100,000","821,800","655,700","755,000","-2,000,000","-10,820,000","-11,001,000","-12,114,000","-10,557,000","-8,569,000","-1,600,000","-1,564,000","-90,000","-1,300,000","-600,000","1,160,000","-900,000","-1,000,000","-600,000","2,643,000","-1,000,000","-1,400,000","-1,200,000","2,251,000","4,200,000","-700,000","-700,000",,,,,,,,,,,,,,,,,,,,,,,,,,,,,,,,,,,,,,,,,,,,,,,,,,,,,,,,,,,,,,,,,,,,,,,,,,,,,,,,,,,,,,,,,,,,,,,,
PretaxIncome,"369,724,000","55,376,000","169,522,000","58,469,000","86,357,000","77,407,000","55,381,000","44,516,000","15,778,000","19,031,000","33,783,000","-485,000","-33,420,000","20,423,000","669,000","9,971,000","11,546,000","6,471,000","5,454,000","699,000","-1,056,000","-6,503,000","-43,373,000","-704,000","-3,569,000","-19,545,000","-26,209,000","17,939,000","387,000","34,407,000","32,368,000","52,106,000","48,521,000","53,118,000","48,407,000","46,396,000","19,377,000","12,054,000","56,159,000","30,779,000","3,936,000","29,862,000","47,661,000","18,259,000","23,404,000","15,224,000","37,755,000","11,658,000","10,906,000","21,817,000","14,879,000","1,496,000","-1,671,000","2,467,000","46,926,000","24,812,000","30,677,000","16,471,000","33,217,000","22,073,000","22,607,000","21,763,000","32,855,000","14,301,000","15,892,000","12,377,000","12,868,000","28,990,000","26,729,000","22,725,000","28,174,000","22,422,000","8,023,000","-21,580,000","-33,197,000","-28,794,000","-10,248,000","-10,220,000","-17,973,000","-32,833,000","-17,876,000","-5,657,000","-34,366,000","-3,782,000","10,030,000","17,257,000","9,735,000","-21,413,000","-8,008,000","14,600,000","61,000,000","50,600,000","21,500,000","48,100,000","68,700,000","38,000,000","23,200,000","94,400,000","93,100,000","86,400,000","81,700,000","76,100,000","41,300,000","65,200,000","57,700,000","51,700,000","40,200,000","21,000,000","35,600,000","31,000,000","29,700,000","28,400,000","25,400,000","23,300,000","21,300,000","18,200,000","15,600,000","13,200,000","11,000,000","9,100,000","7,300,000","5,900,000","5,000,000","4,200,000","3,700,000","3,100,000","2,700,000","2,300,000","2,000,000","1,500,000",,,,
TaxProvision,"-129,773,000","9,287,000","-123,421,000","7,266,000","-22,905,000","53,892,000","1,975,000","9,838,000","8,622,000","-16,424,000","23,957,000","14,273,000","10,093,000","-562,000","-12,522,000","-7,026,000","3,624,000","-7,406,000","-11,981,000","1,650,000","48,000","2,638,000","-14,900,000","-3,777,000","1,604,000","4,347,000","-20,655,000","504,000","-5,005,000","4,123,000","-6,387,000","14,080,000","4,765,000","13,461,000","-8,059,000","11,941,000","2,340,000","-23,757,000","140,144,000","7,884,000","367,000","7,739,000","10,040,000","2,733,000","4,387,000","1,964,000","50,970,000","940,000","1,904,000","3,954,000","-1,021,000","-2,292,000","-8,846,000","-2,192,000","10,422,000","10,342,000","11,829,000","6,591,000","9,341,000","-65,155,000","5,208,000","6,610,000","7,132,000","-2,575,000","5,141,000","4,861,000","-4,407,000","2,336,000","6,225,000","3,566,000","-13,870,000","6,287,000","4,852,000","4,957,000","4,762,000","4,968,000","4,951,000","1,170,000","32,844,000","-8,263,000","-2,591,000","-2,708,000","-9,462,000","-1,097,000","2,909,000","5,003,000","2,823,000","-5,986,000","-2,162,000","4,200,000","17,700,000","15,200,000","11,000,000","18,100,000","23,400,000","22,800,000","20,100,000","32,100,000","32,600,000","30,200,000","28,600,000","26,600,000","14,900,000","23,600,000","20,900,000","18,700,000","17,600,000","7,800,000","13,300,000","11,600,000","11,100,000","10,600,000","9,500,000","8,700,000","7,900,000","6,800,000","5,800,000","4,900,000","4,100,000","3,400,000","2,600,000","2,100,000","1,800,000","1,500,000","1,300,000","1,100,000","1,000,000","800,000","700,000","500,000",,,,
NetIncomeCommonStockholders,"499,497,000","46,089,000","292,943,000","51,203,000","109,262,000","23,515,000","53,406,000","34,678,000","7,156,000","35,455,000","9,826,000","-14,758,000","-43,513,000","20,985,000","13,191,000","16,997,000","7,922,000","13,877,000","17,435,000","-951,000","-1,104,000","-9,141,000","-28,473,000","3,073,000","-5,173,000","-23,892,000","-5,554,000","17,435,000","5,392,000","30,284,000","38,755,000","38,026,000","43,756,000","39,657,000","56,466,000","34,455,000","17,037,000","35,811,000","-83,985,000","22,895,000","3,569,000","22,123,000","37,621,000","15,526,000","19,017,000","13,260,000","-13,215,000","10,718,000","9,002,000","17,863,000","15,900,000","3,788,000","7,175,000","4,659,000","36,504,000","14,470,000","18,848,000","9,880,000","23,876,000","87,228,000","17,399,000","15,153,000","25,723,000","16,876,000","10,751,000","7,516,000","17,275,000","26,654,000","20,504,000","19,159,000","42,044,000","16,135,000","3,171,000","-26,537,000","-37,959,000","-33,762,000","-15,169,000","-11,390,000","-50,817,000","-24,570,000","-15,285,000","-2,949,000","-24,904,000","-2,685,000","7,121,000","12,254,000","6,912,000","-15,427,000","-5,846,000","10,400,000","43,300,000","35,400,000","10,500,000","30,000,000","45,300,000","15,200,000","-15,900,000","62,300,000","60,500,000","56,200,000","53,100,000","49,500,000","26,400,000","41,600,000","36,800,000","33,000,000","22,600,000","13,200,000","22,300,000","19,400,000","18,600,000","17,800,000","15,900,000","14,600,000","13,400,000","11,400,000","9,800,000","8,300,000","6,900,000","5,700,000","4,700,000","3,800,000","3,200,000","2,700,000","2,400,000","2,000,000","1,700,000","1,500,000","1,300,000","1,000,000",,,,
	NetIncome,"499,497,000","46,089,000","292,943,000","51,203,000","109,262,000","23,515,000","53,406,000","34,678,000","7,156,000","35,455,000","9,826,000","-14,758,000","-43,513,000","20,985,000","13,191,000","16,997,000","7,922,000","13,877,000","17,435,000","-951,000","-1,104,000","-9,141,000","-28,473,000","3,073,000","-5,173,000","-23,892,000","-5,554,000","17,435,000","5,392,000","30,284,000","38,755,000","38,026,000","43,756,000","39,657,000","56,466,000","34,455,000","17,037,000","35,811,000","-83,985,000","22,895,000","3,569,000","22,123,000","37,621,000","15,526,000","19,017,000","13,260,000","-13,215,000","10,718,000","9,002,000","17,863,000","15,900,000","3,788,000","7,175,000","4,659,000","36,504,000","14,470,000","18,848,000","9,880,000","23,876,000","87,228,000","17,399,000","15,153,000","25,723,000","16,876,000","10,751,000","7,516,000","17,275,000","26,654,000","20,504,000","19,159,000","42,044,000","16,135,000","3,171,000","-26,537,000","-37,959,000","-33,762,000","-15,169,000","-11,390,000","-50,817,000","-24,570,000","-15,285,000","-2,949,000","-24,904,000","-2,685,000","7,121,000","12,254,000","6,912,000","-15,427,000","-5,846,000","10,400,000","43,300,000","35,400,000","10,500,000","30,000,000","45,300,000","15,200,000","-15,900,000","62,300,000","60,500,000","56,200,000","53,100,000","49,500,000","26,400,000","41,600,000","36,800,000","33,000,000","22,600,000","13,200,000","22,300,000","19,400,000","18,600,000","17,800,000","15,900,000","14,600,000","13,400,000","11,400,000","9,800,000","8,300,000","6,900,000","5,700,000","4,700,000","3,800,000","3,200,000","2,700,000","2,400,000","2,000,000","1,700,000","1,500,000","1,300,000","1,000,000",,,,
		NetIncomeIncludingNoncontrollingInterests,"499,497,000","46,089,000","292,943,000","51,203,000","109,262,000","23,515,000","53,406,000","34,678,000","7,156,000","35,455,000","9,826,000","-14,758,000","-43,513,000","20,985,000","13,191,000","16,997,000","7,922,000","13,877,000","17,435,000","-951,000","-1,104,000","-9,141,000","-28,473,000","3,073,000","-5,173,000","-23,892,000","-5,554,000","17,435,000","5,392,000","30,284,000","38,755,000","38,026,000","43,756,000","39,657,000","56,466,000","34,455,000","17,037,000","35,811,000","-83,985,000","22,895,000","3,569,000","22,123,000","37,621,000","15,526,000","19,017,000","13,260,000","-13,215,000","10,718,000","9,002,000","17,863,000","15,900,000","3,788,000","7,175,000","4,659,000","36,504,000","14,470,000","18,848,000","9,880,000","23,876,000","87,228,000","17,399,000","15,153,000","25,723,000","16,876,000","10,751,000","7,516,000","17,275,000","26,654,000","20,504,000","19,159,000","42,044,000","16,135,000","3,171,000","-26,537,000","-37,959,000","-33,762,000","-15,169,000","-11,390,000","-50,817,000","-24,570,000","-15,285,000","-2,949,000","-24,904,000","-2,685,000","7,121,000","12,254,000","6,912,000","-15,427,000","-5,846,000","10,400,000","43,300,000","35,400,000","10,500,000","30,000,000","45,300,000","15,200,000","-15,900,000","62,300,000","60,500,000","56,200,000","53,100,000","49,500,000","26,400,000","41,600,000","36,800,000","33,000,000","22,600,000","13,200,000","22,300,000","19,400,000","18,600,000","17,800,000","15,900,000","14,600,000","13,400,000","11,400,000","9,800,000","8,300,000","6,900,000","5,700,000","4,700,000","3,800,000","3,200,000","2,700,000","2,400,000","2,000,000","1,700,000","1,500,000","1,300,000","1,000,000","700,000","500,000","300,000","100,000"
			NetIncomeContinuousOperations,"499,497,000","46,089,000","292,943,000","51,203,000","109,262,000","23,515,000","53,406,000","34,678,000","7,156,000","35,455,000","9,826,000","-14,758,000","-43,513,000","20,985,000","13,191,000","16,997,000","7,922,000","13,877,000","17,435,000","-951,000","-1,104,000","-9,141,000","-28,473,000","3,073,000","-5,173,000","-23,892,000","-5,554,000","17,435,000","5,392,000","30,284,000","38,755,000","38,026,000","43,756,000","39,657,000","56,466,000","34,455,000","17,037,000","35,811,000","-83,985,000","22,895,000","3,569,000","22,123,000","37,621,000","15,526,000","19,017,000","13,260,000","-13,215,000","10,718,000","9,002,000","17,863,000","15,900,000","3,788,000","7,175,000","4,659,000","36,504,000","14,470,000","18,848,000","9,880,000","23,876,000","87,228,000","17,399,000","15,153,000","25,723,000","16,876,000","10,751,000","7,516,000","17,275,000","26,654,000","20,504,000","19,159,000","42,044,000","16,135,000","3,171,000","-26,537,000","-37,959,000","-33,762,000","-15,169,000","-11,390,000","-50,817,000","-24,570,000","-15,285,000","-2,949,000","-24,904,000","-2,685,000","7,121,000","12,254,000","6,912,000","-15,427,000","-5,846,000","10,400,000","43,300,000","35,400,000","10,500,000","30,000,000","45,300,000","15,200,000","3,100,000","62,300,000","60,500,000","56,200,000","53,100,000","49,500,000","26,400,000","41,600,000","36,800,000","33,000,000","22,600,000","13,200,000","22,300,000","19,400,000","18,600,000","17,800,000","15,900,000","14,600,000","13,400,000","11,400,000","9,800,000","8,300,000","6,900,000","5,700,000","4,700,000","3,800,000","3,200,000","2,700,000","2,400,000","2,000,000","1,700,000","1,500,000","1,300,000","1,000,000","700,000","500,000","300,000","100,000"
			NetIncomeFromTaxLossCarryforward,,,,,,,,,,,,,,,,,,,,,,,,,,,,,,,,,,,,,,,,,,,,,,,,,,,,,,,,,,,,,,,,,,,,,,,,,,,,,,,,,,,,,,,,,,,,,,,"0",,"-19,000,000",,,,,,,,,,,,,,,,,,,,,,,,,,,,,,,,,,,,,
DilutedNIAvailtoComStockholders,"499,497,000","46,089,000","292,943,000","51,203,000","109,262,000","23,515,000","53,406,000","34,678,000","7,156,000","35,455,000","9,826,000","-14,758,000","-43,513,000","20,985,000","13,191,000","16,997,000","7,922,000","13,877,000","17,435,000","-951,000","-1,104,000","-9,141,000","-28,473,000","3,073,000","-5,173,000","-23,892,000","-5,554,000","17,435,000","5,392,000","30,284,000","38,755,000","38,026,000","43,756,000","39,657,000","56,466,000","34,455,000","17,037,000","35,811,000","-83,985,000","22,895,000","3,569,000","22,123,000","37,621,000","15,526,000","19,017,000","13,260,000","-13,215,000","10,718,000","9,002,000","17,863,000","15,900,000","3,788,000","7,175,000","4,659,000","36,504,000","14,470,000","18,848,000","9,880,000","23,876,000","87,228,000","17,399,000","15,153,000","25,723,000","16,876,000","10,751,000","7,516,000","17,275,000","26,654,000","20,504,000","19,159,000","42,044,000","16,135,000","3,171,000","-26,537,000","-37,959,000","-33,762,000","-15,169,000","-11,390,000","-50,817,000","-24,570,000","-15,285,000","-2,949,000","-24,904,000","-2,685,000","7,121,000","12,254,000","6,912,000","-15,427,000","-5,846,000","10,400,000","43,300,000","35,400,000","10,500,000","30,000,000","45,300,000","15,200,000","-15,900,000","62,300,000","60,500,000","56,200,000","53,100,000","49,500,000","26,400,000","41,600,000","36,800,000","33,000,000","22,600,000","13,200,000","22,300,000","19,400,000","18,600,000","17,800,000","15,900,000","14,600,000","13,400,000","11,400,000","9,800,000","8,300,000","6,900,000","5,700,000","4,700,000","3,800,000","3,200,000","2,700,000","2,400,000","2,000,000","1,700,000","1,500,000","1,300,000","1,000,000",,,,
BasicEPS,,"0.39","2.5","0.44","0.94","0.2",,"0.3","0.06","0.31",,"0.1","-0.1","0.18",,"0.15","0.07","0.12","0.15","-0.01","-0.01","-0.08","-0.25","0.03","-0.05","-0.22","0.08","0.15","0.05","0.26","0.33","0.32","0.37","0.33","0.47","0.29","0.14","0.3",,"0.19","0.03","0.19",,"0.13","0.16","0.11",,"0.09","0.08","0.15",,"0.03","0.06","0.04",,"0.13","0.17","0.09",,"0.77","0.15","0.14",,"0.15","0.1","0.075",,"0.25","0.2","0.175",,"0.15","0.025","-0.25",,"-0.325","-0.15","-0.1",,"-0.225","-0.15","-0.025",,"-0.025","0.075","0.125",,"-0.15","-0.05","0.1",,"0.325","0.1","0.275",,"0.15","-0.15","0.4",,"0.525","0.5","0.475",,"0.4","0.35","0.325",,"0.15","0.25","0.225",,"0.2","0.175","0.175",,"0.125","0.125","0.1",,"0.075","0.075","0.05",,"0.05","0.05","0.025",,"0.025","0.025","0.025",,"0.025","0.025","0.025"
DilutedEPS,,"0.39","2.46","0.43","0.92","0.2",,"0.3","0.06","0.31",,"0.1","-0.1","0.18",,"0.14","0.07","0.12","0.15","-0.01","-0.01","-0.08","-0.25","0.03","-0.05","-0.22","0.08","0.15","0.05","0.26","0.33","0.32","0.36","0.33","0.47","0.29","0.14","0.29",,"0.19","0.03","0.18",,"0.13","0.16","0.11",,"0.09","0.08","0.15",,"0.03","0.06","0.04",,"0.12","0.16","0.08",,"0.74","0.15","0.13",,"0.15","0.09","0.067",,"0.25","0.175","0.172",,"0.147","0.025","-0.25",,"-0.325","-0.15","-0.1",,"-0.225","-0.15","-0.025",,"-0.025","0.075","0.125",,"-0.15","-0.05","0.1",,"0.325","0.1","0.275",,"0.125","-0.15","0.375",,"0.525","0.5","0.475",,"0.4","0.35","0.325",,"0.15","0.25","0.225",,"0.2","0.175","0.175",,"0.125","0.125","0.1",,"0.075","0.075","0.05",,"0.05","0.05","0.025",,"0.025","0.025","0.025",,"0.025","0.025","0.025"
BasicAverageShares,,"117,347,000","117,230,000","116,934,000","116,777,000","116,401,000",,"115,759,000","115,606,000","115,190,000",,"116,133,000","118,461,000","118,323,000",,"115,774,000","116,241,000","117,656,000","117,380,000","115,615,000","115,709,000","115,290,000","114,958,000","115,698,000","114,563,000","114,151,000","115,025,000","116,025,000","115,922,000","117,027,000","118,275,000","119,901,000","120,698,000","121,100,000","121,267,000","120,828,000","121,071,000","119,927,000",,"119,042,000","119,003,000","117,715,000",,"118,214,000","118,194,000","116,827,000",,"115,188,000","115,951,000","116,253,000",,"115,194,000","114,793,000","114,555,000",,"113,491,000","113,811,000","113,680,000",,"113,154,000","112,845,000","111,830,000",,"109,947,000","109,739,000","109,485,200",,"108,716,400","108,499,200","108,014,400",,"107,241,600","107,006,000","106,568,800",,"103,883,077","105,518,400","113,900,000",,"109,200,000","104,211,600","117,960,000",,"107,400,000","94,946,667","98,032,000",,"102,846,667","110,042,800","104,000,000",,"108,923,077","105,000,000","109,090,909",,"101,333,333","106,000,000","102,676,000",,"106,317,600","108,262,400","108,351,200",,"104,000,000","105,142,857","101,538,462",,"88,000,000","89,200,000","86,222,222",,"89,000,000","90,857,143","83,428,571",,"91,200,000","78,400,000","83,000,000",,"76,000,000","62,666,667","76,000,000",,"58,666,667","80,000,000","80,000,000",,"60,000,000","52,000,000","74,284,800",,"75,199,180","75,199,180","75,199,180"
DilutedAverageShares,,"118,598,000","118,921,000","118,611,000","118,331,000","117,605,000",,"116,229,000","116,017,000","115,691,000",,"117,019,000","118,461,000","119,638,000",,"117,500,000","117,905,000","117,656,000","117,380,000","115,615,000","115,709,000","115,290,000","114,958,000","115,698,000","114,563,000","114,151,000","115,025,000","116,025,000","115,922,000","117,027,000","118,275,000","119,901,000","120,698,000","121,100,000","121,267,000","120,828,000","121,071,000","121,805,000",,"120,728,000","121,401,000","120,576,000",,"121,164,000","121,502,000","121,150,000",,"119,003,000","119,856,000","121,113,000",,"117,074,000","115,656,000","117,356,000",,"117,363,000","117,247,000","118,087,000",,"117,500,000","117,486,000","117,283,000",,"112,871,000","113,403,000","112,670,800",,"112,036,400","111,958,000","111,677,600",,"109,993,200","109,440,400","106,568,800",,"103,883,077","105,518,400","113,900,000",,"109,200,000","104,211,600","117,960,000",,"107,400,000","94,946,667","98,032,000",,"102,846,667","110,042,800","104,000,000",,"108,923,077","105,000,000","109,090,909",,"121,600,000","106,000,000","102,676,000",,"106,317,600","108,262,400","108,351,200",,"104,000,000","105,142,857","101,538,462",,"88,000,000","89,200,000","86,222,222",,"89,000,000","90,857,143","83,428,571",,"91,200,000","78,400,000","83,000,000",,"76,000,000","62,666,667","76,000,000",,"58,666,667","80,000,000","80,000,000",,"60,000,000","52,000,000","74,284,800",,"75,199,180","75,199,180","75,199,180"
TotalOperatingIncomeAsReported,"352,588,000","62,178,000","115,137,000","73,582,000","101,690,000","90,338,000","67,012,000","63,401,000","50,025,000","30,425,000","46,551,000","9,305,000","-22,858,000","30,044,000","11,697,000","21,703,000","22,366,000","17,472,000","17,568,000","11,256,000","7,513,000","4,561,000","-33,075,000","7,596,000","1,758,000","-13,292,000","-21,610,000","21,607,000","3,988,000","37,631,000","36,108,000","54,384,000","51,213,000","54,871,000","49,006,000","43,215,000","21,244,000","13,859,000","57,605,000","31,083,000","6,903,000","32,505,000","51,248,000","24,530,000","24,226,000","17,110,000","28,945,000","11,978,000","11,511,000","22,341,000","15,191,000","1,987,000","-1,421,000","3,538,000","53,426,000","31,922,000","31,032,000","14,865,000","30,721,000","19,805,000","21,259,000","20,983,000","31,899,000","13,461,000","15,088,000","11,278,000","11,568,000","26,514,000","24,492,000","23,212,000","27,938,000","22,722,000","7,846,000","-21,090,000","-31,855,000","-28,784,000","-9,331,000","-9,655,000","-24,047,000","-31,603,000","-16,924,000","-5,912,000","-32,173,000","-4,230,000","23,545,000","16,001,000","8,310,000","-578,000","-8,401,000","13,900,000","62,000,000","49,700,000","60,300,000","59,900,000","68,600,000","64,800,000","100,300,000","91,300,000","90,400,000","83,600,000","79,100,000","73,500,000","70,600,000","62,200,000","55,100,000","48,700,000","47,900,000","37,300,000","33,400,000","29,300,000","28,000,000","27,200,000","24,400,000","22,400,000","20,600,000","17,400,000","15,100,000","12,900,000","10,100,000","8,500,000","7,000,000","5,500,000","4,700,000","3,800,000","3,400,000","2,700,000","2,400,000","1,900,000","1,700,000","1,500,000",,,,
TotalExpenses,"1,447,287,000","361,552,000","363,891,000","362,218,000","359,626,000","338,465,000","323,591,000","288,258,000","291,336,000","311,651,000","282,804,000","286,190,000","286,329,000","286,152,000","298,906,000","291,447,000","285,403,000","289,067,000","289,169,000","278,486,000","272,063,000","275,481,000","289,580,000","278,241,000","266,290,000","267,162,000","267,062,000","277,113,000","271,644,000","288,066,000","303,775,000","281,736,000","277,487,000","268,987,000","277,991,000","268,644,000","276,895,000","290,490,000","267,690,000","275,774,000","273,420,000","285,771,000","288,177,000","267,253,000","244,963,000","249,442,000","239,121,000","231,020,000","229,045,000","236,088,000","224,878,000","217,263,000","216,925,000","236,853,000","241,386,000","236,036,000","224,869,000","214,805,000","220,352,000","204,747,000","206,837,000","200,684,000","213,603,000","195,196,000","185,106,000","181,240,000","184,101,000","153,820,000","151,611,000","145,978,000","141,111,000","142,107,000","140,182,000","156,280,000","179,796,000","178,894,000","180,357,000","181,622,000","167,454,000","214,111,000","201,939,000","204,517,000","257,612,000","233,323,000","221,585,000","218,943,000","226,708,000","227,832,000","235,506,000","225,100,000","218,100,000","214,400,000","202,900,000","190,200,000","181,500,000","180,200,000","163,800,000","131,700,000","129,800,000","123,500,000","118,900,000","110,000,000","106,500,000","94,900,000","85,400,000","76,700,000","93,800,000","59,700,000","50,100,000","42,700,000","41,100,000","36,400,000","33,600,000","31,100,000","28,400,000","26,100,000","22,900,000","19,600,000","17,400,000","15,000,000","12,200,000","11,000,000","9,000,000","8,000,000","6,900,000","6,100,000","5,600,000","4,800,000","4,200,000","3,400,000",,,,
NetIncomeFromContinuingAndDiscontinuedOperation,"499,497,000","46,089,000","292,943,000","51,203,000","109,262,000","23,515,000","53,406,000","34,678,000","7,156,000","35,455,000","9,826,000","-14,758,000","-43,513,000","20,985,000","13,191,000","16,997,000","7,922,000","13,877,000","17,435,000","-951,000","-1,104,000","-9,141,000","-28,473,000","3,073,000","-5,173,000","-23,892,000","-5,554,000","17,435,000","5,392,000","30,284,000","38,755,000","38,026,000","43,756,000","39,657,000","56,466,000","34,455,000","17,037,000","35,811,000","-83,985,000","22,895,000","3,569,000","22,123,000","37,621,000","15,526,000","19,017,000","13,260,000","-13,215,000","10,718,000","9,002,000","17,863,000","15,900,000","3,788,000","7,175,000","4,659,000","36,504,000","14,470,000","18,848,000","9,880,000","23,876,000","87,228,000","17,399,000","15,153,000","25,723,000","16,876,000","10,751,000","7,516,000","17,275,000","26,654,000","20,504,000","19,159,000","42,044,000","16,135,000","3,171,000","-26,537,000","-37,959,000","-33,762,000","-15,169,000","-11,390,000","-50,817,000","-24,570,000","-15,285,000","-2,949,000","-24,904,000","-2,685,000","7,121,000","12,254,000","6,912,000","-15,427,000","-5,846,000","10,400,000","43,300,000","35,400,000","10,500,000","30,000,000","45,300,000","15,200,000","3,100,000","62,300,000","60,500,000","56,200,000","53,100,000","49,500,000","26,400,000","41,600,000","36,800,000","33,000,000","22,600,000","13,200,000","22,300,000","19,400,000","18,600,000","17,800,000","15,900,000","14,600,000","13,400,000","11,400,000","9,800,000","8,300,000","6,900,000","5,700,000","4,700,000","3,800,000","3,200,000","2,700,000","2,400,000","2,000,000","1,700,000","1,500,000","1,300,000","1,000,000",,,,
NormalizedIncome,"525,736,120","74,301,530","294,122,680","51,086,840","109,604,370","23,695,310","53,807,164.587","34,756,000","20,472,660","45,699,820","16,286,500","-14,764,570","-23,817,600","34,484,890","19,688,000","18,184,710","8,000,660","13,940,000","20,631,800","-20,400","-825,600","-5,370,000","-6,401,878.957","4,762,000","-2,425,600","5,082,660","36,339,200","21,696,210","28,484,200","30,059,600","59,096,100","38,401,220","43,756,000","40,457,250","69,384,750","36,776,380","30,949,800","45,822,300","-83,507,900","25,948,240","24,743,790","23,782,820","39,768,809.341","21,028,423.243","20,172,450.949","15,425,289.017","-18,627,550","11,379,945.445","9,831,544.288","18,292,032.956","20,154,900","8,923,000","14,024,700","4,659,000","42,313,399.31","21,555,000","20,228,560.55","15,859,600","40,206,157.57","86,107,400","16,361,540.275","14,609,906.676","29,235,984.356","21,200,200","10,207,090.863","6,848,626.323","20,275,600","24,377,514.867","18,787,981.892","19,569,580.11","44,643,800","18,904,042.904","13,072,800","-13,271,000","-25,740,600","-24,675,600","-14,636,800","-11,051,000","-48,015,000","-9,886,220.266","-14,470,985.679","551,400","7,596,712.798","-293,915.918","16,716,245.763","11,362,128.643","15,031,736.21","-416,420.212","-6,132,897.852","9,972,602.74","51,605,081.967","34,770,355.731","33,780,000","37,422,037.422","36,464,192.14","31,340,000","49,420,000","60,188,135.593","58,745,435.016","54,378,703.704","51,475,152.999","47,808,804.205","45,129,297.821","39,622,085.89","35,077,989.601","31,085,106.383","27,220,000","23,508,571.429","20,984,550.562","18,398,709.677","17,535,353.535","17,047,887.324","15,336,614.173","14,036,051.502","12,582,159.624","10,898,901.099","9,485,897.436","8,111,363.636","6,460,909.091","5,324,175.824","4,442,465.753","3,477,966.102","2,944,000","2,442,857.143","2,205,405.405","1,741,935.484","1,448,148.148","1,304,347.826","1,105,000","933,333.333",,,,
InterestIncome,,,,,,,,"700,000","1,600,000","900,000","1,200,000","1,000,000","1,000","1,000","1,319,000","900,000","-441,000","-954,000","1,200,000","-357,000","3,156,000","900,000","3,197,000","80,000","700,000","900,000","897,000","800,000","900,000","1,200,000","817,000","700,000","800,000","700,000","662,000","700,000","700,000","800,000","620,000","700,000","700,000","800,000","1,144,000","1,000,000","900,000","900,000","809,000","700,000","700,000","800,000","857,000","900,000","1,200,000",,,,,,,,,,,,,,,,,,,,,,,,,,,,,,,,,,,,,,,,,,,,,,,,,,,,,,,,,,,,,,,,,,,,,,,,,,,,,,,,,
InterestExpense,"51,946,000","12,986,000","12,856,000","13,178,000","12,925,000","11,518,000","12,052,000","19,660,000","32,618,000","12,098,000","10,572,000","10,816,000","11,383,100","10,276,300","10,601,000","10,646,000","10,820,000","11,001,000","10,161,000","10,557,000","11,725,000","10,300,000","27,932,000","820,000","4,800,000","6,600,000","3,842,000","3,600,000","3,500,000","3,800,000","2,755,000","2,000,000","2,100,000","1,300,000","1,476,000","1,700,000","1,900,000","1,900,000","1,346,000","1,000,000","1,200,000","1,200,000","2,010,000","800,000","300,000","300,000","326,000","300,000","300,000","500,000","897,000","400,000","700,000",,,,,,,,,,,,,,,,,,,,,,,,,,,,,,,,,,,,,,,,,,,,,,,,,,,,,,,,,,,,,,,,,,,,,,,,,,,,,,,,,
NetInterestIncome,"-50,146,000","-12,986,000","-11,056,000","-13,178,000","-12,925,000","-11,518,000","-15,252,000","-18,960,000","-31,018,000","-11,198,000","-9,372,000","-9,816,000","-11,382,100","-10,275,300","-9,282,000","-9,746,000","-10,820,000","-11,001,000","-8,961,000","-10,557,000","-8,569,000","-9,400,000","-24,735,000","-740,000","-4,100,000","-5,700,000","-2,945,000","-2,800,000","-2,600,000","-2,600,000","-1,938,000","-1,300,000","-1,300,000","-600,000","-814,000","-1,000,000","-1,200,000","-1,100,000","-726,000","-300,000","-500,000","-400,000","-866,000","200,000","600,000","600,000","483,000","400,000","400,000","300,000","-40,000","500,000","500,000",,,,,,,,,,,,,,,,,,,,,,,,,,,,,,,,,,,,,,,,,,,,,,,,,,,,,,,,,,,,,,,,,,,,,,,,,,,,,,,,,
EBIT,"421,670,000","68,362,000","182,378,000","71,647,000","99,282,000","88,925,000","67,433,000","64,176,000","48,396,000","31,129,000","44,355,000","10,331,000","-22,036,900","30,699,300","11,270,000","20,617,000","22,366,000","17,472,000","15,615,000","11,256,000","10,669,000","3,797,000","-15,441,000","116,000","1,231,000","-12,945,000","-22,367,000","21,539,000","3,887,000","38,207,000","35,123,000","54,106,000","50,621,000","54,418,000","49,883,000","48,096,000","21,277,000","13,954,000","57,505,000","31,779,000","5,136,000","31,062,000","49,671,000","19,059,000","23,704,000","15,524,000","38,081,000","11,958,000","11,206,000","22,317,000","15,776,000","1,896,000","-971,000","3,538,000","58,161,000","35,712,000","32,924,000","26,437,000","46,068,000","20,349,000","21,259,000","20,983,000","31,899,000","21,508,000","15,088,000","11,278,000","10,991,000","26,514,000","24,492,000","23,212,000","29,023,000","26,270,000","24,526,000","530,000","-16,093,000","-13,650,000","-9,331,000","-9,655,000","7,103,000","-31,603,000","-16,924,000","-5,912,000","-32,173,000","-4,230,000","23,545,000","16,001,000","8,310,000","-578,000","-8,401,000","13,900,000","62,000,000","49,700,000","60,300,000","59,900,000","68,600,000","64,800,000","100,300,000","91,300,000","90,400,000","83,600,000","79,100,000","73,500,000","70,600,000","62,200,000","55,100,000","48,700,000","47,900,000","37,300,000","33,400,000","29,300,000","28,000,000","27,200,000","24,400,000","22,400,000","20,600,000","17,400,000","15,100,000","12,900,000","10,100,000","8,500,000","7,000,000","5,500,000","4,700,000","3,800,000","3,400,000","2,700,000","2,400,000","1,900,000","1,700,000","1,500,000","-4,800,000","3,000,000","2,300,000","1,700,000"
EBITDA,"546,926,000"
ReconciledCostOfRevenue,"285,467,000","72,654,000","75,602,000","71,012,000","66,199,000","65,151,000","62,601,000","36,575,000","69,710,000","74,594,000","72,282,000","69,549,000","66,329,000","63,235,000","63,728,000","66,830,000","69,845,000","69,733,000","68,373,000","68,737,000","68,547,000","68,728,000","69,181,000","68,947,000","66,296,000","67,884,000","63,822,000","67,231,000","74,259,000","81,118,000","84,201,000","80,048,000","82,609,000","81,645,000","79,101,000","79,132,000","80,523,000","84,218,000","76,379,000","81,090,000","82,089,000","86,402,000","86,126,000","79,335,000","71,386,000","75,846,000","66,239,000","62,908,000","65,165,000","66,806,000","61,408,000","62,032,000","67,931,000","72,398,000","76,576,000","72,970,000","70,055,000","66,743,000","65,810,000","63,862,000","64,726,000","64,680,000","66,208,000","61,535,000","58,755,000","55,322,000","52,538,000","46,386,000","43,669,000","41,406,000","37,017,000","38,476,000","32,726,000","43,994,000","50,234,000","46,823,000","43,732,000","41,921,000","43,070,000","43,587,000","46,645,000","45,516,000","52,954,000","54,644,000","53,598,000","71,828,000","50,647,000","48,387,000","54,230,000","51,400,000","47,600,000","43,500,000","41,300,000","36,000,000","30,600,000","31,100,000","30,800,000","17,200,000","14,800,000","13,500,000","13,100,000","12,700,000","11,800,000","8,400,000","10,400,000","9,200,000","10,600,000","6,100,000","5,500,000","4,600,000","4,300,000","3,900,000","2,900,000","2,700,000","2,100,000","2,100,000","1,600,000","1,400,000","1,100,000","700,000","700,000","600,000","-12,400,000","5,500,000","4,600,000","4,000,000","3,700,000","2,800,000","2,700,000","1,900,000",,,,
ReconciledDepreciation,"125,256,000","30,948,000","31,833,000","31,576,000","30,899,000","28,226,000","29,360,000","49,951,000","20,605,000","19,588,000","19,190,000","19,076,000","19,505,000","20,053,000","22,105,000","22,576,000","21,681,000","21,046,000","22,555,000","21,504,000","21,229,000","21,454,000","21,833,000","21,817,000","22,291,000","20,613,000","20,978,000","21,250,000","20,968,000","21,237,000","20,008,000","19,026,000","19,173,000","19,100,000","19,119,000","18,568,000","19,387,000","19,477,000","16,319,000","16,867,000","16,259,000","17,026,000","17,847,000","15,827,000","14,651,000","14,069,000","14,644,000","15,639,000","15,976,000","15,923,000","16,052,000","15,601,000","15,162,000","14,795,000","16,537,000","16,636,000","14,913,000","11,935,000","10,317,000","9,659,000","9,687,000","9,536,000","9,078,000","8,685,000","8,063,000","8,061,000","7,316,000","5,966,000","6,126,000","6,473,000","7,640,000","8,775,000","9,180,000","9,562,000","10,471,000","9,931,000","10,400,000","10,835,000","17,937,000","18,045,000","18,301,000","18,342,000","19,219,000","18,994,000","19,276,000","18,881,000","19,698,000","20,921,000","19,950,000","18,200,000","18,600,000","18,500,000","12,900,000","12,300,000","9,700,000","6,500,000","6,800,000","6,900,000","6,100,000","6,000,000","5,500,000","4,800,000","4,800,000","5,700,000","3,000,000","3,300,000","3,400,000","2,500,000","1,900,000","1,700,000","1,600,000","1,300,000","1,200,000","1,100,000","1,100,000","800,000","700,000","700,000","600,000","500,000","400,000","300,000","200,000","300,000","300,000","200,000","100,000","200,000","200,000","200,000",,,,
NetIncomeFromContinuingOperationNetMinorityInterest,"499,497,000","46,089,000","292,943,000","51,203,000","109,262,000","23,515,000","53,406,000","34,678,000","7,156,000","35,455,000","9,826,000","-14,758,000","-43,513,000","20,985,000","13,191,000","16,997,000","7,922,000","13,877,000","17,435,000","-951,000","-1,104,000","-9,141,000","-28,473,000","3,073,000","-5,173,000","-23,892,000","-5,554,000","17,435,000","5,392,000","30,284,000","38,755,000","38,026,000","43,756,000","39,657,000","56,466,000","34,455,000","17,037,000","35,811,000","-83,985,000","22,895,000","3,569,000","22,123,000","37,621,000","15,526,000","19,017,000","13,260,000","-13,215,000","10,718,000","9,002,000","17,863,000","15,900,000","3,788,000","7,175,000","4,659,000","36,504,000","14,470,000","18,848,000","9,880,000","23,876,000","87,228,000","17,399,000","15,153,000","25,723,000","16,876,000","10,751,000","7,516,000","17,275,000","26,654,000","20,504,000","19,159,000","42,044,000","16,135,000","3,171,000","-26,537,000","-37,959,000","-33,762,000","-15,169,000","-11,390,000","-50,817,000","-24,570,000","-15,285,000","-2,949,000","-24,904,000","-2,685,000","7,121,000","12,254,000","6,912,000","-15,427,000","-5,846,000","10,400,000","43,300,000","35,400,000","10,500,000","30,000,000","45,300,000","15,200,000","3,100,000","62,300,000","60,500,000","56,200,000","53,100,000","49,500,000","26,400,000","41,600,000","36,800,000","33,000,000","22,600,000","13,200,000","22,300,000","19,400,000","18,600,000","17,800,000","15,900,000","14,600,000","13,400,000","11,400,000","9,800,000","8,300,000","6,900,000","5,700,000","4,700,000","3,800,000","3,200,000","2,700,000","2,400,000","2,000,000","1,700,000","1,500,000","1,300,000","1,000,000",,,,
TotalUnusualItemsExcludingGoodwill,"-35,944,000","-33,991,000","-1,616,000","132,000","-469,000","-247,000","-416,000","-100,000","-18,242,000","-14,034,000","-8,850,000","9,000","-26,980,000","-18,493,000","-8,900,000","-1,627,000","-114,000","-105,000","-5,328,000","-1,551,000","-464,000","-6,285,000","-33,621,000","-2,815,000","-4,579,000","-37,147,000","-69,822,000","-4,393,000","-38,487,000","255,000","-31,294,000","-514,000","0","-1,067,000","-19,875,000","-3,137,000","-15,810,000","-15,402,000","-734,000","-4,126,000","-23,269,000","-2,243,000","-2,721,000","-6,471,000","-1,422,000","-2,486,000","8,327,000","-720,000","-1,005,000","-524,000","-6,546,000","-7,900,000","-10,538,000",,"-7,468,000","-10,900,000","-2,247,000","-9,966,000","-22,719,000","1,724,000","1,348,000","780,000","-4,487,000","-7,207,000","804,000","1,099,000","-5,001,000","2,476,000","2,237,000","-487,000","-4,333,000","-3,848,000","-16,503,000","-22,110,000","-20,364,000","-15,144,000","-887,000","-565,000","-4,670,000","-19,622,000","-952,000","-5,834,000","-44,849,000","-3,368,000","-13,515,000","1,256,000","-11,436,000","-20,835,000","393,000","600,000","-11,700,000","900,000","-38,800,000","-11,900,000","13,400,000","-26,900,000","-77,200,000","3,200,000","2,700,000","2,800,000","2,500,000","2,600,000","-29,300,000","3,100,000","2,700,000","3,000,000","-7,700,000","-16,400,000","2,100,000","1,600,000","1,700,000","1,200,000","900,000","900,000","1,300,000","800,000","500,000","300,000","700,000","600,000","400,000","500,000","400,000","400,000","300,000","400,000","400,000","300,000","300,000","100,000",,,,
TotalUnusualItems,"-35,944,000","-33,991,000","-1,616,000","132,000","-469,000","-247,000","-416,000","-100,000","-18,242,000","-14,034,000","-8,850,000","9,000","-26,980,000","-18,493,000","-8,900,000","-1,627,000","-114,000","-105,000","-5,328,000","-1,551,000","-464,000","-6,285,000","-33,621,000","-2,815,000","-4,579,000","-37,147,000","-69,822,000","-4,393,000","-38,487,000","255,000","-31,294,000","-514,000","0","-1,067,000","-19,875,000","-3,137,000","-15,810,000","-15,402,000","-734,000","-4,126,000","-23,269,000","-2,243,000","-2,721,000","-6,471,000","-1,422,000","-2,486,000","8,327,000","-720,000","-1,005,000","-524,000","-6,546,000","-7,900,000","-10,538,000",,"-7,468,000","-10,900,000","-2,247,000","-9,966,000","-22,719,000","1,724,000","1,348,000","780,000","-4,487,000","-7,207,000","804,000","1,099,000","-5,001,000","2,476,000","2,237,000","-487,000","-4,333,000","-3,848,000","-16,503,000","-22,110,000","-20,364,000","-15,144,000","-887,000","-565,000","-4,670,000","-19,622,000","-952,000","-5,834,000","-44,849,000","-3,368,000","-13,515,000","1,256,000","-11,436,000","-20,835,000","393,000","600,000","-11,700,000","900,000","-38,800,000","-11,900,000","13,400,000","-26,900,000","-77,200,000","3,200,000","2,700,000","2,800,000","2,500,000","2,600,000","-29,300,000","3,100,000","2,700,000","3,000,000","-7,700,000","-16,400,000","2,100,000","1,600,000","1,700,000","1,200,000","900,000","900,000","1,300,000","800,000","500,000","300,000","700,000","600,000","400,000","500,000","400,000","400,000","300,000","400,000","400,000","300,000","300,000","100,000",,,,
NormalizedEBITDA,"582,870,000","133,301,000","215,827,000","103,091,000","130,650,000","117,398,000","97,209,000","114,227,000","87,243,000","64,751,000","72,395,000","29,398,000","24,448,100","69,245,300","42,275,000","44,820,000","44,161,000","38,623,000","43,498,000","34,311,000","32,362,000","31,536,000","40,013,000","24,748,000","28,101,000","44,815,000","68,433,000","47,182,000","63,342,000","59,189,000","86,425,000","73,646,000","69,794,000","74,585,000","88,877,000","69,801,000","56,474,000","48,833,000","74,558,000","52,772,000","44,664,000","50,331,000","70,239,000","41,357,000","39,777,000","32,079,000","44,398,000","28,317,000","28,187,000","38,764,000","38,374,000","25,397,000","24,729,000","18,333,000","82,166,000","63,248,000","50,084,000","48,338,000","79,104,000","28,284,000","29,598,000","29,739,000","45,464,000","37,400,000","22,347,000","18,240,000","23,308,000","30,004,000","28,381,000","30,172,000","40,996,000","38,893,000","50,209,000","32,202,000","14,742,000","11,425,000","1,956,000","1,745,000","29,710,000","6,064,000","2,329,000","18,264,000","31,895,000","18,132,000","56,336,000","33,626,000","39,444,000","41,178,000","11,171,000","31,500,000","92,300,000","67,300,000","112,000,000","84,100,000","64,900,000","98,200,000","184,300,000","95,000,000","93,800,000","86,800,000","82,100,000","75,700,000","104,700,000","64,800,000","55,400,000","49,000,000","59,000,000","58,000,000","33,200,000","29,400,000","27,900,000","27,300,000","24,700,000","22,600,000","20,400,000","17,400,000","15,300,000","13,300,000","10,000,000","8,400,000","7,000,000","5,300,000","4,500,000","3,700,000","3,400,000","2,500,000","2,100,000","1,800,000","1,600,000","1,600,000","-4,800,000","3,000,000","2,300,000","1,700,000"
TaxRateForCalcs,"0.27","0.17","0.27","0.12","0.27","0.27","0.036","0.22","0.27","0.27","0.27","0.27","0.27","0.27","0.27","0.27","0.31","0.4","0.4","0.4","0.4","0.4","0.344","0.4","0.4","0.22","0.4","0.03","0.4","0.12","0.35","0.27","0.1","0.25","0.35","0.26","0.12","0.35","0.35","0.26","0.09","0.26","0.211","0.15","0.187","0.129","0.35","0.081","0.175","0.181","0.35","0.35","0.35","0.35","0.222","0.35","0.386","0.4","0.281","0.35","0.23","0.304","0.217","0.4","0.323","0.393","0.4","0.081","0.233","0.157","0.4","0.28","0.4","0.4","0.4","0.4","0.4","0.4","0.4","0.252","0.145","0.4","0.275","0.29","0.29","0.29","0.29","0.28","0.27","0.288","0.29","0.3","0.4","0.376","0.341","0.4","0.4","0.34","0.35","0.35","0.35","0.35","0.361","0.362","0.362","0.362","0.4","0.371","0.374","0.374","0.374","0.373","0.374","0.373","0.371","0.374","0.372","0.371","0.373","0.374","0.356","0.356","0.36","0.357","0.351","0.355","0.37","0.348","0.35","0.333",,,,
TaxEffectOfUnusualItems,"-9,704,880","-5,778,470","-436,320","15,840","-126,630","-66,690","-14,835.413","-22,000","-4,925,340","-3,789,180","-2,389,500","2,430","-7,284,600","-4,993,110","-2,403,000","-439,290","-35,340","-42,000","-2,131,200","-620,400","-185,600","-2,514,000","-11,549,878.957","-1,126,000","-1,831,600","-8,172,340","-27,928,800","-131,790","-15,394,800","30,600","-10,952,900","-138,780","0","-266,750","-6,956,250","-815,620","-1,897,200","-5,390,700","-256,900","-1,072,760","-2,094,210","-583,180","-573,190.659","-968,576.757","-266,549.051","-320,710.983","2,914,450","-58,054.555","-175,455.712","-94,967.044","-2,291,100","-2,765,000","-3,688,300","0","-1,658,600.69","-3,815,000","-866,439.45","-3,986,400","-6,388,842.43","603,400","310,540.275","236,906.676","-974,015.644","-2,882,800","260,090.863","431,626.323","-2,000,400","199,514.867","520,981.892","-76,419.89","-1,733,200","-1,078,957.096","-6,601,200","-8,844,000","-8,145,600","-6,057,600","-354,800","-226,000","-1,868,000","-4,938,220.266","-137,985.679","-2,333,600","-12,348,287.202","-976,915.918","-3,919,754.237","364,128.643","-3,316,263.79","-5,824,420.212","106,102.148","172,602.74","-3,394,918.033","270,355.731","-15,520,000","-4,477,962.578","4,564,192.14","-10,760,000","-30,880,000","1,088,135.593","945,435.016","978,703.704","875,152.999","908,804.205","-10,570,702.179","1,122,085.89","977,989.601","1,085,106.383","-3,080,000","-6,091,428.571","784,550.562","598,709.677","635,353.535","447,887.324","336,614.173","336,051.502","482,159.624","298,901.099","185,897.436","111,363.636","260,909.091","224,175.824","142,465.753","177,966.102","144,000","142,857.143","105,405.405","141,935.484","148,148.148","104,347.826","105,000","33,333.333",,,,