name,ttm,01/31/2022,10/31/2021,07/31/2021,04/30/2021,01/31/2021,10/31/2020,07/31/2020,04/30/2020,01/31/2020,10/31/2019,07/31/2019,04/30/2019,01/31/2019,10/31/2018,07/31/2018,04/30/2018,01/31/2018,10/31/2017,07/31/2017,04/30/2017,01/31/2017,10/31/2016,07/31/2016,04/30/2016,01/31/2016,10/31/2015,07/31/2015,04/30/2015,01/31/2015,10/31/2014,07/31/2014,04/30/2014,01/31/2014,10/31/2013,07/31/2013,04/30/2013,01/31/2013,10/31/2012,07/31/2012,04/30/2012,01/31/2012,10/31/2011,07/31/2011,04/30/2011,01/31/2011,10/31/2010,07/31/2010,04/30/2010,01/31/2010,10/31/2009,07/31/2009,04/30/2009,01/31/2009,10/31/2008,07/31/2008,04/30/2008,01/31/2008,10/31/2007,07/31/2007,04/30/2007,01/31/2007,10/31/2006,07/31/2006,04/30/2006,01/31/2006,10/31/2005,07/31/2005,04/30/2005,01/31/2005,10/31/2004,07/31/2004,04/30/2004,01/31/2004,10/31/2003,07/31/2003,04/30/2003,01/31/2003,10/31/2002,07/31/2002,04/30/2002,01/31/2002,10/31/2001,07/31/2001,04/30/2001,01/31/2001,10/31/2000,07/31/2000,04/30/2000,01/31/2000,10/31/1999,07/31/1999,04/30/1999,01/31/1999,10/31/1998,07/31/1998,04/30/1998,01/31/1998,10/31/1997,07/31/1997,04/30/1997,01/31/1997,10/31/1996,07/31/1996,04/30/1996,01/31/1996,10/31/1995,07/31/1995,04/30/1995,01/31/1995,10/31/1994,07/31/1994,04/30/1994,01/31/1994,10/31/1993,07/31/1993,04/30/1993,01/31/1993,10/31/1992,07/31/1992,04/30/1992,01/31/1992,10/31/1991,07/31/1991,04/30/1991,01/31/1991,10/31/1990,07/31/1990,04/30/1990,01/31/1990,10/31/1989,07/31/1989,04/30/1989,01/31/1989,10/31/1988,07/31/1988,04/30/1988,01/31/1988,10/31/1987,07/31/1987,04/30/1987,01/31/1987,10/31/1986,07/31/1986,04/30/1986,01/31/1986,10/31/1985
TotalRevenue,"9,154,700,000","2,429,700,000","2,332,500,000","2,313,200,000","2,079,300,000","2,089,800,000","2,118,100,000","1,580,700,000","1,344,000,000","2,600,800,000","2,587,700,000","2,364,200,000","2,356,300,000","2,484,000,000","2,524,500,000","2,333,700,000","2,314,600,000","2,498,900,000","2,357,000,000","2,069,900,000","1,989,000,000","2,107,700,000","2,244,300,000","1,933,300,000","1,917,800,000","2,112,500,000","2,164,500,000","1,864,000,000","1,879,300,000","2,068,800,000","2,233,100,000","1,975,600,000","1,963,700,000","2,052,219,000","2,259,125,000","1,964,847,000","1,910,160,000","1,636,200,000","1,642,770,000","1,336,623,000","1,427,406,000","1,532,836,000","1,654,160,000","1,334,444,000","1,369,184,000","1,398,117,000","1,516,419,000","1,103,268,000","619,044,000","614,583,000","697,440,000","529,283,000","557,425,000","577,786,000","727,484,000","560,967,000","625,698,000","584,523,000","696,370,000","552,376,000","591,906,000","557,021,000","568,261,000","458,928,000","506,438,000","460,089,000","533,181,000","443,469,000","472,109,000","413,810,000","473,456,000","375,924,000","381,283,000","374,606,000","453,291,000","377,085,000","377,029,000","315,257,000","409,103,000","331,192,000","349,421,000","325,589,000","405,002,000","334,378,000","366,923,000","374,032,000","443,374,000","327,832,000","310,310,000","296,990,000","368,000,000","316,800,000","289,700,000","326,600,000","374,400,000","306,400,000","295,800,000","337,000,000","413,600,000","313,500,000","285,900,000","380,900,000","391,200,000","313,800,000","273,700,000","383,600,000","448,000,000","349,500,000","283,000,000","353,400,000","379,400,000","283,800,000","238,900,000","309,100,000","357,400,000","264,000,000","221,900,000","272,500,000","322,300,000","239,500,000","208,300,000","232,100,000","286,300,000","205,300,000","180,400,000","218,300,000","241,500,000","191,100,000","155,400,000","185,900,000","232,500,000","166,400,000","148,100,000","164,100,000","210,400,000","143,600,000","122,900,000","88,000,000","181,800,000","115,100,000","115,100,000","130,400,000","169,000,000","110,900,000","104,100,000","128,600,000","187,100,000"
	OperatingRevenue,"9,154,700,000","2,429,700,000","2,332,500,000","2,313,200,000","2,079,300,000","2,089,800,000","2,118,100,000","1,580,700,000","1,344,000,000","2,600,800,000","2,587,700,000","2,364,200,000","2,356,300,000","2,484,000,000","2,524,500,000","2,333,700,000","2,314,600,000","2,498,900,000","2,357,000,000","2,069,900,000","1,989,000,000","2,107,700,000","2,244,300,000","1,933,300,000","1,917,800,000","2,112,500,000","2,164,500,000","1,864,000,000","1,879,300,000","2,068,800,000","2,233,100,000","1,975,600,000","1,963,700,000","2,052,219,000","2,259,125,000","1,964,847,000","1,910,160,000","1,636,200,000","1,642,770,000","1,336,623,000","1,427,406,000","1,532,836,000","1,654,160,000","1,334,444,000","1,369,184,000","1,398,117,000","1,516,419,000","1,103,268,000","619,044,000","614,583,000","697,440,000","529,283,000","557,425,000","577,786,000","727,484,000","560,967,000","625,698,000","584,523,000","696,370,000","552,376,000","591,906,000","557,021,000","568,261,000","458,928,000","506,438,000","460,089,000","533,181,000","443,469,000","472,109,000","413,810,000","473,456,000","375,924,000","381,283,000","374,606,000","453,291,000","377,085,000","377,029,000","315,257,000","409,103,000","331,192,000","349,421,000","325,589,000","405,002,000","334,378,000","366,923,000","374,032,000","443,374,000","327,832,000","310,310,000","296,990,000","368,000,000","316,800,000","289,700,000","326,600,000","374,400,000","306,400,000","295,800,000","337,000,000","413,600,000","313,500,000","285,900,000","380,900,000","391,200,000","313,800,000","273,700,000","383,600,000","448,000,000","349,500,000","283,000,000","353,400,000","379,400,000","283,800,000","238,900,000","309,100,000","357,400,000","264,000,000","221,900,000","272,500,000","322,300,000","239,500,000","208,300,000","232,100,000","286,300,000","205,300,000","180,400,000","218,300,000","241,500,000","191,100,000","155,400,000","185,900,000","232,500,000","166,400,000","148,100,000","164,100,000","210,400,000","143,600,000","122,900,000","88,000,000","181,800,000","115,100,000","115,100,000","130,400,000","169,000,000","110,900,000","104,100,000","128,600,000","187,100,000"
CostOfRevenue,"3,830,600,000","1,013,400,000","987,400,000","979,600,000","850,200,000","963,500,000","1,016,800,000","697,400,000","678,100,000","1,202,900,000","1,181,500,000","1,075,800,000","1,060,400,000","1,128,500,000","1,159,700,000","1,036,700,000","1,023,600,000","1,129,900,000","1,059,700,000","922,600,000","908,200,000","969,700,000","1,052,700,000","899,500,000","910,900,000","1,039,600,000","1,063,500,000","861,900,000","893,700,000","997,500,000","1,065,600,000","920,900,000","930,500,000","982,676,000","1,087,347,000","938,759,000","958,299,000","755,544,000","773,686,000","593,962,000","670,577,000","758,626,000","825,192,000","610,312,000","640,605,000","661,907,000","722,952,000","528,027,000","302,011,000","307,236,000","359,766,000","263,527,000","285,599,000","318,145,000","386,184,000","272,030,000","314,908,000","292,170,000","367,762,000","274,923,000","299,333,000","277,409,000","287,880,000","231,781,000","263,714,000","237,830,000","283,935,000","233,313,000","262,715,000","216,020,000","263,544,000","202,921,000","207,951,000","205,847,000","275,272,000","221,296,000","222,062,000","183,067,000","258,603,000","201,532,000","230,541,000","204,605,000","261,248,000","214,594,000","245,215,000","235,273,000","288,644,000","206,938,000","199,270,000","182,447,000","234,400,000","200,100,000","184,100,000","213,100,000","240,600,000","190,600,000","186,500,000","249,500,000","268,700,000","214,300,000","181,400,000","254,400,000","255,700,000","202,800,000","174,400,000","260,500,000","302,000,000","222,600,000","177,400,000","231,800,000","252,300,000","183,300,000","153,900,000","192,500,000","226,500,000","162,400,000","139,200,000","164,800,000","201,700,000","147,200,000","128,300,000","146,000,000","183,800,000","126,300,000","115,200,000","140,900,000","154,400,000","121,000,000","96,000,000","122,300,000","154,000,000","111,600,000",,,,,,,,,,,,,,,
GrossProfit,"5,324,100,000","1,416,300,000","1,345,100,000","1,333,600,000","1,229,100,000","1,126,300,000","1,101,300,000","883,300,000","665,900,000","1,397,900,000","1,406,200,000","1,288,400,000","1,295,900,000","1,355,500,000","1,364,800,000","1,297,000,000","1,291,000,000","1,369,000,000","1,297,300,000","1,147,300,000","1,080,800,000","1,138,000,000","1,191,600,000","1,033,800,000","1,006,900,000","1,072,900,000","1,101,000,000","1,002,100,000","985,600,000","1,071,300,000","1,167,500,000","1,054,700,000","1,033,200,000","1,069,543,000","1,171,778,000","1,026,088,000","951,861,000","880,656,000","869,084,000","742,661,000","756,829,000","774,210,000","828,968,000","724,132,000","728,579,000","736,210,000","793,467,000","575,241,000","317,033,000","307,347,000","337,674,000","265,756,000","271,826,000","259,641,000","341,300,000","288,937,000","310,790,000","292,353,000","328,608,000","277,453,000","292,573,000","279,612,000","280,381,000","227,147,000","242,724,000","222,259,000","249,246,000","210,156,000","209,394,000","197,790,000","209,912,000","173,003,000","173,332,000","168,759,000","178,019,000","155,789,000","154,967,000","132,190,000","150,500,000","129,660,000","118,880,000","120,984,000","143,754,000","119,784,000","121,708,000","138,759,000","154,730,000","120,894,000","111,040,000","114,543,000","133,600,000","116,700,000","105,600,000","113,500,000","133,800,000","115,800,000","109,300,000","87,500,000","144,900,000","99,200,000","104,500,000","126,500,000","135,500,000","111,000,000","99,300,000","123,100,000","146,000,000","126,900,000","105,600,000","121,600,000","127,100,000","100,500,000","85,000,000","116,600,000","130,900,000","101,600,000","82,700,000","107,700,000","120,600,000","92,300,000","80,000,000","86,100,000","102,500,000","79,000,000","65,200,000","77,400,000","87,100,000","70,100,000","59,400,000","63,600,000","78,500,000","54,800,000",,,,,,,,,,,,,,,
OperatingExpense,"4,453,900,000","1,255,200,000","1,097,300,000","1,062,000,000","1,039,400,000","1,173,700,000","987,200,000","882,200,000","940,100,000","1,257,600,000","1,141,600,000","1,154,500,000","1,161,500,000","1,217,000,000","1,091,300,000","1,071,500,000","1,053,000,000","1,291,400,000","1,020,300,000","968,500,000","968,000,000","978,800,000","918,000,000","874,700,000","865,200,000","898,500,000","853,800,000","850,500,000","814,900,000","1,065,800,000","892,900,000","895,800,000","859,100,000","885,623,000","927,370,000","953,468,000","907,008,000","760,027,000","634,854,000","592,929,000","606,505,000","666,689,000","632,126,000","590,653,000","608,135,000","644,403,000","615,176,000","612,737,000","339,590,000","254,534,000","247,238,000","214,307,000","222,712,000","307,556,000","254,832,000","234,451,000","230,081,000","239,636,000","226,310,000","209,517,000","207,029,000","232,453,000","195,738,000","176,706,000","191,029,000","179,772,000","177,638,000","165,034,000","161,765,000","166,972,000","160,408,000","144,483,000","153,038,000","177,497,000","142,349,000","135,737,000","149,665,000","117,524,000","118,332,000","111,885,000","114,454,000","130,244,000","117,770,000","102,742,000","114,335,000","123,071,000","116,852,000","105,968,000","108,995,000","103,433,000","102,900,000","103,100,000","104,200,000","104,500,000","104,500,000","102,500,000","108,800,000","193,600,000","119,000,000","104,600,000","106,300,000","111,400,000","108,600,000","102,100,000","102,600,000","84,400,000","148,700,000","115,000,000","106,000,000","111,800,000","97,300,000","88,200,000","87,200,000","95,300,000","89,000,000","85,700,000","81,500,000","90,000,000","83,900,000","78,700,000","74,900,000","71,700,000","71,300,000","65,500,000","61,900,000","64,300,000","61,500,000","57,500,000","54,400,000","54,100,000","53,700,000","44,900,000",,,,,,,,,,,,,,,
	SellingGeneralAndAdministration,"4,453,900,000","1,255,200,000","1,097,300,000","1,062,000,000","1,039,400,000","1,173,700,000","987,200,000","882,200,000","940,100,000","1,257,600,000","1,141,600,000","1,154,500,000","1,161,500,000","1,217,000,000","1,091,300,000","1,071,500,000","1,053,000,000","1,291,400,000","1,020,300,000","968,500,000","968,000,000","978,800,000","918,000,000","874,700,000","865,200,000","898,500,000","853,800,000","850,500,000","814,900,000","1,065,800,000","892,900,000","895,800,000","859,100,000","885,623,000","927,370,000","953,468,000","907,008,000","760,027,000","634,854,000","592,929,000","606,505,000","665,833,000","632,982,000","590,653,000","608,135,000","644,403,000","615,176,000","524,637,000","287,200,000","254,534,000","247,238,000","214,307,000","222,712,000","309,420,000","254,832,000","234,451,000","230,081,000","239,636,000","226,310,000","209,517,000","207,029,000","232,453,000","195,738,000","177,381,000","191,029,000","179,772,000","177,638,000","165,034,000","161,765,000","166,972,000","160,408,000","144,483,000","153,038,000","174,001,000","142,349,000","135,737,000","149,665,000","117,524,000","118,332,000","111,885,000","114,454,000","130,244,000","117,770,000","102,742,000","114,335,000","117,608,000","111,854,000","101,175,000","104,198,000","98,516,000","98,100,000","98,200,000","99,400,000","98,300,000","98,800,000","95,800,000","102,000,000","184,100,000","113,800,000","99,600,000","100,700,000","105,800,000","102,800,000","96,400,000","96,400,000","81,400,000","141,700,000","107,700,000","97,800,000","104,800,000","91,500,000","82,500,000","81,400,000","89,800,000","84,500,000","81,100,000","76,900,000","85,600,000","80,400,000","75,300,000","71,200,000","68,200,000","68,500,000","62,700,000","58,900,000","61,500,000","59,200,000","55,200,000","52,000,000","52,400,000","51,800,000","43,000,000",,,,,,,,,,,,,,,
		GeneralAndAdministrativeExpense,,,,,,"1,173,700,000","987,200,000","882,200,000","940,100,000","1,257,600,000","1,141,600,000","1,154,500,000","1,161,500,000","1,217,000,000","1,091,300,000","1,071,500,000","1,053,000,000","1,291,400,000","1,020,300,000","968,500,000","968,000,000","978,800,000","918,000,000","874,700,000","865,200,000","898,500,000","853,800,000","850,500,000","814,900,000","1,065,800,000","892,900,000","895,800,000","859,100,000","885,623,000","927,370,000","953,468,000","907,008,000","760,027,000","634,854,000","592,929,000","606,505,000","665,833,000",,,,,,,,,,,,,,,,,,,,,,,,,,,,,,,,,,,,,,,,,,,,,,,,,,,,,,,,,,,,,,,,,,,,,,,,,,,,,,,,,,,,,,,,,,,,,,,,,,,,,,,,,
			SalariesAndWages,"88,600,000",,,,,,,,"-3,600,000","96,100,000","-2,000,000","-1,900,000","-2,200,000","12,900,000","-2,700,000","-2,600,000","-2,500,000",,,,,,,,,,,,,,,,,,,,,,,,,,,,,,,,,,,,,,,,,,,,,,,,,,,,,,,,,,,,,,,,,,,,,,,,,,,,,,,,,,,,,,,,,,,,,,,,,,,,,,,,,,,,,,,,,,,,,,,,,,,,,,,,,,
			OtherGandA,,,,,,"1,173,700,000","987,200,000","882,200,000","940,100,000","1,257,600,000","1,141,600,000","1,154,500,000","1,161,500,000","1,217,000,000","1,091,300,000","1,071,500,000","1,053,000,000","1,291,400,000","1,020,300,000","968,500,000","968,000,000","978,800,000","918,000,000","874,700,000","865,200,000","898,500,000","853,800,000","850,500,000","814,900,000","1,065,800,000","892,900,000","895,800,000","859,100,000","885,623,000","927,370,000","953,468,000","907,008,000","760,027,000","634,854,000","592,929,000","606,505,000","665,833,000",,,,,,,,,,,,,,,,,,,,,,,,,,,,,,,,,,,,,,,,,,,,,,,,,,,,,,,,,,,,,,,,,,,,,,,,,,,,,,,,,,,,,,,,,,,,,,,,,,,,,,,,,
	DepreciationAmortizationDepletionIncomeStatement,,,,,,,,,,,,,,,,,,,,,,,,,,,,,,,,,,,,,,,,,,,,,,,,,,,,,,,,,,,,,,,,,,,,,,,,,,,,,,,,,,,,,,"5,463,000","4,998,000","4,793,000","4,797,000","4,917,000","4,800,000","4,900,000","4,800,000","6,200,000","5,700,000","6,700,000","6,800,000","9,500,000","5,200,000","5,000,000","5,600,000","5,600,000","5,800,000","5,700,000","6,200,000","3,000,000","7,000,000","7,300,000","8,200,000","7,000,000","5,800,000","5,700,000","5,800,000","5,500,000","4,500,000","4,600,000","4,600,000","4,400,000","3,500,000","3,400,000","3,700,000","3,500,000","2,800,000","2,800,000","3,000,000","2,800,000","2,300,000","2,300,000","2,400,000","1,700,000","1,900,000","1,900,000",,,,,,,,,,,,,,,
		DepreciationAndAmortizationInIncomeStatement,,,,,,,,,,,,,,,,,,,,,,,,,,,,,,,,,,,,,,,,,,,,,,,,,,,,,,,,,,,,,,,,,,,,,,,,,,,,,,,,,,,,,,"5,463,000","4,998,000","4,793,000","4,797,000","4,917,000","4,800,000","4,900,000","4,800,000","6,200,000","5,700,000","6,700,000","6,800,000","9,500,000","5,200,000","5,000,000","5,600,000","5,600,000","5,800,000","5,700,000","6,200,000","3,000,000","7,000,000","7,300,000","8,200,000","7,000,000","5,800,000","5,700,000","5,800,000","5,500,000","4,500,000","4,600,000","4,600,000","4,400,000","3,500,000","3,400,000","3,700,000","3,500,000","2,800,000","2,800,000","3,000,000","2,800,000","2,300,000","2,300,000","2,400,000","1,700,000","1,900,000","1,900,000",,,,,,,,,,,,,,,
	OtherOperatingExpenses,,,,,,,,,,,,,,,,,,,,,,,,,,,,,,,,,,,,,,,,,,,"-856,000",,,"0",,"88,100,000","52,390,000",,,,,,,,,,,,,,,"-675,000",,,,,,,,,,,,,,,,,,,,,,,,,,,,,,,,,,,,,,,,,,,,,,,,,,,,,,,,,,,,,,,,,,,,,,,,,,,,,,,,,,,
OperatingIncome,"870,200,000","161,100,000","247,800,000","271,600,000","189,700,000","-47,400,000","114,100,000","1,100,000","-274,200,000","140,300,000","264,600,000","133,900,000","134,400,000","138,500,000","273,500,000","225,500,000","238,000,000","77,600,000","277,000,000","178,800,000","112,800,000","159,200,000","273,600,000","159,100,000","141,700,000","174,400,000","247,200,000","151,600,000","170,700,000","5,500,000","274,600,000","158,900,000","174,100,000","183,920,000","244,408,000","72,620,000","44,853,000","120,629,000","234,230,000","149,732,000","150,324,000","107,521,000","196,842,000","133,479,000","120,444,000","91,807,000","178,291,000","-37,496,000","-22,557,000","52,813,000","90,436,000","51,449,000","49,114,000","-47,915,000","86,468,000","54,486,000","80,709,000","52,717,000","102,298,000","67,936,000","85,544,000","47,159,000","84,643,000","50,441,000","51,695,000","42,487,000","71,608,000","45,122,000","47,629,000","30,818,000","49,504,000","28,520,000","20,294,000","-8,738,000","35,670,000","20,052,000","5,302,000","14,666,000","32,168,000","17,775,000","4,426,000","-9,260,000","25,984,000","17,042,000","7,373,000","15,688,000","37,878,000","14,926,000","2,045,000","11,110,000","30,700,000","13,600,000","1,400,000","9,000,000","29,300,000","13,300,000","500,000","-106,100,000","25,900,000","-5,400,000","-1,800,000","15,100,000","26,900,000","8,900,000","-3,300,000","38,700,000","-2,700,000","11,900,000","-400,000","9,800,000","29,800,000","12,300,000","-2,200,000","21,300,000","41,900,000","15,900,000","1,200,000","17,700,000","36,700,000","13,600,000","5,100,000","14,400,000","31,200,000","13,500,000","3,300,000","13,100,000","25,600,000","12,600,000","5,000,000","9,500,000","24,800,000","9,900,000","148,100,000","-431,200,000","210,400,000","143,600,000","122,900,000","-372,600,000","181,800,000","115,100,000","115,100,000","-340,300,000","169,000,000","110,900,000","104,100,000","-382,400,000","187,100,000"
NetNonOperatingInterestIncomeExpense,"-104,200,000","-23,900,000","-24,600,000","-26,300,000","-29,400,000","-34,500,000","-33,500,000","-32,100,000","-21,200,000","-30,000,000","-27,800,000","-27,000,000","-29,900,000","-29,200,000","-29,400,000","-29,100,000","-28,400,000","-32,900,000","-30,900,000","-29,700,000","-28,700,000","-28,700,000","-29,200,000","-28,100,000","-29,000,000","-27,800,000","-27,400,000","-28,000,000","-29,800,000","-32,000,000","-32,100,000","-33,800,000","-40,600,000","-45,400,000","-45,968,000","-47,379,000","-45,949,000","-31,367,000","-28,284,000","-28,355,000","-29,244,000","-32,030,000","-31,542,000","-31,446,000","-33,070,000","-38,097,000","-41,225,000","-39,225,000","-8,275,000","-8,251,000","-8,133,000","-7,985,000","-7,860,000",,,,,,,,,,,,,,,,,,,,,,,,,,,,,,,,,,,,,,,,,,,,,,,,,,,,,,,,,,,,,,,,,,,,,,,,,,,,,,,,,,,,,,,,,,,,,,
	InterestIncomeNonOperating,"4,400,000","1,000,000","1,300,000","1,000,000","1,100,000","1,400,000","900,000","600,000","1,300,000","1,500,000","1,400,000","1,300,000","1,100,000","1,600,000","900,000","1,200,000","1,000,000","2,000,000","1,400,000","1,200,000","1,700,000","1,900,000","2,000,000","1,100,000","900,000","700,000","1,000,000","1,200,000","1,100,000","800,000","1,500,000","1,200,000","1,500,000","1,508,000","1,884,000","2,116,000","1,995,000","651,000","376,000","197,000","273,000","402,000","138,000","353,000","374,000","642,000","509,000","481,000","107,000","159,000","237,000","393,000","506,000",,,,,,,,,,,,,,,,,,,,,,,,,,,,,,,,,,,,,,,,,,,,,,,,,,,,,,,,,,,,,,,,,,,,,,,,,,,,,,,,,,,,,,,,,,,,,,
	InterestExpenseNonOperating,"108,600,000","24,900,000","25,900,000","27,300,000","30,500,000","35,900,000","34,400,000","32,700,000","22,500,000","31,500,000","29,200,000","28,300,000","31,000,000","30,800,000","30,300,000","30,300,000","29,400,000","34,900,000","32,300,000","30,900,000","30,400,000","30,600,000","31,200,000","29,200,000","29,900,000","28,500,000","28,400,000","29,200,000","30,900,000","32,800,000","33,600,000","35,000,000","42,100,000","46,908,000","47,852,000","49,495,000","47,944,000","32,018,000","28,660,000","28,552,000","29,517,000","32,432,000","31,680,000","31,799,000","33,444,000","38,739,000","41,734,000","39,706,000","8,382,000","8,410,000","8,370,000","8,378,000","8,366,000",,,,,,,,,,,,,,,,,,,,,,,,,,,,,,,,,,,,,,,,,,,,,,,,,,,,,,,,,,,,,,,,,,,,,,,,,,,,,,,,,,,,,,,,,,,,,,
	TotalOtherFinanceCost,,,,,,,,,,"30,000,000","27,800,000","27,000,000","29,900,000","29,200,000","29,400,000","29,100,000","28,400,000","32,900,000","30,900,000",,"28,700,000","28,700,000","29,200,000","28,100,000","29,000,000","27,800,000","27,400,000","28,000,000","29,800,000","32,000,000","32,100,000","33,800,000","40,600,000","45,400,000","45,968,000","47,379,000",,"31,367,000","28,284,000","28,355,000","29,244,000","32,030,000","31,542,000",,,,,,,,,,,,,,,,,,,,,,,,,,,,,,,,,,,,,,,,,,,,,,,,,,,,,,,,,,,,,,,,,,,,,,,,,,,,,,,,,,,,,,,,,,,,,,,,,,,,,,,,
OtherIncomeExpense,"206,700,000","62,200,000","129,400,000","7,400,000","7,700,000","73,700,000","8,000,000","-2,800,000","-944,200,000","-236,000,000","4,900,000","115,900,000","700,000","-4,800,000","8,800,000","5,900,000","6,300,000","-19,600,000","3,700,000","1,700,000","400,000","-5,500,000","-75,700,000","-16,100,000","152,900,000","1,600,000","6,400,000","2,500,000","6,100,000","700,000","5,300,000","400,000","-89,600,000","0","4,916,000","813,000","-38,068,000","404,000","3,193,000","-74,000","1,924,000","1,367,000",,,,"0",,"-6,650,000",,,,,,,,,"1,864,000","0",,,"3,335,000","0",,"675,000","31,368,000",,,,,,,,,"0",,"3,496,000",,,,,,,,,,,,,,"-2,300,000","-2,000,000","-2,700,000","-1,500,000","-2,100,000","-2,100,000","-2,300,000","-2,000,000",,,"-41,200,000",,,,,,,,,,,,,,,"-1,200,000","-100,000",,"-700,000","100,000","200,000","-1,300,000",,"-300,000","200,000",,"-2,700,000","600,000","800,000","700,000","-1,900,000","700,000","400,000",,,,,,,,,,,,,,,
	EarningsFromEquityInterest,"23,700,000","9,600,000","6,300,000","4,100,000","3,700,000","5,700,000","4,400,000","-3,500,000","-11,200,000","2,100,000","2,900,000","900,000","3,700,000","8,100,000","6,100,000","3,300,000","3,800,000","4,300,000","3,700,000","1,700,000","400,000","-600,000","1,200,000","-300,000","-200,000","1,600,000","6,400,000","2,500,000","6,100,000","700,000","5,300,000","400,000","3,500,000","0","4,916,000","813,000","2,327,000","404,000","3,193,000","-74,000","1,924,000","511,000",,,,,,,,,,,,,,,,,,,,,,,,,,,,,,,,,,,,,,,,,,,,,,,,,,,,,,,,,,,,,,,,,,,,,,,,,,,,,,,,,,,,,,,,,,,,,,,,,,,,,,,,,
	SpecialIncomeCharges,"0","0","0","0","0","3,100,000","0",,"-933,500,000","0","0","0","-5,200,000",,,,"2,500,000","-23,900,000","0","0","0","0","0","-15,800,000","153,100,000",,"0","0","0","0","0","0","-93,100,000","0","0","0","-40,395,000","0","0","0","0","0","0","0","0","0","0","-6,650,000",,,"0","0",,,,,"1,864,000","0",,,"3,335,000","0",,"675,000","31,368,000",,,,,,,,,"0",,"3,496,000",,,,,,,,,,,,,,"-2,300,000","-2,000,000","-2,700,000","-1,500,000","-2,100,000","-2,100,000","-2,300,000","-2,000,000",,,"-41,200,000",,,,,,,,,,,,,,,"-1,200,000","-100,000",,"-700,000","100,000","200,000","-1,300,000",,"-300,000","200,000",,"-2,700,000","600,000","800,000","700,000","-1,900,000","700,000","400,000",,,,,,,,,,,,,,,
		ImpairmentOfCapitalAssets,"0","0","0","0","0","0","0",,"933,500,000",,,,,,,,,,,,,,,,,,,,,,,,,,,,,,,,,,,,,,,,,,,,,,,,,,,,,,,,,,,,,,,,,,,,,,,,,,,,,,,,,,,,,,,,,,,,,,,,,,,,,,,,,,,,,,,,,,,,,,,,,,,,,,,,,,,,,,,,,,
		WriteOff,,,,,,,,,,,,,,,,,,,,"0","0",,,"0","-153,100,000",,,,,,,,,,,,,,,,,,,,,,"0",,,,,,,,,,,,,,,,,,,,,,,,,,,,,,,,,,,,,,,,,,,,,,,,,,,,,,,,,,,,,,,,,,,,,,,,,,,,,,,,,,,,,,,,,,,,,,,,,,,,
		OtherSpecialCharges,,,,,,,,,,"0",,,"5,200,000",,,,"-2,500,000","23,900,000",,,,"0",,"15,800,000",,,,,,"0",,,"93,100,000","0",,,"40,395,000",,,,,,,,,,,,,,,,,,,,,,,,,,,,,,,,,,,,,,,,,,,,,,,,,,,,,,,,,,,,,,,,,,,,,,,,,,,,,,,,,,,,,,,,,,,,,,,,,,,,,,,,,,,,,,
	OtherNonOperatingIncomeExpenses,"183,000,000","52,600,000","123,100,000","3,300,000","4,000,000","64,900,000","3,600,000","700,000","500,000","-238,100,000","2,000,000","115,000,000","2,200,000","-12,900,000","2,700,000","2,600,000","2,500,000",,,,,"-4,900,000","-76,900,000",,,,,,,,,,,,,,,,,,,,,,,,,,,,,,,,,,,,,,,,,,,,,,,,,,,,,,,,,,,,,,,,,,,,,,,,,,,,,,,,,,,,,,,,,,,,,,,,,,,,,,,,,,,,,,,,,,,,,,,,,,,,
PretaxIncome,"972,700,000","199,400,000","352,600,000","252,700,000","168,000,000","-8,200,000","88,600,000","-33,800,000","-1,239,600,000","-125,700,000","241,700,000","222,800,000","105,200,000","104,500,000","252,900,000","202,300,000","215,900,000","25,100,000","249,800,000","150,800,000","84,500,000","125,000,000","168,700,000","114,900,000","265,600,000","148,200,000","226,200,000","126,100,000","147,000,000","-25,800,000","247,800,000","125,500,000","43,900,000","138,520,000","203,356,000","26,054,000","-39,164,000","89,666,000","209,139,000","121,303,000","123,004,000","76,858,000","165,300,000","102,033,000","87,374,000","53,710,000","137,066,000","-83,371,000","-30,832,000","44,562,000","82,303,000","43,464,000","41,254,000","-56,853,000","79,437,000","47,659,000","76,061,000","48,230,000","98,193,000","63,993,000","84,405,000","44,187,000","80,720,000","46,031,000","77,495,000","36,465,000","64,359,000","37,794,000","39,651,000","23,447,000","41,139,000","19,985,000","2,451,000","-14,204,000","26,486,000","10,065,000","-3,262,000","8,866,000","26,468,000","12,270,000","-1,298,000","-14,790,000","19,700,000","10,897,000","881,000","10,249,000","31,357,000","9,691,000","-3,082,000","4,280,000","23,000,000","4,800,000","-6,100,000","200,000","19,700,000","4,400,000","-6,900,000","-69,300,000","20,100,000","-51,900,000","-6,600,000","9,900,000","20,900,000","3,000,000","-9,500,000","5,800,000","-9,300,000","6,000,000","-5,200,000","7,000,000","26,500,000","8,900,000","-5,500,000","19,600,000","36,000,000","11,300,000","-3,200,000","12,500,000","32,600,000","9,700,000","-200,000","10,300,000","26,100,000","8,900,000","-1,300,000","5,800,000","20,600,000","7,900,000","900,000","3,300,000","20,100,000","5,300,000",,,,,,,,,,,,,,,
TaxProvision,"20,700,000","-191,400,000","72,900,000","70,900,000","68,300,000","49,900,000","19,100,000","17,900,000","-142,400,000","-57,200,000","32,800,000","29,700,000","23,600,000","-53,900,000","10,300,000","37,600,000","37,000,000","-82,800,000","11,100,000","31,400,000","14,400,000","24,500,000","42,600,000","24,400,000","34,000,000","14,000,000","4,300,000","23,900,000","32,900,000","-77,300,000","22,100,000","-1,000,000","8,700,000","155,751,000","6,721,000","41,963,000","-19,151,000","2,051,000","43,730,000","33,601,000","29,890,000","-4,388,000","53,061,000","35,304,000","29,707,000","-1,563,000","56,334,000","-28,784,000","-3,219,000","17,539,000","-1,316,000","16,907,000","16,543,000","-18,918,000","25,738,000","18,453,000","29,260,000","17,896,000","37,314,000","24,893,000","31,399,000","17,429,000","29,947,000","17,078,000","28,750,000","13,546,000","24,070,000","14,294,000","14,671,000","6,156,000","14,398,000","6,995,000","858,000","-5,052,000","9,452,000","4,909,000","-1,109,000","3,140,000","8,779,000","4,417,000","-467,000","-5,325,000","7,093,000","3,923,000","317,000","3,687,000","11,917,000","3,682,000","-1,171,000","1,607,000","7,700,000","1,200,000","-1,500,000","-400,000","5,700,000","1,700,000","-2,400,000","-26,000,000","5,500,000","-18,600,000","-2,100,000","2,000,000","5,900,000","900,000","-2,900,000","1,700,000","-4,900,000","2,100,000","-1,800,000","-2,900,000","8,600,000","3,200,000","-2,000,000","6,400,000","11,500,000","3,500,000","-1,000,000","2,800,000","10,700,000","3,200,000","-100,000","1,800,000","8,600,000","2,900,000","-400,000","600,000","5,700,000","2,200,000","300,000","700,000","5,300,000","1,500,000",,,,,,,,,,,,,,,
NetIncomeCommonStockholders,"952,300,000","390,800,000","279,700,000","181,900,000","99,900,000","-57,700,000","69,800,000","-51,400,000","-1,096,800,000","-67,400,000","209,200,000","193,500,000","82,000,000","158,700,000","243,100,000","165,200,000","179,400,000","108,500,000","239,200,000","119,700,000","70,400,000","100,700,000","126,200,000","90,500,000","231,600,000","134,200,000","221,900,000","102,200,000","114,100,000","51,500,000","225,700,000","126,500,000","35,300,000","-17,128,000","196,713,000","-15,996,000","-20,052,000","87,287,000","160,642,000","85,173,000","88,674,000","62,584,000","112,239,000","66,729,000","57,667,000","55,273,000","80,732,000","-54,587,000","-27,613,000","27,023,000","83,619,000","26,557,000","24,711,000","-37,935,000","53,699,000","29,206,000","46,801,000","30,334,000","60,879,000","39,100,000","53,006,000","15,810,000","50,773,000","28,953,000","45,515,000","19,689,000","37,060,000","20,271,000","19,699,000","12,010,000","21,461,000","7,710,000","1,593,000","-14,433,000","11,857,000","3,901,000","-2,153,000","5,726,000","17,689,000","7,853,000","-831,000","-9,465,000","12,607,000","6,974,000","564,000","6,562,000","19,440,000","6,009,000","-1,911,000","2,673,000","15,300,000","3,600,000","-4,600,000","600,000","14,000,000","2,700,000","-5,600,000","-43,300,000","14,600,000","-33,300,000","-4,500,000","7,900,000","15,000,000","2,100,000","-6,600,000","4,100,000","-4,400,000","3,900,000","-3,400,000","9,900,000","17,900,000","5,700,000","-3,500,000","1,800,000","24,500,000","7,800,000","-2,200,000","9,700,000","21,900,000","6,400,000","-2,100,000","6,400,000","15,500,000","4,000,000","-2,900,000","3,100,000","12,900,000","3,700,000","-1,400,000","-5,600,000","14,800,000","3,800,000",,,,,,,,,,,,,,,
	NetIncome,"952,300,000","390,800,000","279,700,000","181,900,000","99,900,000","-57,700,000","69,800,000","-51,400,000","-1,096,800,000","-67,400,000","209,200,000","193,500,000","82,000,000","158,700,000","243,100,000","165,200,000","179,400,000","108,500,000","239,200,000","119,700,000","70,400,000","100,700,000","126,200,000","90,500,000","231,600,000","134,200,000","221,900,000","102,200,000","114,100,000","51,500,000","225,700,000","126,500,000","35,300,000","-17,128,000","196,713,000","-15,996,000","-20,052,000","87,615,000","165,409,000","87,702,000","93,114,000","81,246,000","112,239,000","66,729,000","57,667,000","55,273,000","80,732,000","-54,587,000","-27,613,000","27,023,000","83,619,000","26,557,000","24,711,000","-37,935,000","53,699,000","29,206,000","46,801,000","30,334,000","60,879,000","39,100,000","53,006,000","26,758,000","50,773,000","28,953,000","48,745,000","22,919,000","40,289,000","23,500,000","24,980,000","17,291,000","26,741,000","12,990,000","1,593,000","-9,152,000","17,034,000","8,977,000","-2,153,000","5,726,000","17,689,000","7,853,000","-831,000","-9,465,000","12,607,000","6,974,000","564,000","6,562,000","19,440,000","6,009,000","-1,911,000","2,673,000","15,300,000","3,600,000","-4,600,000","600,000","14,000,000","2,700,000","-5,600,000","-43,300,000","14,600,000","-33,300,000","-4,500,000","7,900,000","15,000,000","2,100,000","-6,600,000","4,100,000","-4,400,000","3,900,000","-3,400,000","9,900,000","17,900,000","5,700,000","-3,500,000","1,800,000","24,500,000","7,800,000","-2,200,000","9,700,000","21,900,000","6,500,000","-100,000","8,500,000","17,500,000","6,000,000","-900,000","5,200,000","14,900,000","5,700,000","600,000","2,600,000","14,800,000","3,800,000",,,,,,,,,,,,,,,
		NetIncomeIncludingNoncontrollingInterests,"952,000,000","390,800,000","279,700,000","181,800,000","99,700,000","-58,100,000","69,500,000","-51,700,000","-1,097,200,000","-68,500,000","208,900,000","193,100,000","81,600,000","158,400,000","242,600,000","164,700,000","178,900,000","107,900,000","238,700,000","119,400,000","70,100,000","100,500,000","126,100,000","90,500,000","231,600,000","134,200,000","221,900,000","102,200,000","114,100,000","51,500,000","225,700,000","126,500,000","35,200,000","-17,231,000","196,635,000","-15,909,000","-20,013,000","87,615,000","165,409,000","87,702,000","93,114,000","81,246,000","112,239,000","66,729,000","57,667,000","55,273,000","80,732,000","-54,587,000","-27,613,000","27,023,000","83,619,000","26,557,000","24,711,000","-37,935,000","53,699,000","29,206,000","46,801,000","30,334,000","60,879,000","39,100,000","53,006,000","26,758,000","50,773,000","28,953,000","48,745,000","22,919,000","40,289,000","23,500,000","24,980,000","17,291,000","26,741,000","12,990,000","1,593,000","-9,152,000","17,034,000","8,977,000","-2,153,000","5,726,000","17,689,000","7,853,000","-831,000","-9,465,000","12,607,000","6,974,000","564,000","6,562,000","19,440,000","6,009,000","-1,911,000","2,673,000","15,300,000","3,600,000","-4,600,000","600,000","14,000,000","2,700,000","-5,600,000","-43,300,000","14,600,000","-33,300,000","-4,500,000","7,900,000","15,000,000","2,100,000","-6,600,000","4,100,000","-4,400,000","3,900,000","-3,400,000","9,900,000","17,900,000","5,700,000","-3,500,000","1,800,000","24,500,000","7,800,000","-2,200,000","9,700,000","21,900,000","6,500,000","-100,000","8,500,000","17,500,000","6,000,000","-900,000","5,200,000","14,900,000","5,700,000","600,000","2,600,000","14,800,000","3,800,000","3,000,000","3,400,000","12,700,000","2,700,000","1,900,000","-9,400,000","19,800,000","9,700,000","9,900,000","4,000,000","10,000,000","2,400,000","3,800,000","3,400,000","9,000,000"
			NetIncomeContinuousOperations,"952,000,000","390,800,000","279,700,000","181,800,000","99,700,000","-58,100,000","69,500,000","-51,700,000","-1,097,200,000","-68,500,000","208,900,000","193,100,000","81,600,000","158,400,000","242,600,000","164,700,000","178,900,000","107,900,000","238,700,000","119,400,000","70,100,000","100,500,000","126,100,000","90,500,000","231,600,000","134,200,000","221,900,000","102,200,000","114,100,000","51,500,000","225,700,000","126,500,000","35,200,000","-17,231,000","196,635,000","-15,909,000","-20,013,000","87,615,000","165,409,000","87,702,000","93,114,000","81,246,000","112,239,000","66,729,000","57,667,000","55,273,000","80,732,000","-54,587,000","-27,613,000","27,023,000","83,619,000","26,557,000","24,711,000","-37,935,000","53,699,000","29,206,000","46,801,000","30,334,000","60,879,000","39,100,000","53,006,000","26,758,000","50,773,000","28,953,000","48,745,000","22,919,000","40,289,000","23,500,000","24,980,000","17,291,000","26,741,000","12,990,000","1,593,000","-9,152,000","17,034,000","8,977,000","-2,153,000","5,726,000","17,689,000","7,853,000","-831,000","-9,465,000","12,607,000","6,974,000","564,000","6,562,000","19,440,000","6,009,000","-1,911,000","2,673,000","15,300,000","3,600,000","-4,600,000","600,000","14,000,000","2,700,000","-4,500,000","-43,300,000","14,600,000","-33,300,000","-4,500,000","7,900,000","15,000,000","2,100,000","-6,600,000","4,100,000","-4,400,000","3,900,000","-3,400,000","9,900,000","17,900,000","5,700,000","-3,500,000","13,200,000","24,500,000","7,800,000","-2,200,000","9,700,000","21,900,000","6,500,000","-100,000","8,500,000","17,500,000","6,000,000","-900,000","5,200,000","14,900,000","5,700,000","600,000","2,600,000","14,800,000","3,800,000","3,000,000","3,400,000","12,700,000","2,900,000","1,900,000","-6,700,000","14,300,000","6,800,000","6,900,000","4,000,000","10,000,000","2,400,000","3,800,000","3,400,000","9,000,000"
			NetIncomeDiscontinuousOperations,,,,,,,,,,,,,,,,,,,,,,,,,,,,,,,,,,,,,,,,,,,,,,,,,,,,,,,,,,,,,,,,,,,,,,,,,,,,,,,,,,,,,,,,,,,,,,,,,,,,,,,,,,,,,,,,,,,,,,,,,,,,,,,,,,,,,,"0",,"-200,000",,"-2,700,000","5,500,000","2,900,000","3,000,000",,,,,,
			NetIncomeFromTaxLossCarryforward,,,,,,,,,,,,,,,,,,,,,,,,,,,,,,,,,,,,,,,,,,,,,,,,,,,,,,,,,,,,,,,,,,,,,,,,,,,,,,,,,,,,,,,,,,,,,,"0",,,"-1,100,000",,,,,,,,,,,,,,,,,,,,,,,,,,,,,,,,,,,,,,,,,,,,,,,,,,
		MinorityInterests,"300,000","0","0","100,000","200,000","400,000","300,000","300,000","400,000","1,100,000","300,000","400,000","400,000","300,000","500,000","500,000","500,000","600,000","500,000","300,000","300,000","200,000","100,000","0",,,"0","0","0","0","0","0","100,000","103,000","78,000","-87,000","-39,000",,,,,,,,,,,,,,,,,,,,,,,,,,,,,,,,,,,,,,,,,,,,,,,,,,,,,,,,,,,,,,,,,,,,,,,,,,,,,,,,,,,,,,,,,,,,,,,,,,,,,,,,,,,,,,
	PreferredStockDividends,,,,,,,,,,,,,,,,,,,,,,,,,,,,,,,,,,,,,,"79,000","78,000",,"209,000",,,,,,,,,,,,,,,,,,,,,"10,948,000",,,"3,230,000","3,230,000","3,229,000","3,229,000","5,281,000","5,281,000","5,280,000","5,280,000",,"5,281,000","5,177,000","5,076,000",,,,,,,,,,,,,,,,,,,,,,,,,,,,,,,,,,,,,,,,,,"0",,"100,000","2,000,000","2,100,000","2,000,000","2,000,000","2,000,000","2,100,000","2,000,000","2,000,000","2,000,000",,,,,,,,,,,,,,,,,,
	OtherunderPreferredStockDividend,,,,,,,,,,,,,,,,,,,,,,,,,,,,,,,,,,"0","0","0","0","249,000","4,689,000","2,529,000","4,231,000",,,,,,,,,,,,,,,,,,,,,,,,,,,,,,,,,,,,,,,,,,,,,,,,,,,,,,,,,,,,,,,,,,,,,,,,,,,,,,,,,,,,,,,,,,,,,,,,,,,,,,,,,,
AverageDilutionEarnings,,,,,,,,,,,,,,,,,,,,,,,,,,,,,,,,,,"0","0","0","0","328,000","4,767,000","2,529,000","4,440,000",,,,,,,,,,,,,,,,,,,,,,,,,,,,,,,,,,,,,,,,,,,,,,,,,,,,,,,,,,,,,,,,,,,,,,,,,,,,,,,,,,,,,,,,,,,,,,,,,,,,,,,,,,
DilutedNIAvailtoComStockholders,"952,300,000","390,800,000","279,700,000","181,900,000","99,900,000","-57,700,000","69,800,000","-51,400,000","-1,096,800,000","-67,400,000","209,200,000","193,500,000","82,000,000","158,700,000","243,100,000","165,200,000","179,400,000","108,500,000","239,200,000","119,700,000","70,400,000","100,700,000","126,200,000","90,500,000","231,600,000","134,200,000","221,900,000","102,200,000","114,100,000","51,500,000","225,700,000","126,500,000","35,300,000","-17,128,000","196,713,000","-15,996,000","-20,052,000","87,615,000","165,409,000","87,702,000","93,114,000","81,246,000","112,239,000","66,729,000","57,667,000","55,273,000","80,732,000","-54,587,000","-27,613,000","27,023,000","83,619,000","26,557,000","24,711,000","-37,935,000","53,699,000","29,206,000","46,801,000","30,334,000","60,879,000","39,100,000","53,006,000","15,810,000","50,773,000","28,953,000","45,515,000","19,689,000","37,060,000","20,271,000","19,699,000","12,010,000","21,461,000","7,710,000","1,593,000","-14,433,000","11,857,000","3,901,000","-2,153,000","5,726,000","17,689,000","7,853,000","-831,000","-9,465,000","12,607,000","6,974,000","564,000","6,562,000","19,440,000","6,009,000","-1,911,000","2,673,000","15,300,000","3,600,000","-4,600,000","600,000","14,000,000","2,700,000","-5,600,000","-43,300,000","14,600,000","-33,300,000","-4,500,000","7,900,000","15,000,000","2,100,000","-6,600,000","4,100,000","-4,400,000","3,900,000","-3,400,000","9,900,000","17,900,000","5,700,000","-3,500,000","1,800,000","24,500,000","7,800,000","-2,200,000","9,700,000","21,900,000","6,400,000","-2,100,000","6,400,000","15,500,000","4,000,000","-2,900,000","3,100,000","12,900,000","3,700,000","-1,400,000","-5,600,000","14,800,000","3,800,000",,,,,,,,,,,,,,,
BasicEPS,,"5.615","3.945","2.548","1.403","-0.812","0.982","-0.723","-15.37","-0.926","2.831","2.587","1.09","2.099","3.182","2.145","2.327","1.398","3.094","1.539","0.9","1.273","1.578","1.121","2.849","1.641","2.693","1.236","1.381","0.624","2.739","1.537","0.429","-0.458","2.413","-0.197","-0.25","1.121","2.343","1.246","1.359","1.204","1.67","0.994","0.81",,"1.221","-0.83","-0.53",,"1.618","0.606","0.48",,"1.04","0.57","0.91",,"1.08","0.69","0.95",,"0.92","0.33","1.05",,"0.88","0.17","0.6",,"0.69","0.25","-0.12",,"0.39","0.13","-0.22",,"0.64","0.28","-0.03",,"0.46","0.25","0.02",,"0.71","0.22","-0.07",,"0.56","0.13","-0.17",,"0.51","0.1","-0.2",,"0.54","-1.23","-0.17",,"0.56","0.08","-0.24",,"-0.16","0.15","-0.13",,"0.66","0.21","-0.13",,"0.91","0.29","-0.08",,"0.81","0.24","-0.12",,"0.77","0.2","-0.15",,"0.68","0.19","-0.08",,"0.66","0.09","0.05",,"0.58","0.04","-0.01",,"0.67","0.36","0.37",,"0.32","0.08","0.12",,"0.29"
DilutedEPS,,"5.53","3.89","2.51","1.38","-0.812","0.98","-0.723","-15.37","-0.93","2.82","2.58","1.08","2.09","3.15","2.12","2.29","1.39","3.05","1.52","0.89","1.26","1.56","1.11","2.83","1.63","2.67","1.22","1.37","0.62","2.71","1.52","0.42","-0.46","2.37","-0.2","-0.25","1.09","2.24","1.19","1.27","1.11","1.54","0.92","0.79",,"1.12","-0.83","-0.53",,"1.58","0.6","0.48",,"1.03","0.56","0.9",,"1.05","0.68","0.92",,"0.89","0.33","0.87",,"0.73","0.16","0.46",,"0.52","0.24","-0.12",,"0.34","0.13","-0.22",,"0.63","0.28","-0.03",,"0.45","0.25","0.02",,"0.71","0.22","-0.07",,"0.56","0.13","-0.17",,"0.51","0.1","-0.2",,"0.53","-1.23","-0.17",,"0.55","0.08","-0.24",,"-0.16","0.15","-0.13",,"0.66","0.21","-0.13",,"0.91","0.29","-0.08",,"0.81","0.24","-0.12",,"0.69","0.2","-0.15",,"0.68","0.19","-0.08",,"0.6","0.09","0.05",,"0.58","0.04","-0.01",,"0.67","0.36","0.37",,"0.32","0.08","0.12",,"0.29"
BasicAverageShares,,"69,600,000","70,900,000","71,400,000","71,200,000","71,100,000","71,100,000","71,100,000","71,400,000","72,800,000","73,900,000","74,800,000","75,200,000","75,600,000","76,400,000","77,000,000","77,100,000","77,600,000","77,300,000","77,800,000","78,200,000","79,100,000","80,000,000","80,700,000","81,300,000","81,800,000","82,400,000","82,700,000","82,600,000","82,500,000","82,400,000","82,300,000","82,200,000","81,838,000","81,522,000","81,337,000","79,970,000","72,040,000","70,586,000","70,403,000","68,539,000","67,478,000","67,225,000","67,129,000","66,798,000",,"66,140,000","65,875,000","52,279,000",,"51,670,000","51,605,000","51,511,000",,"51,467,000","51,428,000","51,429,670",,"56,475,000","56,666,667","55,795,789",,"55,430,000","43,347,619","43,347,619",,"42,063,000","32,831,667","32,831,667",,"31,102,899","30,840,000","30,773,425",,"30,398,000","30,007,692","30,324,716",,"27,811,910","28,046,429","27,700,000",,"27,644,811","27,896,000","28,200,000",,"27,293,580","27,313,636","27,300,000",,"27,321,429","27,692,308","27,058,824",,"27,450,980","27,000,000","28,000,000",,"27,037,037","27,073,171","26,470,588",,"26,785,714","26,250,000","27,500,000",,"27,500,000","26,000,000","26,153,846",,"27,121,212","27,142,857","26,923,077",,"26,923,077","26,896,552","27,500,000",,"27,037,037","26,666,667","17,500,000",,"20,129,870","20,000,000","19,333,333",,"18,970,588","19,473,684","17,500,000",,"22,424,242","18,143,000","18,094,000",,"18,090,000","18,090,000","18,090,000",,"19,774,000","19,774,000","19,774,000",,"30,646,000","30,596,000","30,550,000",,"30,530,000"
DilutedAverageShares,,"70,600,000","72,000,000","72,500,000","72,400,000","71,100,000","71,500,000","71,100,000","71,400,000","72,800,000","74,200,000","75,100,000","75,900,000","76,100,000","77,100,000","77,900,000","78,200,000","78,600,000","78,500,000","78,700,000","79,000,000","79,700,000","80,700,000","81,300,000","81,900,000","82,400,000","83,100,000","83,500,000","83,400,000","83,400,000","83,300,000","83,200,000","83,200,000","81,838,000","82,829,000","81,337,000","79,970,000","74,313,000","73,985,000","73,603,000","73,602,000","73,268,000","72,963,000","72,869,000","72,592,000",,"71,836,000","65,875,000","52,279,000",,"52,859,000","52,194,000","51,882,000",,"52,294,000","52,461,000","52,001,111",,"57,833,000","57,500,000","57,615,217",,"56,813,000","52,316,092","52,316,092",,"55,406,000","42,823,913","42,823,913",,"31,102,899","32,125,000","30,773,425",,"49,726,000","30,007,692","30,324,716",,"28,088,374","28,046,429","27,700,000",,"27,840,399","27,896,000","28,200,000",,"27,382,504","27,313,636","27,300,000",,"27,321,429","27,692,308","27,058,824",,"27,450,980","27,000,000","28,000,000",,"27,547,170","27,073,171","26,470,588",,"27,272,727","26,250,000","27,500,000",,"27,500,000","26,000,000","26,153,846",,"27,121,212","27,142,857","26,923,077",,"26,923,077","26,896,552","27,500,000",,"27,037,037","26,666,667","17,500,000",,"22,463,768","20,000,000","19,333,333",,"18,970,588","19,473,684","17,500,000",,"22,424,242","18,143,000","18,094,000",,"18,090,000","18,090,000","18,090,000",,"19,774,000","19,774,000","19,774,000",,"30,646,000","30,596,000","30,550,000",,"30,530,000"
TotalExpenses,"8,284,500,000","2,268,600,000","2,084,700,000","2,041,600,000","1,889,600,000","2,137,200,000","2,004,000,000","1,579,600,000","1,618,200,000","2,460,500,000","2,323,100,000","2,230,300,000","2,221,900,000","2,345,500,000","2,251,000,000","2,108,200,000","2,076,600,000","2,421,300,000","2,080,000,000","1,891,100,000","1,876,200,000","1,948,500,000","1,970,700,000","1,774,200,000","1,776,100,000","1,938,100,000","1,917,300,000","1,712,400,000","1,708,600,000","2,063,300,000","1,958,500,000","1,816,700,000","1,789,600,000","1,868,299,000","2,014,717,000","1,892,227,000","1,865,307,000","1,515,571,000","1,408,540,000","1,186,891,000","1,277,082,000","1,425,315,000","1,457,318,000","1,200,965,000","1,248,740,000","1,306,310,000","1,338,128,000","1,140,764,000","641,601,000","561,770,000","607,004,000","477,834,000","508,311,000","625,701,000","641,016,000","506,481,000","544,989,000","531,806,000","594,072,000","484,440,000","506,362,000","509,862,000","483,618,000","408,487,000","454,743,000","417,602,000","461,573,000","398,347,000","424,480,000","382,992,000","423,952,000","347,404,000","360,989,000","383,344,000","417,621,000","357,033,000","371,727,000","300,591,000","376,935,000","313,417,000","344,995,000","334,849,000","379,018,000","317,336,000","359,550,000","358,344,000","405,496,000","312,906,000","308,265,000","285,880,000","337,300,000","303,200,000","288,300,000","317,600,000","345,100,000","293,100,000","295,300,000","443,100,000","387,700,000","318,900,000","287,700,000","365,800,000","364,300,000","304,900,000","277,000,000","344,900,000","450,700,000","337,600,000","283,400,000","343,600,000","349,600,000","271,500,000","241,100,000","287,800,000","315,500,000","248,100,000","220,700,000","254,800,000","285,600,000","225,900,000","203,200,000","217,700,000","255,100,000","191,800,000","177,100,000","205,200,000","215,900,000","178,500,000","150,400,000","176,400,000","207,700,000","156,500,000",,,,,,,,,,,,,,,
NetIncomeFromContinuingAndDiscontinuedOperation,"952,300,000","390,800,000","279,700,000","181,900,000","99,900,000","-57,700,000","69,800,000","-51,400,000","-1,096,800,000","-67,400,000","209,200,000","193,500,000","82,000,000","158,700,000","243,100,000","165,200,000","179,400,000","108,500,000","239,200,000","119,700,000","70,400,000","100,700,000","126,200,000","90,500,000","231,600,000","134,200,000","221,900,000","102,200,000","114,100,000","51,500,000","225,700,000","126,500,000","35,300,000","-17,128,000","196,713,000","-15,996,000","-20,052,000","87,615,000","165,409,000","87,702,000","93,114,000","81,246,000","112,239,000","66,729,000","57,667,000","55,273,000","80,732,000","-54,587,000","-27,613,000","27,023,000","83,619,000","26,557,000","24,711,000","-37,935,000","53,699,000","29,206,000","46,801,000","30,334,000","60,879,000","39,100,000","53,006,000","26,758,000","50,773,000","28,953,000","48,745,000","22,919,000","40,289,000","23,500,000","24,980,000","17,291,000","26,741,000","12,990,000","1,593,000","-9,152,000","17,034,000","8,977,000","-2,153,000","5,726,000","17,689,000","7,853,000","-831,000","-9,465,000","12,607,000","6,974,000","564,000","6,562,000","19,440,000","6,009,000","-1,911,000","2,673,000","15,300,000","3,600,000","-4,600,000","600,000","14,000,000","2,700,000","-4,500,000","-43,300,000","14,600,000","-33,300,000","-4,500,000","7,900,000","15,000,000","2,100,000","-6,600,000","4,100,000","-4,400,000","3,900,000","-3,400,000","9,900,000","17,900,000","5,700,000","-3,500,000","13,200,000","24,500,000","7,800,000","-2,200,000","9,700,000","21,900,000","6,500,000","-100,000","8,500,000","17,500,000","6,000,000","-900,000","5,200,000","14,900,000","5,700,000","600,000","2,600,000","14,800,000","3,800,000",,,,,,,,,,,,,,,
NormalizedIncome,"952,300,000","390,800,000","279,700,000","181,900,000","99,900,000","-59,963,000","69,800,000","-51,400,000","-270,652,500","-67,400,000","209,200,000","193,500,000","86,035,200","158,700,000","243,100,000","165,200,000","179,400,000","125,947,000","239,200,000","119,700,000","70,400,000","100,700,000","126,200,000","103,013,600","98,096,800","134,200,000","221,900,000","102,200,000","114,100,000","51,500,000","225,700,000","126,500,000","110,059,300","-17,128,000","196,713,000","-15,996,000","6,204,750","87,615,000","165,409,000","87,702,000","93,114,000","81,246,000","112,239,000","66,729,000","57,667,000","55,273,000","80,732,000","-50,232,925.442","-27,613,000","27,023,000","83,619,000","26,557,000","24,711,000","-37,935,000","53,699,000","29,206,000","45,654,064.461","30,334,000","60,879,000","39,100,000","50,911,633.434","26,758,000","50,773,000","28,528,432.317","29,014,266.92","22,919,000","40,289,000","23,500,000","24,980,000","17,291,000","26,741,000","12,990,000","1,593,000","-9,152,000","17,034,000","6,879,400","-2,153,000","5,726,000","17,689,000","7,853,000","-831,000","-9,465,000","12,607,000","6,974,000","564,000","6,562,000","19,440,000","6,009,000","-1,911,000","4,109,425.234","16,630,434.783","5,625,000","-3,468,852.459","1,860,000","15,492,385.787","4,111,363.636","-3,195,652.174","-43,300,000","14,600,000","-6,865,317.919","-4,500,000","7,900,000","15,000,000","2,100,000","-6,600,000","4,100,000","-4,400,000","3,900,000","-3,400,000","9,900,000","17,900,000","5,700,000","-3,500,000","13,200,000","25,316,666.667","7,869,026.549","-2,200,000","10,243,200","21,832,822.086","6,365,979.381","680,000","8,500,000","17,701,149.425","5,865,168.539","-900,000","7,620,689.655","14,466,019.417","5,122,784.81","133,333.333","4,096,969.697","14,284,577.114","3,513,207.547",,,,,,,,,,,,,,,
InterestIncome,"4,400,000","1,000,000","1,300,000","1,000,000","1,100,000","1,400,000","900,000","600,000","1,300,000","1,500,000","1,400,000","1,300,000","1,100,000","1,600,000","900,000","1,200,000","1,000,000","2,000,000","1,400,000","1,200,000","1,700,000","1,900,000","2,000,000","1,100,000","900,000","700,000","1,000,000","1,200,000","1,100,000","800,000","1,500,000","1,200,000","1,500,000","1,508,000","1,884,000","2,116,000","1,995,000","651,000","376,000","197,000","273,000","402,000","138,000","353,000","374,000","642,000","509,000","481,000","107,000","159,000","237,000","393,000","506,000",,,,,,,,,,,,,,,,,,,,,,,,,,,,,,,,,,,,,,,,,,,,,,,,,,,,,,,,,,,,,,,,,,,,,,,,,,,,,,,,,,,,,,,,,,,,,,
InterestExpense,"108,600,000","24,900,000","25,900,000","27,300,000","30,500,000","35,900,000","34,400,000","32,700,000","22,500,000","31,500,000","29,200,000","28,300,000","31,000,000","30,800,000","30,300,000","30,300,000","29,400,000","34,900,000","32,300,000","30,900,000","30,400,000","30,600,000","31,200,000","29,200,000","29,900,000","28,500,000","28,400,000","29,200,000","30,900,000","32,800,000","33,600,000","35,000,000","42,100,000","46,908,000","47,852,000","49,495,000","47,944,000","32,018,000","28,660,000","28,552,000","29,517,000","32,432,000","31,680,000","31,799,000","33,444,000","38,739,000","41,734,000","39,706,000","8,382,000","8,410,000","8,370,000","8,378,000","8,366,000",,,,,,,,,,,,,,,,,,,,,,,,,,,,,,,,,,,,,,,,,,,,,,,,,,,,,,,,,,,,,,,,,,,,,,,,,,,,,,,,,,,,,,,,,,,,,,
NetInterestIncome,"-104,200,000","-23,900,000","-24,600,000","-26,300,000","-29,400,000","-34,500,000","-33,500,000","-32,100,000","-21,200,000","-30,000,000","-27,800,000","-27,000,000","-29,900,000","-29,200,000","-29,400,000","-29,100,000","-28,400,000","-32,900,000","-30,900,000","-29,700,000","-28,700,000","-28,700,000","-29,200,000","-28,100,000","-29,000,000","-27,800,000","-27,400,000","-28,000,000","-29,800,000","-32,000,000","-32,100,000","-33,800,000","-40,600,000","-45,400,000","-45,968,000","-47,379,000","-45,949,000","-31,367,000","-28,284,000","-28,355,000","-29,244,000","-32,030,000","-31,542,000","-31,446,000","-33,070,000","-38,097,000","-41,225,000","-39,225,000","-8,275,000","-8,251,000","-8,133,000","-7,985,000","-7,860,000",,,,,,,,,,,,,,,,,,,,,,,,,,,,,,,,,,,,,,,,,,,,,,,,,,,,,,,,,,,,,,,,,,,,,,,,,,,,,,,,,,,,,,,,,,,,,,
EBIT,"1,081,300,000","224,300,000","378,500,000","280,000,000","198,500,000","27,700,000","123,000,000","-1,100,000","-1,217,100,000","-94,200,000","270,900,000","251,100,000","136,200,000","135,300,000","283,200,000","232,600,000","245,300,000","60,000,000","282,100,000","181,700,000","114,900,000","155,600,000","199,900,000","144,100,000","295,500,000","176,700,000","254,600,000","155,300,000","177,900,000","7,000,000","281,400,000","160,500,000","86,000,000","185,428,000","251,208,000","75,549,000","8,780,000","121,684,000","237,799,000","149,855,000","152,521,000","109,290,000","196,980,000","133,832,000","120,818,000","92,449,000","178,800,000","-43,665,000","-22,450,000","52,972,000","90,673,000","51,842,000","49,620,000","-41,720,000","86,468,000","54,486,000","80,709,000","52,717,000","102,298,000","67,936,000","85,544,000","47,159,000","84,643,000","50,441,000","51,695,000","42,487,000","71,608,000","45,122,000","47,629,000","30,818,000","49,504,000","28,520,000","20,294,000","-8,738,000","35,670,000","20,052,000","5,302,000","14,666,000","32,168,000","17,775,000","4,426,000","-9,260,000","25,984,000","17,042,000","7,373,000","15,688,000","37,878,000","14,926,000","2,045,000","11,110,000","30,700,000","13,600,000","1,400,000","9,000,000","29,300,000","13,300,000","500,000","-106,100,000","25,900,000","-5,400,000","-1,800,000","15,100,000","26,900,000","8,900,000","-3,300,000","38,700,000","-2,700,000","11,900,000","-400,000","9,800,000","29,800,000","12,300,000","-2,200,000","21,300,000","41,900,000","15,900,000","1,200,000","17,700,000","36,700,000","13,600,000","5,100,000","14,400,000","31,200,000","13,500,000","3,300,000","13,100,000","25,600,000","12,600,000","5,000,000","9,500,000","24,800,000","9,900,000","148,100,000","-431,200,000","210,400,000","143,600,000","122,900,000","-372,600,000","181,800,000","115,100,000","115,100,000","-340,300,000","169,000,000","110,900,000","104,100,000","-382,400,000","187,100,000"
EBITDA,"1,394,600,000"
ReconciledCostOfRevenue,"3,830,600,000","1,013,400,000","987,400,000","979,600,000","850,200,000","963,500,000","1,016,800,000","697,400,000","678,100,000","1,202,900,000","1,181,500,000","1,075,800,000","1,060,400,000","1,128,500,000","1,159,700,000","1,036,700,000","1,023,600,000","1,129,900,000","1,059,700,000","922,600,000","908,200,000","969,700,000","1,052,700,000","899,500,000","910,900,000","1,039,600,000","1,063,500,000","861,900,000","893,700,000","997,500,000","1,065,600,000","920,900,000","930,500,000","982,676,000","1,087,347,000","938,759,000","958,299,000","755,544,000","773,686,000","593,962,000","670,577,000","758,626,000","825,192,000","610,312,000","640,605,000","661,907,000","722,952,000","528,027,000","302,011,000","307,236,000","359,766,000","263,527,000","285,599,000","318,145,000","386,184,000","272,030,000","314,908,000","292,170,000","367,762,000","274,923,000","299,333,000","277,409,000","287,880,000","231,781,000","263,714,000","237,830,000","283,935,000","233,313,000","262,715,000","216,020,000","263,544,000","202,921,000","207,951,000","205,847,000","275,272,000","221,296,000","222,062,000","183,067,000","258,603,000","201,532,000","230,541,000","204,605,000","261,248,000","214,594,000","245,215,000","235,273,000","288,644,000","206,938,000","199,270,000","182,447,000","234,400,000","200,100,000","184,100,000","213,100,000","240,600,000","190,600,000","186,500,000","249,500,000","268,700,000","214,300,000","181,400,000","254,400,000","255,700,000","202,800,000","174,400,000","260,500,000","301,100,000","223,500,000","177,400,000","231,800,000","252,300,000","183,300,000","153,900,000","192,500,000","226,600,000","162,400,000","139,200,000","164,800,000","201,700,000","147,200,000","128,300,000","146,000,000","183,800,000","126,300,000","115,200,000","140,900,000","154,400,000","121,000,000","96,000,000","122,300,000","154,000,000","111,600,000",,,,,,,,,,,,,,,
ReconciledDepreciation,"313,300,000","80,100,000","77,300,000","78,300,000","77,600,000","85,600,000","80,200,000","78,900,000","81,100,000","87,300,000","81,600,000","78,400,000","76,500,000","86,800,000","81,800,000","83,000,000","83,200,000","85,900,000","81,200,000","80,600,000","77,200,000","84,200,000","84,400,000","82,600,000","70,600,000","70,400,000","63,000,000","63,000,000","61,000,000","63,300,000","60,300,000","60,400,000","60,700,000","46,578,000","61,668,000","109,505,000","95,843,000","37,812,000","34,752,000","34,333,000","33,459,000","33,242,000","32,321,000","31,966,000","34,481,000","33,527,000","51,370,000","50,174,000","12,066,000","12,193,000","12,493,000","12,726,000","12,477,000","14,515,000","13,661,000","13,855,000","13,335,000","12,807,000","11,635,000","11,223,000","10,925,000","10,549,000","9,006,000","9,055,000","9,292,000","9,487,000","8,833,000","8,569,000","8,592,000","11,377,000","6,539,000","7,050,000","7,056,000","8,027,000","6,872,000","6,895,000","6,776,000","7,012,000","6,160,000","6,298,000","6,208,000","6,992,000","6,948,000","5,892,000","5,902,000","5,463,000","4,998,000","4,793,000","4,797,000","4,917,000","4,800,000","4,900,000","4,800,000","6,200,000","5,700,000","6,700,000","6,800,000","9,500,000","5,200,000","5,000,000","5,600,000","5,600,000","5,800,000","5,700,000","6,200,000","3,000,000","7,900,000","6,400,000","8,200,000","7,000,000","5,800,000","5,700,000","5,800,000","5,500,000","4,400,000","4,600,000","4,600,000","4,400,000","3,500,000","3,400,000","3,700,000","3,500,000","2,800,000","2,800,000","3,000,000","2,800,000","2,300,000","2,300,000","2,400,000","1,700,000","1,900,000","1,900,000",,,,,,,,,,,,,,,
NetIncomeFromContinuingOperationNetMinorityInterest,"952,300,000","390,800,000","279,700,000","181,900,000","99,900,000","-57,700,000","69,800,000","-51,400,000","-1,096,800,000","-67,400,000","209,200,000","193,500,000","82,000,000","158,700,000","243,100,000","165,200,000","179,400,000","108,500,000","239,200,000","119,700,000","70,400,000","100,700,000","126,200,000","90,500,000","231,600,000","134,200,000","221,900,000","102,200,000","114,100,000","51,500,000","225,700,000","126,500,000","35,300,000","-17,128,000","196,713,000","-15,996,000","-20,052,000","87,615,000","165,409,000","87,702,000","93,114,000","81,246,000","112,239,000","66,729,000","57,667,000","55,273,000","80,732,000","-54,587,000","-27,613,000","27,023,000","83,619,000","26,557,000","24,711,000","-37,935,000","53,699,000","29,206,000","46,801,000","30,334,000","60,879,000","39,100,000","53,006,000","26,758,000","50,773,000","28,953,000","48,745,000","22,919,000","40,289,000","23,500,000","24,980,000","17,291,000","26,741,000","12,990,000","1,593,000","-9,152,000","17,034,000","8,977,000","-2,153,000","5,726,000","17,689,000","7,853,000","-831,000","-9,465,000","12,607,000","6,974,000","564,000","6,562,000","19,440,000","6,009,000","-1,911,000","2,673,000","15,300,000","3,600,000","-4,600,000","600,000","14,000,000","2,700,000","-4,500,000","-43,300,000","14,600,000","-33,300,000","-4,500,000","7,900,000","15,000,000","2,100,000","-6,600,000","4,100,000","-4,400,000","3,900,000","-3,400,000","9,900,000","17,900,000","5,700,000","-3,500,000","13,200,000","24,500,000","7,800,000","-2,200,000","9,700,000","21,900,000","6,500,000","-100,000","8,500,000","17,500,000","6,000,000","-900,000","5,200,000","14,900,000","5,700,000","600,000","2,600,000","14,800,000","3,800,000",,,,,,,,,,,,,,,
TotalUnusualItemsExcludingGoodwill,"0","0","0","0","0","3,100,000","0",,"-933,500,000","0","0","0","-5,200,000",,,,"2,500,000","-23,900,000","0","0","0","0","0","-15,800,000","153,100,000",,"0","0","0","0","0","0","-93,100,000","0","0","0","-40,395,000","0","0","0","0","0","0","0","0","0","0","-6,650,000",,,"0","0",,,,,"1,864,000","0",,,"3,335,000","0",,"675,000","31,368,000",,,,,,,,,"0",,"3,496,000",,,,,,,,,,,,,,"-2,300,000","-2,000,000","-2,700,000","-1,500,000","-2,100,000","-2,100,000","-2,300,000","-2,000,000",,,"-41,200,000",,,,,,,,,,,,,,,"-1,200,000","-100,000",,"-700,000","100,000","200,000","-1,300,000",,"-300,000","200,000",,"-2,700,000","600,000","800,000","700,000","-1,900,000","700,000","400,000",,,,,,,,,,,,,,,
TotalUnusualItems,"0","0","0","0","0","3,100,000","0",,"-933,500,000","0","0","0","-5,200,000",,,,"2,500,000","-23,900,000","0","0","0","0","0","-15,800,000","153,100,000",,"0","0","0","0","0","0","-93,100,000","0","0","0","-40,395,000","0","0","0","0","0","0","0","0","0","0","-6,650,000",,,"0","0",,,,,"1,864,000","0",,,"3,335,000","0",,"675,000","31,368,000",,,,,,,,,"0",,"3,496,000",,,,,,,,,,,,,,"-2,300,000","-2,000,000","-2,700,000","-1,500,000","-2,100,000","-2,100,000","-2,300,000","-2,000,000",,,"-41,200,000",,,,,,,,,,,,,,,"-1,200,000","-100,000",,"-700,000","100,000","200,000","-1,300,000",,"-300,000","200,000",,"-2,700,000","600,000","800,000","700,000","-1,900,000","700,000","400,000",,,,,,,,,,,,,,,
NormalizedEBITDA,"1,394,600,000","304,400,000","455,800,000","358,300,000","276,100,000","110,200,000","203,200,000","77,800,000","-202,500,000","-6,900,000","352,500,000","329,500,000","217,900,000","222,100,000","365,000,000","315,600,000","328,500,000","169,800,000","363,300,000","262,300,000","192,100,000","239,800,000","284,300,000","242,500,000","213,000,000","247,100,000","317,600,000","218,300,000","238,900,000","70,300,000","341,700,000","220,900,000","239,800,000","232,006,000","312,876,000","185,054,000","145,018,000","159,496,000","272,551,000","184,188,000","185,980,000","142,532,000","229,301,000","165,798,000","155,299,000","125,976,000","230,170,000","13,159,000","-10,384,000","65,165,000","103,166,000","64,568,000","62,097,000","-27,205,000","100,129,000","68,341,000","92,180,000","65,524,000","113,933,000","79,159,000","93,134,000","57,708,000","93,649,000","58,821,000","29,619,000","51,974,000","80,441,000","53,691,000","56,221,000","42,195,000","56,043,000","35,570,000","27,350,000","-711,000","42,542,000","23,451,000","12,078,000","21,678,000","38,328,000","24,073,000","10,634,000","-2,268,000","32,932,000","22,934,000","13,275,000","21,151,000","42,876,000","19,719,000","6,842,000","18,327,000","37,500,000","21,200,000","7,700,000","17,300,000","37,100,000","22,300,000","9,300,000","-96,600,000","31,100,000","40,800,000","3,800,000","20,700,000","32,700,000","14,600,000","2,900,000","41,700,000","5,200,000","19,200,000","7,800,000","16,800,000","35,600,000","18,000,000","3,600,000","26,800,000","47,600,000","20,600,000","5,800,000","22,800,000","40,100,000","16,800,000","10,100,000","17,900,000","34,300,000","16,100,000","6,300,000","18,600,000","27,300,000","14,100,000","6,700,000","13,100,000","26,000,000","11,400,000","148,100,000","-431,200,000","210,400,000","143,600,000","122,900,000","-372,600,000","181,800,000","115,100,000","115,100,000","-340,300,000","169,000,000","110,900,000","104,100,000","-382,400,000","187,100,000"
TaxRateForCalcs,"0.021","0.4","0.207","0.281","0.27","0.27","0.216","0.27","0.115","0.27","0.136","0.133","0.224","0.27","0.041","0.186","0.171","0.27","0.044","0.208","0.17","0.196","0.253","0.208","0.128","0.094","0.019","0.19","0.224","0.4","0.089","0.008","0.197","0.35","0.033","0.35","0.35","0.023","0.209","0.277","0.243","0.35","0.321","0.346","0.34","0.35","0.35","0.345","0.104","0.394","0.35","0.389","0.4","0.333","0.324","0.387","0.385","0.371","0.38","0.389","0.372","0.394","0.371","0.371","0.371","0.371","0.374","0.378","0.37","0.263","0.35","0.35","0.35","0.356","0.357","0.4","0.34","0.354","0.332","0.36","0.36","0.36","0.36","0.36","0.36","0.36","0.38","0.38","0.38","0.375","0.335","0.25","0.246","0.4","0.289","0.386","0.348","0.375","0.274","0.358","0.318","0.202","0.282","0.3","0.305","0.293","0.4","0.35","0.346","0.4","0.325","0.36","0.364","0.327","0.319","0.31","0.313","0.224","0.328","0.33","0.4","0.175","0.33","0.326","0.308","0.103","0.277","0.278","0.333","0.212","0.264","0.283",,,,,,,,,,,,,,,
TaxEffectOfUnusualItems,"0","0","0","0","0","837,000","0","0","-107,352,500","0","0","0","-1,164,800","0","0","0","0","-6,453,000","0","0","0","0","0","-3,286,400","19,596,800","0","0","0","0","0","0","0","-18,340,700","0","0","0","-14,138,250","0","0","0","0","0","0","0","0","0","0","-2,295,925.442","0","0","0","0","0","0","0","0","717,064.461","0","0","0","1,240,633.434","0","0","250,432.317","11,637,266.92","0","0","0","0","0","0","0","0","0","0","1,398,400","0","0","0","0","0","0","0","0","0","0","0","0","0","-863,574.766","-669,565.217","-675,000","-368,852.459","-840,000","-607,614.213","-888,636.364","-695,652.174","0","0","-14,765,317.919","0","0","0","0","0","0","0","0","0","0","0","0","0","0","-383,333.333","-30,973.451","0","-156,800","32,822.086","65,979.381","-520,000","0","-98,850.575","65,168.539","0","-279,310.345","166,019.417","222,784.81","233,333.333","-403,030.303","184,577.114","113,207.547",,,,,,,,,,,,,,,