name,ttm,12/31/2021,09/30/2021,06/30/2021,03/31/2021,12/31/2020,09/30/2020,06/30/2020,03/31/2020,12/31/2019,09/30/2019,06/30/2019,03/31/2019,12/31/2018,09/30/2018,06/30/2018,03/31/2018,12/31/2017,09/30/2017,06/30/2017,03/31/2017,12/31/2016,09/30/2016,06/30/2016,03/31/2016,12/31/2015,09/30/2015,06/30/2015,03/31/2015,12/31/2014,09/30/2014,06/30/2014,03/31/2014,12/31/2013,09/30/2013,06/30/2013,03/31/2013,12/31/2012,09/30/2012,06/30/2012,03/31/2012,12/31/2011,09/30/2011,06/30/2011,03/31/2011,12/31/2010,09/30/2010,06/30/2010,03/31/2010,12/31/2009,09/30/2009,06/30/2009,03/31/2009,12/31/2008,09/30/2008,06/30/2008,03/31/2008,12/31/2007,09/30/2007,06/30/2007,03/31/2007,12/31/2006,09/30/2006,06/30/2006,03/31/2006,12/31/2005,09/30/2005,06/30/2005,03/31/2005,12/31/2004,09/30/2004,06/30/2004,03/31/2004,12/31/2003,09/30/2003,06/30/2003,03/31/2003,12/31/2002,09/30/2002,06/30/2002,03/31/2002,12/31/2001,09/30/2001,06/30/2001,03/31/2001,12/31/2000,09/30/2000,06/30/2000,03/31/2000,12/31/1999,09/30/1999,06/30/1999,03/31/1999,12/31/1998,09/30/1998,06/30/1998,03/31/1998,12/31/1997,09/30/1997,06/30/1997,03/31/1997,12/31/1996,09/30/1996,06/30/1996,03/31/1996,12/31/1995,09/30/1995,06/30/1995,03/31/1995,12/31/1994,09/30/1994,06/30/1994,03/31/1994,12/31/1993,09/30/1993,06/30/1993,03/31/1993,12/31/1992,09/30/1992,06/30/1992,03/31/1992,12/31/1991,09/30/1991,06/30/1991,03/31/1991
TotalRevenue,"1,532,133,000","982,247,000","456,958,000","50,914,000","42,014,000","34,138,000","-33,688,000","175,605,000","2,032,750,000","2,517,413,000","3,186,850,000","2,806,631,000","2,439,767,000","2,332,301,000","2,796,187,000","2,337,605,000","2,027,756,000","2,004,467,000","2,569,544,000","2,195,274,000","2,008,560,000","1,909,603,000","2,563,741,000","2,105,262,000","1,917,795,000","1,902,053,000","2,523,100,000","2,058,322,000","1,815,599,000","1,817,826,000","2,388,762,000","1,980,043,000","1,887,224,000","1,854,158,000","2,311,749,000","1,882,767,000","1,911,220,000","1,806,150,000","2,226,390,000","1,821,004,000","1,834,480,000","1,775,401,000","2,321,994,000","1,767,873,000","1,671,995,000","1,604,498,000","2,060,659,000","1,601,697,000","1,485,650,000","1,451,667,000","1,763,542,000","1,349,015,000","1,325,602,000","1,456,277,000","2,063,389,000","1,583,774,000","1,429,085,000","1,491,094,000","1,953,592,000","1,481,325,000","1,223,126,000","1,153,213,000","1,636,851,000","1,292,984,000","1,146,536,000","1,029,640,000","1,502,215,000","1,203,242,000","1,168,077,000","964,585,000","1,386,107,000","1,142,999,000","1,061,684,000","878,045,000","1,120,199,000","905,841,000","880,164,000","780,930,000","1,031,660,000","821,804,000","799,953,000","655,977,000","940,721,000","821,674,000","726,878,000","642,119,000","835,210,000","680,731,000","707,786,000","583,952,000","734,500,000","617,700,000","610,000,000","575,191,000","744,900,000","656,500,000","659,800,000","528,400,000","612,500,000","403,500,000","394,600,000","318,500,000","366,200,000","355,000,000","317,600,000","289,900,000","338,100,000","282,500,000","273,600,000","281,900,000","309,000,000","291,900,000","288,700,000","263,800,000","301,700,000","276,900,000","270,400,000","255,400,000","286,800,000","255,400,000","215,200,000","213,600,000","198,200,000","172,400,000","175,400,000"
	OperatingRevenue,"1,532,133,000","982,247,000","456,958,000","50,914,000","42,014,000","34,138,000","-33,688,000","175,605,000","2,032,750,000","2,517,413,000","3,186,850,000","2,806,631,000","2,439,767,000","2,332,301,000","2,796,187,000","2,337,605,000","2,027,756,000","2,004,467,000","2,569,544,000","2,195,274,000","2,008,560,000","1,909,603,000","2,563,741,000","2,105,262,000","1,917,795,000","1,902,053,000","2,523,100,000","2,058,322,000","1,815,599,000","1,817,826,000","2,388,762,000","1,980,043,000","1,887,224,000","1,854,158,000","2,311,749,000","1,882,767,000","1,911,220,000","1,806,150,000","2,226,390,000","1,821,004,000","1,834,480,000","1,775,401,000","2,321,994,000","1,767,873,000","1,671,995,000","1,604,498,000","2,060,659,000","1,601,697,000","1,485,650,000","1,451,667,000","1,763,542,000","1,349,015,000","1,325,602,000","1,456,277,000","2,063,389,000","1,583,774,000","1,429,085,000","1,491,094,000","1,953,592,000","1,481,325,000","1,223,126,000","1,153,213,000","1,636,851,000","1,292,984,000","1,146,536,000","1,029,640,000","1,502,215,000","1,203,242,000","1,168,077,000","964,585,000","1,386,107,000","1,142,999,000","1,061,684,000","878,045,000","1,120,199,000","905,841,000","880,164,000","780,930,000","1,031,660,000","821,804,000","799,953,000","655,977,000","940,721,000","821,674,000","726,878,000","642,119,000","835,210,000","680,731,000","707,786,000","584,000,000","734,500,000","617,700,000","610,000,000","575,200,000","744,900,000","656,500,000","659,800,000","528,400,000","612,500,000","403,500,000","394,600,000","318,500,000","366,200,000","355,000,000","317,600,000","289,900,000","338,100,000","282,500,000","273,600,000","281,900,000","309,000,000","291,900,000","288,700,000","263,800,000","301,700,000","276,900,000","270,400,000","255,400,000","286,800,000","255,400,000","215,200,000","213,600,000","198,200,000","172,400,000","175,400,000"
CostOfRevenue,"2,657,512,000","1,135,504,000","813,691,000","424,830,000","283,487,000","265,260,000","308,609,000","680,420,000","1,510,819,000","1,481,519,000","1,623,038,000","1,544,504,000","1,413,704,000","1,360,413,000","1,411,364,000","1,314,411,000","1,176,019,000","1,145,701,000","1,318,269,000","1,256,785,000","1,175,824,000","1,123,251,000","1,340,123,000","1,310,587,000","1,241,578,000","1,173,341,000","1,387,026,000","1,316,409,000","1,222,617,000","1,244,745,000","1,426,882,000","1,330,674,000","1,303,980,000","1,282,660,000","1,416,801,000","1,323,619,000","1,282,190,000","1,257,983,000","1,348,325,000","1,296,014,000","1,255,112,000","1,250,861,000","1,405,300,000","1,185,375,000","1,101,071,000","1,106,989,000","1,239,625,000","1,086,187,000","1,025,275,000","1,037,245,000","1,116,086,000","965,435,000","952,336,000","2,326,036,000","1,275,661,000","1,090,999,000","962,186,000","1,025,586,000","1,149,244,000","965,529,000","841,341,000","750,356,000","944,166,000","824,973,000","730,134,000","703,823,000","844,632,000","740,916,000","707,382,000","1,679,772,000","428,166,000","500,879,000","654,399,000","596,645,000","651,355,000","580,466,000","552,569,000","510,074,000","601,640,000","498,865,000","502,638,000","444,893,000","529,156,000","504,003,000","456,339,000","413,793,000","444,888,000","390,599,000","403,179,000","366,252,000","393,200,000","370,200,000","366,600,000","379,628,000","415,100,000","402,600,000","396,400,000","350,600,000","363,000,000","251,400,000","254,300,000","210,400,000","219,200,000","222,000,000","202,900,000","191,700,000","204,600,000","176,500,000","169,700,000","182,400,000","187,500,000","181,200,000","177,700,000","173,900,000","184,200,000","172,500,000","165,800,000",,,,,,,,
GrossProfit,"-1,125,379,000","-153,257,000","-356,733,000","-373,916,000","-241,473,000","-231,122,000","-342,297,000","-504,815,000","521,931,000","1,035,894,000","1,563,812,000","1,262,127,000","1,026,063,000","971,888,000","1,384,823,000","1,023,194,000","851,737,000","858,766,000","1,251,275,000","938,489,000","832,736,000","786,352,000","1,223,618,000","794,675,000","676,217,000","728,712,000","1,136,074,000","741,913,000","592,982,000","573,081,000","961,880,000","649,369,000","583,244,000","571,498,000","894,948,000","559,148,000","629,030,000","548,167,000","878,065,000","524,990,000","579,368,000","524,540,000","916,694,000","582,498,000","570,924,000","497,509,000","821,034,000","515,510,000","460,375,000","414,422,000","647,456,000","383,580,000","373,266,000","-869,759,000","787,728,000","492,775,000","466,899,000","465,508,000","804,348,000","515,796,000","381,785,000","402,857,000","692,685,000","468,011,000","416,402,000","325,817,000","657,583,000","462,326,000","460,695,000","-715,187,000","957,941,000","642,120,000","407,285,000","281,400,000","468,844,000","325,375,000","327,595,000","270,856,000","430,020,000","322,939,000","297,315,000","211,084,000","411,565,000","317,671,000","270,539,000","228,326,000","390,322,000","290,132,000","304,607,000","217,700,000","341,300,000","247,500,000","243,400,000","195,563,000","329,800,000","253,900,000","263,400,000","177,800,000","249,500,000","152,100,000","140,300,000","108,100,000","147,000,000","133,000,000","114,700,000","98,200,000","133,500,000","106,000,000","103,900,000","99,500,000","121,500,000","110,700,000","111,000,000","89,900,000","117,500,000","104,400,000","104,600,000",,,,,,,,
OperatingExpense,"2,662,954,000","836,421,000","649,329,000","608,997,000","568,207,000","573,561,000","563,918,000","621,175,000","720,220,000","736,469,000","673,020,000","688,474,000","707,232,000","607,861,000","585,090,000","566,299,000","577,591,000","551,417,000","513,787,000","518,792,000","553,214,000","487,685,000","486,758,000","507,977,000","512,785,000","478,794,000","466,802,000","480,616,000","487,300,000","451,377,000","432,110,000","453,868,000","484,042,000","453,505,000","438,495,000","445,810,000","463,398,000","444,030,000","425,928,000","428,085,000","443,993,000","418,378,000","408,952,000","414,308,000","421,390,000","375,814,000","375,532,000","371,826,000","368,623,000","332,067,000","340,615,000","328,518,000","329,013,000","-933,318,000","325,821,000","323,825,000","329,331,000","327,538,000","321,514,000","314,913,000","302,142,000","289,315,000","273,076,000","283,767,000","275,351,000","270,021,000","257,127,000","248,937,000","261,292,000","-885,330,000","668,489,000","741,861,000","901,216,000","-1,547,869,000","871,038,000","788,638,000","765,222,000","-1,398,733,000","790,063,000","691,284,000","687,541,000","-1,297,403,000","729,464,000","686,399,000","636,794,000","-1,072,882,000","599,044,000","549,535,000","568,150,000","-977,674,000","536,300,000","509,600,000","501,600,000","-1,082,772,000","561,300,000","535,000,000","540,300,000","469,800,000","495,700,000","336,100,000","333,800,000","282,900,000","292,800,000","296,200,000","268,400,000","259,000,000","272,100,000","237,800,000","231,300,000","250,600,000","248,600,000","243,600,000","243,100,000","60,200,000","65,200,000","63,900,000","65,700,000",,,,,,,,
	SellingGeneralAndAdministration,"1,370,076,000","503,055,000","323,422,000","285,558,000","258,041,000","255,533,000","246,779,000","301,418,000","395,890,000","414,707,000","352,725,000","376,874,000","414,947,000","327,693,000","325,167,000","312,923,000","337,361,000","311,059,000","273,637,000","283,855,000","317,465,000","254,482,000","257,430,000","286,357,000","302,021,000","269,464,000","256,060,000","274,148,000","286,832,000","257,995,000","239,662,000","260,988,000","290,307,000","262,883,000","249,954,000","259,626,000","274,034,000","255,494,000","243,877,000","247,571,000","264,601,000","238,445,000","231,761,000","242,258,000","248,138,000","211,936,000","213,300,000","211,795,000","211,048,000","185,655,000","196,594,000","190,593,000","189,157,000","183,918,000","191,115,000","196,548,000","204,941,000","204,493,000","199,169,000","193,195,000","186,184,000","181,183,000","163,745,000","181,744,000","173,192,000","168,709,000","156,107,000","148,962,000","161,530,000","153,673,000","141,035,000","143,321,000","150,238,000","141,877,000","129,016,000","119,457,000","123,984,000","118,823,000","102,885,000","107,271,000","102,076,000","110,332,000","123,489,000","107,469,000","112,790,000","103,461,000","96,650,000","104,273,000","108,415,000","100,317,000","92,800,000","90,900,000","87,800,000","83,714,000","94,200,000","85,000,000","96,300,000","75,900,000","85,600,000","57,100,000","53,600,000","49,200,000","50,400,000","50,600,000","44,400,000","46,000,000","46,000,000","42,100,000","43,400,000","48,600,000","41,500,000","43,200,000","45,900,000","38,200,000","43,500,000","42,500,000","44,200,000",,,,,,,,
		GeneralAndAdministrativeExpense,,,,,,,,,,,,,,,,,,,,,,,,,,,,,,,,,,,,,,,,,,,,,,,,,,,,,,,"361,384,000",,"462,881,000","483,731,000","555,640,000","461,825,000","405,869,000","378,652,000","453,207,000","410,477,000","375,457,000","348,148,000","409,603,000","361,061,000","375,102,000",,"376,188,000","349,873,000",,,,,,,,,,,,,,,,,,,,,,,,,,,,,,,,,,,,,,,,,,,,,,,,,,,,,
			SalariesAndWages,,,,,,,,,,,,,,,,,,,,,,,,,,,,,,,,,,,,,,,,,,,,,,,,,,,,,,,"170,269,000",,"-154,239,000","-151,395,000","-153,106,000","-142,300,000","-137,280,000","-131,074,000","-130,039,000","-123,427,000","-117,334,000","-127,205,000","-129,415,000",,"-127,785,000",,"-124,084,000",,,,,,,,,,,,,,,,,,,,,,,,,,,,,,,,,,,,,,,,,,,,,,,,,,,,,,
			OtherGandA,,,,,,,,,,,,,,,,,,,,,,,,,,,,,,,,,,,,,,,,,,,,,,,,,,,,,,,"191,115,000",,"617,120,000","635,126,000","708,746,000","604,125,000","543,149,000","509,726,000","583,246,000","533,904,000","492,791,000","475,353,000","539,018,000","361,061,000","502,887,000",,"500,272,000","349,873,000",,,,,,,,,,,,,,,,,,,,,,,,,,,,,,,,,,,,,,,,,,,,,,,,,,,,,
		SellingAndMarketingExpense,,,,,,,,,,,,,,,,,,,,,,,,,,,,,,,,,,,,,,,,,,,,,,,,,,,,,,,,,"-257,940,000","-279,238,000","-356,471,000","-268,630,000","-219,685,000","-197,469,000","-289,462,000","-228,733,000","-202,265,000","-179,439,000","-253,496,000","-212,099,000","-213,572,000",,"-235,153,000","-206,552,000",,,,,,,,,,,,,,,,,,,,,,,,,,,,,,,,,,,,,,,,,,,,,,,,,,,,,
	DepreciationAmortizationDepletionIncomeStatement,"1,292,878,000","333,366,000","325,907,000","323,439,000","310,166,000","318,028,000","317,139,000","319,757,000","324,330,000","321,762,000","320,295,000","311,600,000","292,285,000","280,168,000","259,923,000","253,376,000","240,230,000","240,358,000","240,150,000","234,937,000","235,749,000","233,203,000","229,328,000","221,620,000","210,764,000","209,330,000","210,742,000","206,468,000","200,468,000","193,382,000","192,448,000","192,880,000","193,735,000","190,622,000","188,541,000","186,184,000","189,364,000","188,536,000","182,051,000","180,514,000","179,392,000","179,933,000","177,191,000","172,050,000","173,252,000","163,878,000","162,232,000","160,031,000","157,575,000","146,412,000","144,021,000","137,925,000","139,856,000","133,980,000","134,706,000","127,277,000","124,390,000","123,045,000","122,345,000","121,718,000","115,958,000","108,132,000","109,331,000","102,023,000","102,159,000","101,312,000","101,020,000","99,975,000","99,762,000","100,608,000","99,288,000","97,661,000","96,579,000","94,644,000","90,667,000","88,715,000","88,669,000","85,587,000","85,538,000","85,148,000","82,827,000","81,763,000","76,819,000","74,927,000","67,665,000","62,323,000","57,506,000","54,663,000","56,556,000","52,009,000","50,300,000","48,500,000","47,200,000","47,614,000","52,000,000","47,400,000","47,600,000","43,300,000","47,100,000","27,600,000","25,900,000","23,300,000","23,200,000","23,600,000","21,100,000","21,300,000","21,500,000","19,200,000","18,200,000","19,600,000","19,600,000","19,200,000","19,500,000","22,000,000","21,700,000","21,400,000","21,500,000",,,,,,,,
		DepreciationAndAmortizationInIncomeStatement,"1,292,878,000","333,366,000","325,907,000","323,439,000","310,166,000","318,028,000","317,139,000","319,757,000","324,330,000","321,762,000","320,295,000","311,600,000","292,285,000","280,168,000","259,923,000","253,376,000","240,230,000","240,358,000","240,150,000","234,937,000","235,749,000","233,203,000","229,328,000","221,620,000","210,764,000","209,330,000","210,742,000","206,468,000","200,468,000","193,382,000","192,448,000","192,880,000","193,735,000","190,622,000","188,541,000","186,184,000","189,364,000","188,536,000","182,051,000","180,514,000","179,392,000","179,933,000","177,191,000","172,050,000","173,252,000","163,878,000","162,232,000","160,031,000","157,575,000","146,412,000","144,021,000","137,925,000","139,856,000","133,980,000","134,706,000","127,277,000","124,390,000","123,045,000","122,345,000","121,718,000","115,958,000","108,132,000","109,331,000","102,023,000","102,159,000","101,312,000","101,020,000","99,975,000","99,762,000","100,608,000","99,288,000","97,661,000","96,579,000","94,644,000","90,667,000","88,715,000","88,669,000","85,587,000","85,538,000","85,148,000","82,827,000","81,763,000","76,819,000","74,927,000","67,665,000","62,323,000","57,506,000","54,663,000","56,556,000","52,009,000","50,300,000","48,500,000","47,200,000","47,614,000","52,000,000","47,400,000","47,600,000","43,300,000","47,100,000","27,600,000","25,900,000","23,300,000","23,200,000","23,600,000","21,100,000","21,300,000","21,500,000","19,200,000","18,200,000","19,600,000","19,600,000","19,200,000","19,500,000","22,000,000","21,700,000","21,400,000","21,500,000",,,,,,,,
			DepreciationIncomeStatement,,,,,,,,,,,,,,,,,,,,,,,,,,,,,,,,,,,,,,,,,,,,,,,,,,,,,,,,,"124,390,000","123,045,000","122,345,000","121,718,000","115,958,000","108,132,000","109,331,000","102,023,000","102,159,000","101,312,000","101,020,000","99,975,000","99,762,000","100,608,000","99,288,000","97,661,000","96,579,000","94,644,000","90,667,000","88,715,000","88,669,000","85,587,000","85,538,000","85,148,000","82,827,000","81,763,000","76,819,000","74,927,000","67,665,000","62,323,000","57,506,000","54,663,000","56,556,000","52,009,000","50,300,000","48,500,000","47,200,000","47,614,000","52,000,000","47,400,000","47,600,000","43,300,000","47,100,000","27,600,000","25,900,000","23,300,000","23,200,000","23,600,000","21,100,000","21,300,000","21,500,000","19,200,000","18,200,000","19,600,000","19,600,000","19,200,000","19,500,000","22,000,000","21,700,000","21,400,000","21,500,000",,,,,,,,
	OtherOperatingExpenses,,,,,,,,,,,,,,,,,,,,,,,,,,,,,,,,,,,,,,,,,,,,,,,,,,,,,,,"263,903,000",,,,,,,,,,,,,,,,"428,166,000","500,879,000","654,399,000",,"651,355,000","580,466,000","552,569,000",,"601,640,000","498,865,000","502,638,000",,"529,156,000","504,003,000","456,339,000",,"444,888,000","390,599,000","403,179,000",,"393,200,000","370,200,000","366,600,000",,"415,100,000","402,600,000","396,400,000","350,600,000","363,000,000","251,400,000","254,300,000","210,400,000","219,200,000","222,000,000","202,900,000","191,700,000","204,600,000","176,500,000","169,700,000","182,400,000","187,500,000","181,200,000","177,700,000",,,,,,,,,,,,
OperatingIncome,"-3,788,333,000","-989,678,000","-1,006,062,000","-982,913,000","-809,680,000","-804,683,000","-906,215,000","-1,125,990,000","-198,289,000","299,425,000","890,792,000","573,653,000","318,831,000","364,027,000","799,733,000","456,895,000","274,146,000","307,349,000","737,488,000","419,697,000","279,522,000","298,667,000","736,860,000","286,698,000","163,432,000","249,918,000","669,272,000","261,297,000","105,682,000","121,704,000","529,770,000","195,501,000","99,202,000","117,993,000","456,453,000","113,338,000","165,632,000","104,137,000","452,137,000","96,905,000","135,375,000","106,162,000","507,742,000","168,190,000","149,534,000","121,695,000","445,502,000","143,684,000","91,752,000","82,355,000","306,841,000","55,062,000","44,253,000","63,559,000","461,907,000","168,950,000","137,568,000","137,970,000","482,834,000","200,883,000","79,643,000","113,542,000","419,609,000","184,244,000","141,051,000","55,796,000","400,456,000","213,389,000","199,403,000","170,143,000","289,452,000","-99,741,000","-493,931,000","1,829,269,000","-402,194,000","-463,263,000","-437,627,000","1,669,589,000","-360,043,000","-368,345,000","-390,226,000","1,508,487,000","-317,899,000","-368,728,000","-366,255,000","1,301,208,000","-208,722,000","-259,403,000","-263,543,000","1,195,374,000","-195,000,000","-262,100,000","-258,200,000","1,278,335,000","-231,500,000","-281,100,000","-276,900,000","-292,000,000","-246,200,000","-184,000,000","-193,500,000","-174,800,000","-145,800,000","-163,200,000","-153,700,000","-160,800,000","-138,600,000","-131,800,000","-127,400,000","-151,100,000","-127,100,000","-132,900,000","-132,100,000","29,700,000","52,300,000","40,500,000","38,900,000","-619,100,000","286,800,000","255,400,000","215,200,000","-481,800,000","198,200,000","172,400,000","175,400,000"
NetNonOperatingInterestIncomeExpense,"-1,274,980,000","-280,311,000","-426,875,000","-300,141,000","-267,653,000","-267,810,000","-254,332,000","-213,683,000","-87,377,000","-89,562,000","-96,413,000","-104,962,000","-90,631,000","-91,282,000","-80,679,000","-68,766,000","-60,145,000","-56,455,000","-68,540,000","-70,821,000","-74,065,000","-74,586,000","-76,138,000","-73,064,000","-62,726,000","-60,346,000","-65,084,000","-73,848,000","-66,422,000","-62,047,000","-57,983,000","-62,630,000","-65,295,000","-72,262,000","-76,355,000","-83,472,000","-86,435,000","-83,767,000","-80,233,000","-84,134,000","-86,320,000","-82,636,000","-91,128,000","-86,490,000","-83,702,000","-84,433,000","-87,267,000","-82,483,000","-82,555,000","-76,409,000","-71,687,000","-67,168,000","-77,732,000","-84,745,000","-74,940,000","-78,071,000",,,,,,,,,,,,,,,,,,,,,,,,,,,,,,,,,,,,,,,,,,,,,,,,,,,,,,,,,,,,,,,,,,,,,
	InterestIncomeNonOperating,"16,773,000","3,456,000","3,786,000","4,670,000","4,861,000","5,279,000","5,017,000","5,206,000","5,534,000","5,194,000","5,625,000","6,342,000","9,784,000","6,138,000","5,831,000","13,098,000","7,733,000","13,345,000","4,693,000","5,811,000","6,252,000","5,981,000","6,472,000","5,683,000","2,720,000","3,781,000","1,735,000","2,772,000","3,737,000","2,321,000","2,117,000","2,630,000","3,276,000","3,447,000","3,299,000","3,405,000","3,747,000","5,269,000","4,744,000","4,972,000","6,346,000","7,989,000","7,070,000","6,478,000","3,781,000","4,696,000","1,815,000","1,363,000","1,369,000","1,902,000","2,225,000","1,159,000","1,730,000","2,973,000","5,620,000","3,015,000",,,,,,,,,,,,,,,,,,,,,,,,,,,,,,,,,,,,,,,,,,,,,,,,,,,,,,,,,,,,,,,,,,,,,
	InterestExpenseNonOperating,"1,291,753,000","283,767,000","430,661,000","304,811,000","272,514,000","273,089,000","259,349,000","218,889,000","92,911,000","94,756,000","102,038,000","111,304,000","100,415,000","97,420,000","86,510,000","81,864,000","67,878,000","69,800,000","73,233,000","76,632,000","80,317,000","80,567,000","82,610,000","78,747,000","65,446,000","64,127,000","66,819,000","76,620,000","70,159,000","64,368,000","60,100,000","65,260,000","68,571,000","75,709,000","79,654,000","86,877,000","90,182,000","89,036,000","84,977,000","89,106,000","92,666,000","90,625,000","98,198,000","92,968,000","87,483,000","89,129,000","89,082,000","83,846,000","83,924,000","78,311,000","73,912,000","68,327,000","79,462,000","87,718,000","80,560,000","81,086,000",,,,,,,,,,,,,,,,,,,,,,,,,,,,,,,,,,,,,,,,,,,,,,,,,,,,,,,,,,,,,,,,,,,,,
OtherIncomeExpense,"-197,186,000","-86,979,000","8,383,000","-64,180,000","-54,389,000","-294,442,000","-178,765,000","-292,175,000","-1,151,369,000","70,611,000","95,986,000","11,264,000","28,606,000","47,708,000","91,337,000","78,166,000","4,652,000","37,145,000","83,894,000","20,650,000","9,269,000","37,005,000","32,535,000","16,271,000","-1,566,000","17,227,000","-375,401,000","-2,482,000","5,970,000","50,111,000","18,461,000","4,802,000","-7,450,000","-38,713,000","-14,397,000","-5,119,000","-2,971,000","-413,173,000","-4,125,000","-16,424,000","-2,091,000","13,036,000","-17,656,000","11,791,000","25,720,000","5,445,000","-8,056,000","-655,000","78,250,000","-2,593,000","-4,762,000","-22,980,000","-2,759,000","22,665,000","24,920,000","-6,130,000","13,479,000","12,008,000","-8,268,000","6,927,000","5,162,000","1,357,000","-6,885,000","-909,000","34,535,000","-865,000","36,155,000","-60,293,000","8,782,000","8,895,000","-79,000","3,386,000","9,669,000","3,367,000","8,570,000","4,410,000","2,011,000","33,637,000","15,956,000","703,000","4,442,000","4,665,000","3,207,000","4,772,000","14,871,000","15,999,000","3,833,000","5,900,000","-3,503,000","22,000",,"10,000,000","16,100,000","-4,708,000","3,100,000","-2,400,000","-1,900,000","3,700,000","600,000","-800,000","-500,000","10,700,000","-500,000",,"-2,100,000","700,000","-500,000",,"18,700,000","-100,000","-200,000","-500,000","-200,000","0","-600,000","200,000",,,,,,,,,
	GainOnSaleOfSecurity,"-135,469,000","1,575,000","-29,085,000","-48,088,000","-59,871,000","-73,028,000","-78,013,000","-51,853,000","-10,392,000","60,587,000","103,654,000","33,045,000","33,694,000","42,524,000","95,169,000","44,311,000","28,752,000","35,888,000","85,120,000","23,359,000","11,880,000","33,518,000",,,,,,,,,,,,,,,,,,,,,,,,,,,,,,,,,,,,,,,,,,,,,,,,,,,,,,,,,,,,,,,,,,,,,,,,,,,,,,,,,,,,,,,,,,,,,,,,,,,,,,,
	EarningsFromEquityInterest,,,,,"-59,871,000","-73,028,000","-78,013,000","-51,853,000","-10,392,000","60,587,000","103,654,000","33,045,000","33,694,000","42,524,000","95,169,000","44,311,000","28,752,000","35,888,000","85,120,000","23,359,000","11,880,000","33,518,000",,,,,,,,,,,,,,,,,,,,,,,,,,,,,,,,,,,,,,,,,,,,,,,,,,,,,,,,,,,,,,,,,,,,,,,,,,,,,,,,,,,,,,,,,,,,,,,,,,,,,,,
	SpecialIncomeCharges,"-82,001,000","-42,067,000","238,000","-40,600,000","449,000","-211,866,000","-89,899,000","-156,497,000","-1,108,118,000",,,,,,,,"-23,343,000",,,,,"-1,825,000","-1,897,000","-4,425,000","-305,000","0","-411,267,000","0","0","-2,360,000","-308,000","86,000","-1,736,000","-43,024,000","-16,450,000",,,"-385,460,000","-7,485,000","-16,424,000","-2,091,000","13,036,000","-17,656,000","11,791,000","25,720,000","5,445,000","-8,056,000","-655,000","78,250,000","-2,593,000","-4,762,000","-22,980,000","-2,759,000","22,665,000","24,920,000","-6,130,000","13,479,000","12,008,000","-8,268,000","6,927,000","5,162,000","1,357,000","-6,885,000","-909,000","34,535,000","-865,000","36,155,000","-60,293,000","8,782,000","8,895,000","-79,000","3,386,000","9,669,000","3,367,000","8,570,000","4,410,000","2,011,000","33,637,000","15,956,000","703,000","4,442,000","4,665,000","3,207,000","4,772,000","14,871,000","15,999,000","3,833,000","5,900,000","-3,503,000","22,000",,"10,000,000","16,100,000","-4,708,000","3,100,000","-2,400,000","-1,900,000","3,700,000","600,000","-800,000","-500,000","10,700,000","-500,000",,"-2,100,000","700,000","-500,000",,"18,700,000","-100,000","-200,000","-500,000","-200,000","0","-600,000","200,000",,,,,,,,,
		RestructuringAndMergernAcquisition,,,,,,,,,,,,,,,,,,,,,,"1,825,000","1,897,000","4,425,000","305,000","0","0","0","0","2,360,000","308,000","-86,000","1,736,000","43,024,000","12,244,000",,,,,,,,,,,,,,,,,,,,,,,,,,,,,,,,,,,,,,,,,,,,,,,,,,,,,,,,,,,,,,,,,,,,,,,,,,,,,,,,,,,,,,,,,,
		ImpairmentOfCapitalAssets,,,,"40,600,000",,,,,,,,,,,,,"23,343,000",,,,,"0","0",,,"0","411,267,000",,,,,,,"0",,,,"385,444,000",,,,,,,,,,,,,,,,,,,,,,,,,,,,,,,,,,,,,,,,,,,,,,,,,,,,,,,,,,,,,,,,,,,,,,,,,,,,,,,,,,,,,,,
		WriteOff,"82,001,000","42,067,000","-238,000","40,621,000","-449,000","211,866,000","89,899,000","156,497,000","1,108,118,000",,,,,,,,"23,343,000",,,,,,,,,,,,,,,,,,,,,,,,,,,,,,,,,,,,,,,,,,,,,,,,,,,,,,,,,,,,,,,,,,,,,,,,,,,,,,,,,,,,,,,,,,,,,,,,,,,,,,,,,,,,
		OtherSpecialCharges,,,,,,,,,,,,,,,,,,,,,,,,,,,,,,,,,,"0","4,206,000",,,"16,000","7,485,000",,,,,,,,,,,,,,,,,,,,,,,,,,,,,,,,,,,,,,,,,,,,,,,,,,,,,,,,,,,,,,,,,,,,,,,,,,,,,,,,,,,,,,
	OtherNonOperatingIncomeExpenses,"20,284,000","-46,487,000","37,230,000","24,508,000","5,033,000","-9,548,000","-10,853,000","-83,825,000","-32,859,000","10,024,000","-7,668,000","-21,781,000","-5,088,000","5,184,000","-3,832,000","33,855,000","-757,000","1,257,000","-1,226,000","-2,709,000","-2,611,000","-89,520,000","34,432,000","20,696,000","-1,261,000","17,227,000","35,866,000","-2,482,000","5,970,000","52,471,000","18,769,000","4,716,000","-5,714,000","4,311,000","2,053,000","-5,119,000","-2,971,000","-27,713,000","3,360,000",,,,,,,,,,,,,,,,,,,,,,,,,,,,,,,,,,,,,,,,,,,,,,,,,,,,,,,,,,,,,,,,,,,,,,,,,,,,,,,,,,,,,,
PretaxIncome,"-5,260,499,000","-1,356,968,000","-1,424,554,000","-1,347,234,000","-1,131,722,000","-1,366,935,000","-1,339,312,000","-1,631,848,000","-1,437,035,000","280,474,000","890,365,000","479,955,000","256,806,000","320,453,000","810,391,000","466,295,000","218,653,000","288,039,000","752,842,000","369,526,000","214,726,000","261,086,000","693,257,000","229,905,000","99,140,000","206,799,000","228,787,000","184,967,000","45,230,000","109,768,000","490,248,000","137,673,000","26,457,000","7,018,000","365,701,000","24,747,000","76,226,000","-392,803,000","367,779,000",,,,,,,,,,,,,,,,,,,,,,,,,,,,,,,,,,,,,,,,,,,,,,,,,,,,,,,,,,,,,,,,,,,,,,,,,,,,,,,,,,,,,,
NetIncomeCommonStockholders,"-5,260,499,000","-1,356,968,000","-1,424,554,000","-1,347,255,000","-1,131,722,000","-1,366,935,000","-1,346,756,000","-1,639,292,000","-1,444,479,000","273,136,000","883,240,000","472,830,000","249,681,000","315,703,000","810,391,000","466,295,000","218,653,000","288,039,000","752,842,000","369,526,000","214,726,000","261,086,000","693,257,000","229,905,000","99,140,000","206,799,000","228,787,000","184,967,000","45,230,000","109,768,000","490,248,000","137,673,000","26,457,000","7,018,000","365,701,000","24,747,000","76,226,000","-392,803,000","367,779,000","-3,653,000","46,964,000","36,562,000","398,958,000","93,491,000","91,552,000","42,707,000","350,179,000","60,546,000","87,447,000","3,353,000","230,392,000","-35,086,000","-36,238,000","1,479,000","411,887,000","84,749,000","75,607,000","70,830,000","395,000,000","128,745,000","8,825,000","46,623,000","345,372,000","122,427,000","119,499,000","-3,604,000","374,711,000","154,494,000","135,343,000","-25,785,000","282,471,000","122,159,000","95,846,000","-20,049,000","191,867,000","55,672,000","53,174,000","38,277,000","193,494,000","66,700,000","52,813,000","-38,965,000","159,212,000","81,713,000","52,497,000","30,080,000","201,497,000","108,258,000","105,528,000","38,353,000","170,000,000","85,300,000","90,200,000","23,400,000","150,000,000","79,800,000","77,500,000","22,400,000","75,900,000","38,300,000","38,500,000","26,800,000","53,100,000","38,300,000","32,800,000","16,500,000","49,700,000","31,500,000","51,400,000","18,700,000","49,100,000","33,500,000","35,400,000","18,400,000","40,600,000","27,500,000","20,200,000","7,800,000","30,700,000","17,700,000","4,400,000","2,100,000","8,500,000","-5,300,000","-1,000,000"
	NetIncome,"-5,260,499,000","-1,356,968,000","-1,424,554,000","-1,347,255,000","-1,131,722,000","-1,366,935,000","-1,346,756,000","-1,639,292,000","-1,444,479,000","273,136,000","883,240,000","472,830,000","249,681,000","315,703,000","810,391,000","466,295,000","218,653,000","288,039,000","752,842,000","369,526,000","214,726,000","261,086,000","693,257,000","229,905,000","99,140,000","206,799,000","228,787,000","184,967,000","45,230,000","109,768,000","490,248,000","137,673,000","26,457,000","7,018,000","365,701,000","24,747,000","76,226,000","-392,803,000","367,779,000","-3,653,000","46,964,000","36,562,000","398,958,000","93,491,000","91,552,000","42,707,000","350,179,000","60,546,000","87,447,000","3,353,000","230,392,000","-35,086,000","-36,238,000","1,479,000","411,887,000","84,749,000","75,607,000","70,830,000","395,000,000","128,745,000","8,825,000","46,623,000","345,372,000","122,427,000","119,499,000","-3,604,000","374,711,000","154,494,000","135,343,000","-25,785,000","282,471,000","122,159,000","95,846,000","-20,049,000","191,867,000","55,672,000","53,174,000","38,277,000","193,494,000","66,700,000","52,813,000","-38,965,000","159,212,000","81,713,000","52,497,000","30,080,000","201,497,000","108,258,000","105,528,000","38,353,000","170,000,000","85,300,000","90,200,000","23,400,000","150,000,000","79,800,000","77,500,000","22,400,000","75,900,000","38,300,000","38,500,000","26,800,000","53,100,000","38,300,000","32,800,000","16,500,000","49,700,000","31,500,000","51,400,000","18,700,000","49,100,000","33,500,000","35,400,000","18,400,000","40,600,000","27,500,000","20,200,000","7,800,000","30,700,000","17,700,000","4,400,000","2,100,000","8,500,000","-5,300,000","-1,000,000"
		NetIncomeIncludingNoncontrollingInterests,"-5,260,499,000","-1,356,968,000","-1,424,554,000","-1,347,255,000","-1,131,722,000","-1,366,935,000","-1,339,312,000","-1,631,848,000","-1,437,035,000","280,474,000","890,365,000","479,955,000","256,806,000","320,453,000","810,391,000","466,295,000","218,653,000","288,039,000","752,842,000","369,526,000","214,726,000","261,086,000","693,257,000","229,905,000","99,140,000","206,799,000","228,787,000","184,967,000","45,230,000","109,768,000","490,248,000","137,673,000","26,457,000","7,018,000","365,701,000","24,747,000","76,226,000","-392,803,000","367,779,000","-3,653,000","46,964,000","36,562,000","398,958,000","93,491,000","91,552,000","42,707,000","350,179,000","60,546,000","87,447,000","3,353,000","230,392,000","-35,086,000","-36,238,000","1,479,000","411,887,000","84,749,000","75,607,000","70,830,000","395,000,000","128,745,000","8,825,000","46,623,000","345,372,000","122,427,000","119,499,000","-3,604,000","374,711,000","154,494,000","135,343,000","-25,785,000","282,471,000","122,159,000","95,846,000","-20,049,000","191,867,000","55,672,000","53,174,000","38,277,000","193,494,000","66,700,000","52,813,000","-38,965,000","159,212,000","81,713,000","52,497,000","30,080,000","201,497,000","108,258,000","105,528,000","38,353,000","170,000,000","85,300,000","90,200,000","23,400,000","150,000,000","79,800,000","77,500,000","22,400,000","75,900,000","38,300,000","38,500,000","26,800,000","53,100,000","38,300,000","32,800,000","16,500,000","49,700,000","31,500,000","51,400,000","18,700,000","49,100,000","33,500,000","35,400,000","18,400,000","40,600,000","27,500,000","20,200,000","7,800,000","30,700,000","17,700,000","4,400,000","2,100,000","8,500,000","-5,300,000","-1,000,000"
			NetIncomeContinuousOperations,"-5,260,499,000","-1,356,968,000","-1,424,554,000","-1,347,234,000","-1,131,722,000","-1,366,935,000","-1,339,312,000","-1,631,848,000","-1,437,035,000","280,474,000","890,365,000","479,955,000","256,806,000","320,453,000","810,391,000","466,295,000","218,653,000","288,039,000","752,842,000","369,526,000","214,726,000","261,086,000","693,257,000","229,905,000","99,140,000","206,799,000","228,787,000","184,967,000","45,230,000","109,768,000","490,248,000","137,673,000","26,457,000","7,018,000","365,701,000","24,747,000","76,226,000","-392,803,000","367,779,000","-3,653,000","46,964,000","36,562,000","398,958,000","93,491,000","91,552,000","42,707,000","350,179,000","60,546,000","87,447,000","3,353,000","230,392,000","-35,086,000","-36,238,000","1,479,000","411,887,000","84,749,000","75,607,000","70,830,000","395,000,000","128,745,000","8,825,000","46,623,000","345,372,000","122,427,000","119,499,000","-3,604,000","374,711,000","154,494,000","135,343,000","-25,785,000","282,471,000","122,159,000","95,846,000","-20,049,000","191,867,000","55,672,000","53,174,000","38,277,000","193,494,000","66,700,000","52,813,000","-38,965,000","159,212,000","81,713,000","52,497,000","30,080,000","201,497,000","108,258,000","105,528,000","38,353,000","170,000,000","85,300,000","90,200,000","23,400,000","150,000,000","79,800,000","77,500,000","22,400,000","75,900,000","45,900,000","38,500,000","26,800,000","53,100,000","38,300,000","32,800,000","16,500,000","49,700,000","31,500,000","51,400,000","21,000,000","49,100,000","36,900,000","35,400,000","18,400,000","40,600,000","27,500,000","20,200,000","7,800,000","30,700,000","17,700,000","4,400,000","2,100,000","8,500,000","-5,300,000","-1,000,000"
			NetIncomeExtraordinary,,,,,,,,,,,,,,,,,,,,,,,,,,,,,,,,,,,,,,,,,,,,,,,,,,,,,,,,,,,,,,"0",,,"0","0",,,,,,,,,,,,,,,,,,,,,,,,,,,,,,,,"0",,"-7,600,000",,,,,,,,,,"-2,300,000",,"-3,400,000",,,,,,,,,,,,,
		MinorityInterests,"0","0","0","0","0","0","-7,444,000","-7,444,000","-7,444,000","-7,338,000","-7,125,000","-7,125,000","-7,125,000","-4,750,000",,,,,,,,,,,,,,,,,,,,,,,,,,,,,,,,,,,,,,,,,,,,,,,,,,,,,,,,,,,,,,,,,,,,,,,,,,,,,,,,,,,,,,,,,,,,,,,,,,,,,,,,,,,,,,,
DilutedNIAvailtoComStockholders,"-5,260,499,000","-1,356,968,000","-1,424,554,000","-1,347,255,000","-1,131,722,000","-1,366,935,000","-1,346,756,000","-1,639,292,000","-1,444,479,000","273,136,000","883,240,000","472,830,000","249,681,000","315,703,000","810,391,000","466,295,000","218,653,000","288,039,000","752,842,000","369,526,000","214,726,000","261,086,000","693,257,000","229,905,000","99,140,000","206,799,000","228,787,000","184,967,000","45,230,000","109,768,000","490,248,000","137,673,000","26,457,000","7,018,000","365,701,000","24,747,000","76,226,000","-392,803,000","367,779,000","-3,653,000","46,964,000","36,562,000","398,958,000","93,491,000","91,552,000","42,707,000","350,179,000","60,546,000","87,447,000","3,353,000","230,392,000","-35,086,000","-36,238,000","1,479,000","411,887,000","84,749,000","75,607,000","70,830,000","395,000,000","128,745,000","8,825,000","46,623,000","345,372,000","122,427,000","119,499,000","-3,604,000","374,711,000","154,494,000","135,343,000","-25,785,000","282,471,000","122,159,000","95,846,000","-20,049,000","191,867,000","55,672,000","53,174,000","38,277,000","193,494,000","66,700,000","52,813,000","-38,965,000","159,212,000","81,713,000","52,497,000","30,080,000","201,497,000","108,258,000","105,528,000","38,353,000","170,000,000","85,300,000","90,200,000","23,400,000","150,000,000","79,800,000","77,500,000","22,400,000","75,900,000","38,300,000","38,500,000","26,800,000","53,100,000","38,300,000","32,800,000","16,500,000","49,700,000","31,500,000","51,400,000","18,700,000","49,100,000","33,500,000","35,400,000","18,400,000","40,600,000","27,500,000","20,200,000","7,800,000","30,700,000","17,700,000","4,400,000","2,100,000","8,500,000","-5,300,000","-1,000,000"
BasicEPS,,"-5.33","-5.59","-5.29","-4.66","-6.09","-6.29","-7.83","-6.91","1.31","4.21","2.26","1.19","1.51","3.88","2.2","1.03","1.35","3.51","1.72","1","1.22","3.23","1.07","0.46","0.95","1.04","0.84","0.21","0.5","2.2","0.62","0.12","0.03","1.66","0.11","0.35","-1.8","1.69","-0.02","0.22",,"1.84","0.43","0.42",,"1.66","0.28","0.41",,"1.08","-0.16","-0.17",,"1.93","0.4","0.35",,"1.85","0.61","0.04",,"1.66","0.58","0.57",,"1.79","0.76","0.67",,"1.42","0.61","0.49",,"0.99","0.29","0.28",,"1.01","0.35","0.27",,"0.83","0.43","0.27",,"1.05","0.57","0.57",,"0.98","0.49","0.52",,"0.87","0.45","0.46",,"0.5","0.28","0.29",,"0.42","0.3","0.26",,"0.39","0.25","0.41",,"0.39","0.26","0.28",,"0.33","0.24","0.2",,"0.3","0.17","0.05",,"0.08","-0.05","-0.01"
DilutedEPS,,"-5.33","-5.59","-5.29","-4.66","-6.09","-6.29","-7.83","-6.91","1.3","4.2","2.25","1.19","1.5","3.86","2.19","1.02","1.34","3.49","1.71","0.99","1.21","3.21","1.06","0.46","0.94","1.03","0.84","0.2","0.49","2.19","0.62","0.12","0.03","1.65","0.11","0.35","-1.8","1.68","-0.02","0.21",,"1.82","0.43","0.42",,"1.64","0.28","0.4",,"1.07","-0.16","-0.17",,"1.92","0.4","0.35",,"1.84","0.6","0.04",,"1.63","0.57","0.55",,"1.64","0.71","0.63",,"1.33","0.59","0.47",,"0.97","0.28","0.27",,"0.99","0.34","0.27",,"0.82","0.42","0.27",,"1.04","0.56","0.55",,"0.92","0.47","0.49",,"0.82","0.44","0.44",,"0.48","0.28","0.29",,"0.42","0.3","0.26",,"0.39","0.25","0.41",,"0.39","0.26","0.28",,"0.33","0.24","0.2",,"0.3","0.17","0.05",,"0.08","-0.05","-0.01"
BasicAverageShares,,"254,792,000","254,713,000","254,577,000","243,004,000","224,584,000","214,163,000","209,385,000","209,097,000","209,193,000","209,575,000","209,531,000","209,322,000","209,001,000","209,054,000","211,673,000","212,610,000","213,831,000","214,694,000","215,085,000","214,870,000","214,588,000","214,819,000","215,265,000","216,914,000","218,652,000","219,963,000","219,913,000","219,626,000","220,622,000","222,523,000","222,189,000","221,295,000","220,197,000","219,744,000","219,502,000","219,097,000","218,326,000","217,940,000","217,866,000","217,584,000",,"217,105,000","217,028,000","216,511,000",,"215,150,000","215,043,000","214,314,000",,"213,839,000","213,780,000","213,687,000",,"213,524,000","213,482,000","213,326,000",,"213,039,000","212,633,000","212,322,000",,"208,129,000","211,252,000","211,372,000",,"209,811,000","202,989,000","201,619,000",,"199,107,000","198,786,000","197,425,000",,"194,402,000","193,158,000","193,029,000",,"192,463,000","196,406,000","192,325,000",,"192,254,000","192,209,000","192,161,000",,"192,019,106","190,951,000","182,466,598",,"173,469,388","174,081,633","173,461,538",,"172,413,793","177,333,333","168,478,261",,"151,800,000","136,785,714","132,758,621",,"126,428,571","127,666,667","126,153,846",,"127,435,897","126,000,000","125,365,854",,"125,897,436","128,846,154","126,428,571",,"123,030,303","114,583,333","101,000,000",,"102,333,333","104,117,647","88,000,000",,"106,250,000","106,000,000","100,000,000"
DilutedAverageShares,,"254,792,000","254,713,000","254,577,000","243,004,000","224,584,000","214,163,000","209,385,000","209,097,000","209,767,000","210,121,000","210,052,000","209,874,000","210,051,000","209,928,000","212,509,000","213,602,000","215,085,000","215,824,000","216,062,000","215,813,000","215,591,000","215,667,000","216,131,000","217,869,000","219,893,000","221,137,000","220,902,000","220,842,000","222,041,000","223,859,000","223,381,000","222,671,000","221,561,000","221,004,000","220,648,000","220,484,000","218,326,000","219,296,000","217,866,000","219,230,000",,"218,934,000","219,370,000","219,626,000",,"217,512,000","217,561,000","216,975,000",,"215,669,000","213,780,000","213,687,000",,"214,172,000","214,280,000","214,464,000",,"214,295,000","214,157,000","214,005,000",,"213,526,000","228,193,000","230,695,000",,"236,038,000","235,970,000","236,209,000",,"216,862,000","216,730,000","216,000,000",,"198,663,000","195,882,000","194,905,000",,"195,341,000","196,413,000","195,509,000",,"193,139,000","193,093,000","193,516,000",,"193,010,588","192,002,000","193,538,594",,"184,782,609","181,489,362","184,081,633",,"182,926,829","181,363,636","176,136,364",,"158,125,000","136,785,714","132,758,621",,"126,428,571","127,666,667","126,153,846",,"127,435,897","126,000,000","125,365,854",,"125,897,436","128,846,154","126,428,571",,"123,030,303","114,583,333","101,000,000",,"102,333,333","104,117,647","88,000,000",,"106,250,000","106,000,000","100,000,000"
TotalOperatingIncomeAsReported,"-3,870,334,000","-1,031,745,000","-1,005,824,000","-1,023,534,000","-809,231,000","-1,016,549,000","-996,114,000","-1,282,487,000","-1,306,407,000","299,425,000","890,792,000","573,653,000","318,831,000","364,027,000","799,733,000","456,895,000","274,146,000","307,349,000","737,488,000","419,697,000","279,522,000","296,842,000","734,963,000","282,273,000","163,127,000","249,918,000","258,005,000","261,297,000","105,682,000","119,344,000","529,462,000","195,587,000","97,466,000","74,969,000","444,209,000","113,338,000","165,632,000","-281,307,000","452,137,000","96,905,000","135,375,000","106,162,000","507,742,000","168,190,000","149,534,000","121,695,000","445,502,000","143,684,000","91,752,000","82,355,000","306,841,000","55,062,000","44,253,000","63,559,000","461,907,000","168,950,000","137,568,000","137,970,000","482,834,000","200,883,000","79,643,000","113,542,000","419,609,000","184,244,000","141,051,000","55,796,000","400,456,000","213,389,000","199,403,000",,,,,,,,,,,,,,,,,,,,,,,,,,,,,,,,,,,,,,,,,,,,,,,,,,,,,,,,
TotalExpenses,"5,320,466,000","1,971,925,000","1,463,020,000","1,033,827,000","851,694,000","838,821,000","872,527,000","1,301,595,000","2,231,039,000","2,217,988,000","2,296,058,000","2,232,978,000","2,120,936,000","1,968,274,000","1,996,454,000","1,880,710,000","1,753,610,000","1,697,118,000","1,832,056,000","1,775,577,000","1,729,038,000","1,610,936,000","1,826,881,000","1,818,564,000","1,754,363,000","1,652,135,000","1,853,828,000","1,797,025,000","1,709,917,000","1,696,122,000","1,858,992,000","1,784,542,000","1,788,022,000","1,736,165,000","1,855,296,000","1,769,429,000","1,745,588,000","1,702,013,000","1,774,253,000","1,724,099,000","1,699,105,000","1,669,239,000","1,814,252,000","1,599,683,000","1,522,461,000","1,482,803,000","1,615,157,000","1,458,013,000","1,393,898,000","1,369,312,000","1,456,701,000","1,293,953,000","1,281,349,000","1,392,718,000","1,601,482,000","1,414,824,000","1,291,517,000","1,353,124,000","1,470,758,000","1,280,442,000","1,143,483,000","1,039,671,000","1,217,242,000","1,108,740,000","1,005,485,000","973,844,000","1,101,759,000","989,853,000","968,674,000","794,442,000","1,096,655,000","1,242,740,000","1,555,615,000","-951,224,000","1,522,393,000","1,369,104,000","1,317,791,000","-888,659,000","1,391,703,000","1,190,149,000","1,190,179,000","-852,510,000","1,258,620,000","1,190,402,000","1,093,133,000","-659,089,000","1,043,932,000","940,134,000","971,329,000","-611,422,000","929,500,000","879,800,000","868,200,000","-703,144,000","976,400,000","937,600,000","936,700,000","820,400,000","858,700,000","587,500,000","588,100,000","493,300,000","512,000,000","518,200,000","471,300,000","450,700,000","476,700,000","414,300,000","401,000,000","433,000,000","436,100,000","424,800,000","420,800,000","234,100,000","249,400,000","236,400,000","231,500,000",,,,,,,,
NetIncomeFromContinuingAndDiscontinuedOperation,"-5,260,499,000","-1,356,968,000","-1,424,554,000","-1,347,255,000","-1,131,722,000","-1,366,935,000","-1,346,756,000","-1,639,292,000","-1,444,479,000","273,136,000","883,240,000","472,830,000","249,681,000","315,703,000","810,391,000","466,295,000","218,653,000","288,039,000","752,842,000","369,526,000","214,726,000","261,086,000","693,257,000","229,905,000","99,140,000","206,799,000","228,787,000","184,967,000","45,230,000","109,768,000","490,248,000","137,673,000","26,457,000","7,018,000","365,701,000","24,747,000","76,226,000","-392,803,000","367,779,000","-3,653,000","46,964,000","36,562,000","398,958,000","93,491,000","91,552,000","42,707,000","350,179,000","60,546,000","87,447,000","3,353,000","230,392,000","-35,086,000","-36,238,000","1,479,000","411,887,000","84,749,000","75,607,000","70,830,000","395,000,000","128,745,000","8,825,000","46,623,000","345,372,000","122,427,000","119,499,000","-3,604,000","374,711,000","154,494,000","135,343,000","-25,785,000","282,471,000","122,159,000","95,846,000","-20,049,000","191,867,000","55,672,000","53,174,000","38,277,000","193,494,000","66,700,000","52,813,000","-38,965,000","159,212,000","81,713,000","52,497,000","30,080,000","201,497,000","108,258,000","105,528,000","38,353,000","170,000,000","85,300,000","90,200,000","23,400,000","150,000,000","79,800,000","77,500,000","22,400,000","75,900,000","45,900,000","38,500,000","26,800,000","53,100,000","38,300,000","32,800,000","16,500,000","49,700,000","31,500,000","51,400,000","21,000,000","49,100,000","36,900,000","35,400,000","18,400,000","40,600,000","27,500,000","20,200,000","7,800,000","30,700,000","17,700,000","4,400,000","2,100,000","8,500,000","-5,300,000","-1,000,000"
NormalizedIncome,"-5,043,029,000","-1,316,476,000","-1,395,707,000","-1,258,567,000","-1,072,300,000","-1,082,041,000","-1,178,844,000","-1,430,942,000","-325,969,000","228,907,490","807,572,580","448,707,150","225,084,380","284,660,480","740,917,630","433,947,970","214,704,430","266,506,200","701,770,000","355,510,600","207,598,000","185,171,000","694,395,200","232,560,000","99,323,000","206,799,000","475,547,200","184,967,000","45,230,000","111,302,000","490,448,200","137,617,100","27,585,400","34,983,600","376,393,500","24,747,000","76,226,000","-7,343,000","372,644,250","7,022,600","48,323,150","28,088,600","410,434,400","85,826,850","74,834,000","39,167,750","355,415,400","60,971,750","36,584,500","5,038,450","233,487,300","-35,086,000","-34,444,650","-13,253,250","395,689,000","88,733,500","66,845,650","63,024,800","400,374,200","124,242,450","5,469,700","45,808,800","349,503,000","122,972,400","98,778,000","-3,085,000","353,018,000","190,669,800","130,073,800","-31,122,000","282,518,400","120,127,400","90,044,600","-22,069,200","186,725,000","53,026,000","51,967,400","18,094,800","183,920,400","66,278,200","50,147,800","-41,764,000","157,287,800","78,849,800","43,574,400","20,480,600","199,197,200","104,718,000","107,629,800","38,339,800","170,000,000","79,300,000","80,540,000","26,224,800","148,140,000","81,240,000","78,640,000","20,180,000","75,540,000","46,380,000","38,800,000","20,380,000","53,400,000","38,300,000","34,060,000","16,080,000","50,000,000","31,500,000","40,180,000","21,060,000","49,220,000","37,200,000","35,520,000","18,400,000","40,960,000","27,380,000","20,200,000","7,800,000","30,700,000","17,700,000","4,400,000","2,100,000","8,500,000","-5,300,000","-1,000,000"
InterestIncome,"16,773,000","3,456,000","3,786,000","4,670,000","4,861,000","5,279,000","5,017,000","5,206,000","5,534,000","5,194,000","5,625,000","6,342,000","9,784,000","6,138,000","5,831,000","13,098,000","7,733,000","13,345,000","4,693,000","5,811,000","6,252,000","5,981,000","6,472,000","5,683,000","2,720,000","3,781,000","1,735,000","2,772,000","3,737,000","2,321,000","2,117,000","2,630,000","3,276,000","3,447,000","3,299,000","3,405,000","3,747,000","5,269,000","4,744,000","4,972,000","6,346,000","7,989,000","7,070,000","6,478,000","3,781,000","4,696,000","1,815,000","1,363,000","1,369,000","1,902,000","2,225,000","1,159,000","1,730,000","2,973,000","5,620,000","3,015,000",,,,,,,,,,,,,,,,,,,,,,,,,,,,,,,,,,,,,,,,,,,,,,,,,,,,,,,,,,,,,,,,,,,,,
InterestExpense,"1,291,753,000","283,767,000","430,661,000","304,811,000","272,514,000","273,089,000","259,349,000","218,889,000","92,911,000","94,756,000","102,038,000","111,304,000","100,415,000","97,420,000","86,510,000","81,864,000","67,878,000","69,800,000","73,233,000","76,632,000","80,317,000","80,567,000","82,610,000","78,747,000","65,446,000","64,127,000","66,819,000","76,620,000","70,159,000","64,368,000","60,100,000","65,260,000","68,571,000","75,709,000","79,654,000","86,877,000","90,182,000","89,036,000","84,977,000","89,106,000","92,666,000","90,625,000","98,198,000","92,968,000","87,483,000","89,129,000","89,082,000","83,846,000","83,924,000","78,311,000","73,912,000","68,327,000","79,462,000","87,718,000","80,560,000","81,086,000",,,,,,,,,,,,,,,,,,,,,,,,,,,,,,,,,,,,,,,,,,,,,,,,,,,,,,,,,,,,,,,,,,,,,
NetInterestIncome,"-1,274,980,000","-280,311,000","-426,875,000","-300,141,000","-267,653,000","-267,810,000","-254,332,000","-213,683,000","-87,377,000","-89,562,000","-96,413,000","-104,962,000","-90,631,000","-91,282,000","-80,679,000","-68,766,000","-60,145,000","-56,455,000","-68,540,000","-70,821,000","-74,065,000","-74,586,000","-76,138,000","-73,064,000","-62,726,000","-60,346,000","-65,084,000","-73,848,000","-66,422,000","-62,047,000","-57,983,000","-62,630,000","-65,295,000","-72,262,000","-76,355,000","-83,472,000","-86,435,000","-83,767,000","-80,233,000","-84,134,000","-86,320,000","-82,636,000","-91,128,000","-86,490,000","-83,702,000","-84,433,000","-87,267,000","-82,483,000","-82,555,000","-76,409,000","-71,687,000","-67,168,000","-77,732,000","-84,745,000","-74,940,000","-78,071,000",,,,,,,,,,,,,,,,,,,,,,,,,,,,,,,,,,,,,,,,,,,,,,,,,,,,,,,,,,,,,,,,,,,,,
EBIT,"-3,968,746,000","-1,073,201,000","-993,893,000","-1,042,423,000","-859,208,000","-1,093,846,000","-1,079,963,000","-1,412,959,000","-1,344,124,000","375,230,000","992,403,000","591,259,000","357,221,000","417,873,000","896,901,000","548,159,000","286,531,000","357,839,000","826,075,000","446,158,000","295,043,000","341,653,000","775,867,000","308,652,000","164,586,000","270,926,000","295,606,000","261,587,000","115,389,000","174,136,000","550,348,000","202,933,000","95,028,000","82,727,000","445,355,000","111,624,000","166,408,000","-303,767,000","452,756,000","96,905,000","135,375,000","106,162,000","507,742,000","168,190,000","149,534,000","121,695,000","445,502,000","143,684,000","91,752,000","82,355,000","306,841,000","55,062,000","44,253,000","63,559,000","461,907,000","168,950,000","137,568,000","137,970,000","482,834,000","200,883,000","79,643,000","113,542,000","419,609,000","184,244,000","141,051,000","55,796,000","400,456,000","213,389,000","199,403,000","170,143,000","289,452,000","-99,741,000","-493,931,000","1,829,269,000","-402,194,000","-463,263,000","-437,627,000","1,669,589,000","-360,043,000","-368,345,000","-390,226,000","1,508,487,000","-317,899,000","-368,728,000","-366,255,000","1,301,208,000","-208,722,000","-259,403,000","-263,543,000","1,195,374,000","-195,000,000","-262,100,000","-258,200,000","1,278,335,000","-231,500,000","-281,100,000","-276,900,000","-292,000,000","-246,200,000","-184,000,000","-193,500,000","-174,800,000","-145,800,000","-163,200,000","-153,700,000","-160,800,000","-138,600,000","-131,800,000","-127,400,000","-151,100,000","-127,100,000","-132,900,000","-132,100,000","29,700,000","52,300,000","40,500,000","38,900,000","-619,100,000","286,800,000","255,400,000","215,200,000","-481,800,000","198,200,000","172,400,000","175,400,000"
EBITDA,"-2,675,868,000"
ReconciledCostOfRevenue,"2,657,512,000","1,135,504,000","813,691,000","424,830,000","283,487,000","265,260,000","308,609,000","680,420,000","1,510,819,000","1,481,519,000","1,623,038,000","1,544,504,000","1,413,704,000","1,360,413,000","1,411,364,000","1,314,411,000","1,176,019,000","1,145,701,000","1,318,269,000","1,256,785,000","1,175,824,000","1,123,251,000","1,340,123,000","1,310,587,000","1,241,578,000","1,173,341,000","1,387,026,000","1,316,409,000","1,222,617,000","1,244,745,000","1,426,882,000","1,330,674,000","1,303,980,000","1,282,660,000","1,416,801,000","1,323,619,000","1,282,190,000","1,257,983,000","1,348,325,000","1,296,014,000","1,255,112,000","1,250,861,000","1,405,300,000","1,185,375,000","1,101,071,000","1,106,989,000","1,239,625,000","1,086,187,000","1,025,275,000","1,037,245,000","1,116,086,000","965,435,000","952,336,000","2,326,036,000","1,275,661,000","1,090,999,000","962,186,000","1,025,586,000","1,149,244,000","965,529,000","841,341,000","750,356,000","944,166,000","824,973,000","730,134,000","703,823,000","844,632,000","740,916,000","707,382,000","1,092,716,000","626,742,000","696,201,000","847,557,000","60,543,000","832,689,000","757,896,000","729,907,000","3,048,000","772,716,000","669,161,000","668,292,000","6,071,000","682,794,000","653,857,000","591,669,000","76,343,000","559,900,000","499,925,000","516,291,000","74,452,000","493,700,000","467,200,000","461,000,000","85,628,000","519,100,000","497,400,000","491,600,000","437,200,000","457,200,000","306,500,000","306,100,000","257,000,000","265,600,000","269,200,000","245,100,000","234,300,000","247,500,000","214,900,000","206,100,000","221,600,000","226,700,000","219,600,000","216,700,000","217,900,000","227,600,000","215,200,000","208,800,000",,,,,,,,
ReconciledDepreciation,"1,292,878,000","333,366,000","325,907,000","323,439,000","310,166,000","318,028,000","317,139,000","319,757,000","324,330,000","321,762,000","320,295,000","311,600,000","292,285,000","280,168,000","259,923,000","253,376,000","240,230,000","240,358,000","240,150,000","234,937,000","235,749,000","233,203,000","229,328,000","221,620,000","210,764,000","209,330,000","210,742,000","206,468,000","200,468,000","193,382,000","192,448,000","192,880,000","193,735,000","190,622,000","188,541,000","186,184,000","189,364,000","188,536,000","182,051,000","180,514,000","179,392,000","179,933,000","177,191,000","172,050,000","173,252,000","163,878,000","162,232,000","160,031,000","157,575,000","146,412,000","144,021,000","137,925,000","139,856,000","133,980,000","134,706,000","127,277,000","124,390,000","123,045,000","122,345,000","121,718,000","115,958,000","108,132,000","109,331,000","102,023,000","102,159,000","101,312,000","101,020,000","99,975,000","99,762,000","687,664,000","-99,288,000","-97,661,000","-96,579,000","630,746,000","-90,667,000","-88,715,000","-88,669,000","592,613,000","-85,538,000","-85,148,000","-82,827,000","520,585,000","-76,819,000","-74,927,000","-67,665,000","399,773,000","-57,506,000","-54,663,000","-56,556,000","343,809,000","-50,200,000","-48,500,000","-47,200,000","341,614,000","-52,000,000","-47,400,000","-47,600,000","-43,300,000","-47,100,000","-27,500,000","-25,900,000","-23,300,000","-23,200,000","-23,600,000","-21,100,000","-21,300,000","-21,400,000","-19,200,000","-18,200,000","-19,600,000","-19,600,000","-19,200,000","-19,500,000","-22,000,000","-21,700,000","-21,300,000","-21,500,000",,,,,,,,
NetIncomeFromContinuingOperationNetMinorityInterest,"-5,260,499,000","-1,356,968,000","-1,424,554,000","-1,347,255,000","-1,131,722,000","-1,366,935,000","-1,346,756,000","-1,639,292,000","-1,444,479,000","273,136,000","883,240,000","472,830,000","249,681,000","315,703,000","810,391,000","466,295,000","218,653,000","288,039,000","752,842,000","369,526,000","214,726,000","261,086,000","693,257,000","229,905,000","99,140,000","206,799,000","228,787,000","184,967,000","45,230,000","109,768,000","490,248,000","137,673,000","26,457,000","7,018,000","365,701,000","24,747,000","76,226,000","-392,803,000","367,779,000","-3,653,000","46,964,000","36,562,000","398,958,000","93,491,000","91,552,000","42,707,000","350,179,000","60,546,000","87,447,000","3,353,000","230,392,000","-35,086,000","-36,238,000","1,479,000","411,887,000","84,749,000","75,607,000","70,830,000","395,000,000","128,745,000","8,825,000","46,623,000","345,372,000","122,427,000","119,499,000","-3,604,000","374,711,000","154,494,000","135,343,000","-25,785,000","282,471,000","122,159,000","95,846,000","-20,049,000","191,867,000","55,672,000","53,174,000","38,277,000","193,494,000","66,700,000","52,813,000","-38,965,000","159,212,000","81,713,000","52,497,000","30,080,000","201,497,000","108,258,000","105,528,000","38,353,000","170,000,000","85,300,000","90,200,000","23,400,000","150,000,000","79,800,000","77,500,000","22,400,000","75,900,000","45,900,000","38,500,000","26,800,000","53,100,000","38,300,000","32,800,000","16,500,000","49,700,000","31,500,000","51,400,000","21,000,000","49,100,000","36,900,000","35,400,000","18,400,000","40,600,000","27,500,000","20,200,000","7,800,000","30,700,000","17,700,000","4,400,000","2,100,000","8,500,000","-5,300,000","-1,000,000"
TotalUnusualItemsExcludingGoodwill,"-217,470,000","-40,492,000","-28,847,000","-88,688,000","-59,422,000","-284,894,000","-167,912,000","-208,350,000","-1,118,510,000","60,587,000","103,654,000","33,045,000","33,694,000","42,524,000","95,169,000","44,311,000","5,409,000","35,888,000","85,120,000","23,359,000","11,880,000","126,525,000","-1,897,000","-4,425,000","-305,000","0","-411,267,000","0","0","-2,360,000","-308,000","86,000","-1,736,000","-43,024,000","-16,450,000",,,"-385,460,000","-7,485,000","-16,424,000","-2,091,000","13,036,000","-17,656,000","11,791,000","25,720,000","5,445,000","-8,056,000","-655,000","78,250,000","-2,593,000","-4,762,000","-22,980,000","-2,759,000","22,665,000","24,920,000","-6,130,000","13,479,000","12,008,000","-8,268,000","6,927,000","5,162,000","1,357,000","-6,885,000","-909,000","34,535,000","-865,000","36,155,000","-60,293,000","8,782,000","8,895,000","-79,000","3,386,000","9,669,000","3,367,000","8,570,000","4,410,000","2,011,000","33,637,000","15,956,000","703,000","4,442,000","4,665,000","3,207,000","4,772,000","14,871,000","15,999,000","3,833,000","5,900,000","-3,503,000","22,000",,"10,000,000","16,100,000","-4,708,000","3,100,000","-2,400,000","-1,900,000","3,700,000","600,000","-800,000","-500,000","10,700,000","-500,000",,"-2,100,000","700,000","-500,000",,"18,700,000","-100,000","-200,000","-500,000","-200,000","0","-600,000","200,000",,,,,,,,,
TotalUnusualItems,"-217,470,000","-40,492,000","-28,847,000","-88,688,000","-59,422,000","-284,894,000","-167,912,000","-208,350,000","-1,118,510,000","60,587,000","103,654,000","33,045,000","33,694,000","42,524,000","95,169,000","44,311,000","5,409,000","35,888,000","85,120,000","23,359,000","11,880,000","126,525,000","-1,897,000","-4,425,000","-305,000","0","-411,267,000","0","0","-2,360,000","-308,000","86,000","-1,736,000","-43,024,000","-16,450,000",,,"-385,460,000","-7,485,000","-16,424,000","-2,091,000","13,036,000","-17,656,000","11,791,000","25,720,000","5,445,000","-8,056,000","-655,000","78,250,000","-2,593,000","-4,762,000","-22,980,000","-2,759,000","22,665,000","24,920,000","-6,130,000","13,479,000","12,008,000","-8,268,000","6,927,000","5,162,000","1,357,000","-6,885,000","-909,000","34,535,000","-865,000","36,155,000","-60,293,000","8,782,000","8,895,000","-79,000","3,386,000","9,669,000","3,367,000","8,570,000","4,410,000","2,011,000","33,637,000","15,956,000","703,000","4,442,000","4,665,000","3,207,000","4,772,000","14,871,000","15,999,000","3,833,000","5,900,000","-3,503,000","22,000",,"10,000,000","16,100,000","-4,708,000","3,100,000","-2,400,000","-1,900,000","3,700,000","600,000","-800,000","-500,000","10,700,000","-500,000",,"-2,100,000","700,000","-500,000",,"18,700,000","-100,000","-200,000","-500,000","-200,000","0","-600,000","200,000",,,,,,,,,
NormalizedEBITDA,"-2,458,398,000","-699,343,000","-639,139,000","-630,296,000","-489,620,000","-490,924,000","-594,912,000","-884,852,000","98,716,000","636,405,000","1,209,044,000","869,814,000","615,812,000","655,517,000","1,061,655,000","757,224,000","521,352,000","562,309,000","981,105,000","657,736,000","518,912,000","448,331,000","1,007,092,000","534,697,000","375,655,000","480,256,000","917,615,000","468,055,000","315,857,000","369,878,000","743,104,000","395,727,000","290,499,000","316,373,000","650,346,000","297,808,000","355,772,000","270,229,000","642,292,000","293,843,000","316,858,000","273,059,000","702,589,000","328,449,000","297,066,000","280,128,000","615,790,000","304,370,000","171,077,000","231,360,000","455,624,000","192,987,000","186,868,000","174,874,000","571,693,000","302,357,000","248,479,000","249,007,000","613,447,000","315,674,000","190,439,000","220,317,000","535,825,000","287,176,000","208,675,000","157,973,000","465,321,000","373,657,000","290,383,000","848,912,000","388,819,000","-5,466,000","-407,021,000","2,456,648,000","-320,097,000","-378,958,000","-350,969,000","2,228,565,000","-290,461,000","-283,900,000","-311,841,000","2,024,407,000","-244,287,000","-298,573,000","-313,461,000","1,684,982,000","-155,049,000","-210,640,000","-203,484,000","1,539,161,000","-144,700,000","-223,600,000","-227,100,000","1,624,657,000","-182,600,000","-231,300,000","-227,400,000","-252,400,000","-199,700,000","-155,600,000","-167,100,000","-162,200,000","-122,100,000","-139,600,000","-130,500,000","-140,200,000","-116,600,000","-112,600,000","-127,900,000","-131,400,000","-107,300,000","-113,200,000","-112,400,000","51,700,000","74,600,000","61,700,000","60,400,000","-619,100,000","286,800,000","255,400,000","215,200,000","-481,800,000","198,200,000","172,400,000","175,400,000"
TaxRateForCalcs,"0","0","0","0","0","0","0","0","0","0.27","0.27","0.27","0.27","0.27","0.27","0.27","0.27","0.4","0.4","0.4","0.4","0.4","0.4","0.4","0.4","0.4","0.4","0.4","0.4","0.35","0.35","0.35","0.35","0.35","0.35","0.35","0.35","0","0.35","0.35","0.35","0.35","0.35","0.35","0.35","0.35","0.35","0.35","0.35","0.35","0.35","0.35","0.35","0.35","0.35","0.35","0.35","0.35","0.35","0.35","0.35","0.4","0.4","0.4","0.4","0.4","0.4","0.4","0.4","0.4","0.4","0.4","0.4","0.4","0.4","0.4","0.4","0.4","0.4","0.4","0.4","0.4","0.4","0.4","0.4","0.4","0.4","0.4","0.4","0.4","0.4","0.4","0.4","0.4","0.4","0.4","0.4","0.4","0.4","0.4","0.4","0.4","0.4","0.4","0.4","0.4","0.4","0.4","0.4","0.4","0.4","0.4","0.4","0.4","0.4","0.4","0.4","0.4","0.4","0.4","0.4","0.4","0.4","0.4","0.4"
TaxEffectOfUnusualItems,"0","0","0","0","0","0","0","0","0","16,358,490","27,986,580","8,922,150","9,097,380","11,481,480","25,695,630","11,963,970","1,460,430","14,355,200","34,048,000","9,343,600","4,752,000","50,610,000","-758,800","-1,770,000","-122,000","0","-164,506,800","0","0","-826,000","-107,800","30,100","-607,600","-15,058,400","-5,757,500","0","0","0","-2,619,750","-5,748,400","-731,850","4,562,600","-6,179,600","4,126,850","9,002,000","1,905,750","-2,819,600","-229,250","27,387,500","-907,550","-1,666,700","0","-965,650","7,932,750","8,722,000","-2,145,500","4,717,650","4,202,800","-2,893,800","2,424,450","1,806,700","542,800","-2,754,000","-363,600","13,814,000","-346,000","14,462,000","-24,117,200","3,512,800","3,558,000","-31,600","1,354,400","3,867,600","1,346,800","3,428,000","1,764,000","804,400","13,454,800","6,382,400","281,200","1,776,800","1,866,000","1,282,800","1,908,800","5,948,400","6,399,600","1,533,200","2,360,000","-1,401,200","8,800","0","4,000,000","6,440,000","-1,883,200","1,240,000","-960,000","-760,000","1,480,000","240,000","-320,000","-200,000","4,280,000","-200,000","0","-840,000","280,000","-200,000","0","7,480,000","-40,000","-80,000","-200,000","-80,000","0","-240,000","80,000","0","0","0","0","0","0","0","0","0"