name,ttm,12/31/2021,09/30/2021,06/30/2021,03/31/2021,12/31/2020,09/30/2020,06/30/2020,03/31/2020,12/31/2019,09/30/2019,06/30/2019,03/31/2019,12/31/2018,09/30/2018,06/30/2018,03/31/2018,12/31/2017,09/30/2017,06/30/2017,03/31/2017,12/31/2016,09/30/2016,06/30/2016,03/31/2016,12/31/2015,09/30/2015,06/30/2015,03/31/2015,12/31/2014,09/30/2014,06/30/2014,03/31/2014,12/31/2013,09/30/2013,06/30/2013,03/31/2013,12/31/2012,09/30/2012,06/30/2012,03/31/2012,12/31/2011,09/30/2011,06/30/2011,03/31/2011,12/31/2010,09/30/2010,06/30/2010,03/31/2010,12/31/2009,09/30/2009,06/30/2009,03/31/2009,12/31/2008,09/30/2008,06/30/2008,03/31/2008,12/31/2007,09/30/2007,06/30/2007,03/31/2007,12/31/2006,09/30/2006,06/30/2006,03/31/2006,12/31/2005,09/30/2005,06/30/2005,03/31/2005,12/31/2004,09/30/2004,06/30/2004,03/31/2004,12/31/2003,09/30/2003,06/30/2003,03/31/2003,12/31/2002,09/30/2002,06/30/2002,03/31/2002,12/31/2001,09/30/2001,06/30/2001,03/31/2001,12/31/2000,09/30/2000,06/30/2000,03/31/2000,12/31/1999,09/30/1999,06/30/1999,03/31/1999,12/31/1998,09/30/1998,06/30/1998,03/31/1998,12/31/1997,09/30/1997,06/30/1997,03/31/1997,12/31/1996,09/30/1996,06/30/1996,03/31/1996
TotalRevenue,"11,300,998,000","3,048,129,000","2,786,705,000","2,836,724,000","2,629,440,000","2,670,638,000","2,521,406,000","2,332,769,000","1,960,448,000","2,314,384,000","1,998,762,000","1,970,732,000","1,960,083,000","1,794,697,000","1,944,413,000","1,892,939,000","1,745,157,000","1,867,211,000","1,725,471,000","1,530,611,000","1,484,778,000","1,613,960,000","1,510,456,000","1,427,884,000","1,242,046,000","1,561,952,000","1,375,165,000","1,435,786,000","1,464,986,000","1,518,433,000","1,535,880,000","1,452,460,000","1,283,816,000","1,517,122,000","1,401,498,000","1,354,543,000","1,367,673,000","1,272,650,000","1,218,981,000","1,182,055,000","1,249,124,000","1,285,931,000","1,024,794,000","1,176,791,000","1,206,445,000","1,258,374,000","1,178,090,000","1,099,431,000","1,169,912,000","1,181,456,000","1,156,508,000","1,171,319,000","989,295,000","722,781,000","809,672,000","1,078,360,000","916,766,000","1,108,985,000","1,202,010,000","1,268,738,000","1,202,314,000","1,172,994,000","1,113,889,000","1,052,728,000","1,177,689,000","1,068,628,000","1,102,248,000","1,249,556,000","1,134,667,000","1,362,212,000","1,263,594,000","1,264,117,000","1,118,762,000","1,212,990,000","1,119,941,000","952,647,000","821,165,000","806,301,000","623,002,000","554,354,000","573,980,000","480,728,000","424,091,000","486,644,000","410,082,000","1,894,213,000","370,603,000","351,648,000","339,843,000","1,664,810,000","341,400,000","330,700,000","294,100,000","354,500,000","327,400,000","330,400,000","302,900,000","360,900,000","331,700,000","319,100,000","287,500,000","353,200,000","288,300,000","269,400,000","258,500,000"
	OperatingRevenue,"11,300,998,000","3,048,129,000","2,786,705,000","2,836,724,000","2,629,440,000","2,670,638,000","2,521,406,000","2,332,769,000","1,960,448,000","2,314,384,000","1,998,762,000","1,970,732,000","1,960,083,000","1,794,697,000","1,944,413,000","1,892,939,000","1,745,157,000","1,867,211,000","1,725,471,000","1,530,611,000","1,484,778,000","1,613,960,000","1,510,456,000","1,427,884,000","1,242,046,000","1,561,952,000","1,375,165,000","1,435,786,000","1,464,986,000","1,518,433,000","1,535,880,000","1,452,460,000","1,283,816,000","1,517,122,000","1,401,498,000","1,354,543,000","1,367,673,000","1,272,650,000","1,218,981,000","1,182,055,000","1,249,124,000","1,285,931,000","1,024,794,000","1,176,791,000","1,206,445,000","1,258,374,000","1,178,090,000","1,099,431,000","1,169,912,000","1,181,456,000","1,156,508,000","1,171,319,000","989,295,000","722,781,000","809,672,000","1,078,360,000","916,766,000","1,108,985,000","1,202,010,000","1,268,738,000","1,202,314,000","1,172,994,000","1,113,889,000","1,052,728,000","1,177,689,000","1,068,628,000","1,102,248,000","1,249,556,000","1,134,667,000","1,362,212,000","1,263,594,000","1,264,117,000","1,118,762,000","1,212,990,000","1,119,941,000","952,647,000","821,165,000","806,301,000","623,002,000","554,354,000","573,980,000","480,728,000","424,091,000","486,644,000","410,082,000","1,894,213,000","370,603,000","351,648,000","339,843,000","1,664,810,000","341,400,000","330,700,000","294,100,000","354,500,000","327,400,000","330,400,000","302,900,000","360,900,000","331,700,000","319,100,000","287,500,000","353,200,000","288,300,000","269,400,000","258,500,000"
NetNonOperatingInterestIncomeExpense,"-70,149,000","-23,364,000","-15,539,000","-15,607,000","-15,639,000","-14,846,000","-6,641,000","-7,253,000","-7,583,000","-7,721,000","-7,907,000","-8,434,000","-7,631,000","-7,984,000","-7,901,000","-7,728,000","-7,418,000","-7,314,000","-7,266,000","-8,059,000","-8,964,000","-9,034,000","-8,893,000","-9,073,000","-9,228,000","-9,185,000","-8,990,000","-9,026,000","-8,990,000","-9,563,000","-12,424,000","-8,978,000","-7,568,000","-7,638,000","-7,637,000","-17,362,000","-13,481,000","-13,930,000","-13,331,000","-13,244,000","-13,178,000","-13,120,000","-13,085,000","-13,116,000","-12,998,000","-13,034,000","-13,138,000","-13,016,000","-16,642,000","-17,447,000","-17,376,000","-17,116,000","-20,142,000","-19,795,000","-19,795,000","-19,794,000","-19,787,000","-21,485,000","-23,754,000","-21,479,000","-17,151,000","-17,151,000","-17,150,000","-17,149,000","-17,148,000","-17,148,000","-17,147,000","-17,169,000","-21,707,000","-22,303,000","-19,439,000","-19,318,000","-14,479,000","-10,061,000","-10,060,000","-10,081,000","-10,091,000","-10,503,000","-10,696,000","-10,581,000","-10,637,000","-10,738,000","-11,300,000","-11,545,000","-12,421,000","-12,762,000","-11,931,000","-11,610,000","-3,083,000",,,,,,,,,,,,,,,,
	InterestExpenseNonOperating,"70,149,000","23,364,000","15,539,000","15,607,000","15,639,000","14,846,000","6,641,000","7,253,000","7,583,000","7,721,000","7,907,000","8,434,000","7,631,000","7,984,000","7,901,000","7,728,000","7,418,000","7,314,000","7,266,000","8,059,000","8,964,000","9,034,000","8,893,000","9,073,000","9,228,000","9,185,000","8,990,000","9,026,000","8,990,000","9,563,000","12,424,000","8,978,000","7,568,000","7,638,000","7,637,000","17,362,000","13,481,000","13,930,000","13,331,000","13,244,000","13,178,000","13,120,000","13,085,000","13,116,000","12,998,000","13,034,000","13,138,000","13,016,000","16,642,000","17,447,000","17,376,000","17,116,000","20,142,000","19,795,000","19,795,000","19,794,000","19,787,000","21,485,000","23,754,000","21,479,000","17,151,000","17,151,000","17,150,000","17,149,000","17,148,000","17,148,000","17,147,000","17,169,000","21,707,000","22,303,000","19,439,000","19,318,000","14,479,000","10,061,000","10,060,000","10,081,000","10,091,000","10,503,000","10,696,000","10,581,000","10,637,000","10,738,000","11,300,000","11,545,000","12,421,000","12,762,000","11,931,000","11,610,000","3,083,000",,,,,,,,,,,,,,,,
OtherIncomeExpense,"36,987,000","-7,203,000","-19,517,000","7,114,000","56,593,000","-41,867,000","57,481,000","-32,490,000","23,363,000","41,516,000","-31,025,000","-7,977,000","-9,053,000","-18,702,000","-5,458,000","3,036,000","12,064,000","23,704,000","-54,568,000","388,000","-4,966,000","10,362,000","9,435,000","-28,367,000","-2,066,000","874,000","17,413,000","-3,925,000","46,073,000","24,272,000","11,332,000","-13,871,000","-3,296,000","-2,169,000","-2,726,000","8,295,000","-8,887,000","-12,357,000","-5,943,000","27,812,000","-6,194,000","8,655,000","-14,911,000","-13,446,000","-3,387,000","21,878,000","1,714,000","7,798,000","5,339,000","-6,011,000","-15,322,000","23,740,000","-24,883,000","-26,437,000","6,700,000","-8,086,000","-8,956,000","3,452,000","13,574,000","-2,049,000","897,000","-586,000","-575,000","3,591,000","-2,728,000","-4,407,000","-2,392,000","-7,701,000","-6,611,000","4,217,000","-10,177,000","6,333,000","-2,292,000","8,453,000","3,360,000","-3,148,000","-3,847,000","1,441,000","-11,330,000","-7,798,000","1,087,000","-5,459,000","-1,879,000","567,000","398,000","1,478,779,000","605,000","-370,000","810,000","1,135,360,000","55,900,000","55,300,000","60,000,000","57,800,000","62,200,000","65,700,000","61,600,000","60,600,000","60,200,000","71,600,000","57,100,000","54,000,000","43,000,000","50,600,000","48,200,000"
PretaxIncome,"1,545,621,000","500,064,000","-87,719,000","760,181,000","373,095,000","119,396,000","272,508,000","237,067,000","-43,622,000","219,078,000","93,020,000","382,593,000","408,791,000","-702,298,000","197,421,000","60,763,000","217,643,000","695,305,000","-904,067,000","275,533,000","338,413,000","415,591,000","320,887,000","186,299,000","177,067,000","455,527,000","101,439,000","271,306,000","380,237,000","406,967,000","322,109,000","361,785,000","355,254,000","452,118,000","310,554,000","322,455,000","469,839,000","38,098,000","319,205,000","239,402,000","342,821,000","-42,490,000","9,388,000","140,825,000","-341,670,000","236,227,000","204,438,000","160,340,000","-9,767,000","219,688,000","273,691,000","312,867,000","133,075,000","-55,057,000","-282,171,000","169,383,000","84,238,000","5,685,000","311,486,000","353,417,000","357,368,000","245,783,000","299,655,000","251,562,000","194,750,000","-238,849,000","-470,736,000","235,036,000","193,628,000","79,534,000","7,768,000","326,031,000","146,378,000","143,302,000","112,025,000","125,073,000","110,813,000","57,820,000","74,969,000","53,552,000","75,703,000","40,050,000","-78,717,000","69,878,000","59,132,000","61,618,000","60,030,000","47,069,000","63,037,000","196,582,000","0","0","0","0","0","0","0","0","0","0","0","0","0","0","0"
TaxProvision,"166,538,000","69,357,000","-14,251,000","80,199,000","31,233,000","55,794,000","29,451,000","46,187,000","-60,234,000","1,434,000","-11,378,000","39,738,000","59,891,000","-320,024,000","-8,192,000","-9,132,000","7,325,000","124,280,000","-264,693,000","29,859,000","46,770,000","42,019,000","25,493,000","30,607,000","5,381,000","63,153,000","-6,133,000","35,834,000","41,167,000","49,704,000","20,856,000","63,860,000","53,232,000","85,370,000","72,027,000","46,813,000","85,496,000","-20,679,000","68,283,000","24,851,000","38,117,000","-83,532,000","-53,666,000","9,513,000","-25,776,000","-66,306,000","30,238,000","3,667,000","12,885,000","22,461,000","45,073,000","40,279,000","24,519,000","-38,466,000","-49,044,000","16,356,000","6,305,000","-6,553,000","64,899,000","70,549,000","59,786,000","39,432,000","53,977,000","31,159,000","26,354,000","-76,652,000","-52,991,000","40,856,000","26,533,000","-13,793,000","-3,695,000","62,064,000","20,277,000","21,522,000","11,699,000","15,518,000","16,446,000","2,255,000","13,699,000","145,000","14,642,000","4,688,000","-34,952,000","12,587,000","9,002,000","10,212,000","12,343,000","8,340,000","14,479,000","10,121,000","8,800,000","8,800,000","10,800,000","10,300,000","11,500,000","13,500,000","12,200,000","12,200,000","12,400,000","16,300,000","11,500,000","9,100,000","6,100,000","9,300,000","7,200,000"
EarningsFromEquityInterestNetOfTax,,,,,,,,,,,,,,,,,,,,,,,,,,,,,,,,,,,,,,,,,,,,,,,,,,,,,,,,,,,,,,,,,,,,,,,,,,,,,,,,,,,,,,,,,,,"48,000,000","46,900,000","52,000,000","50,000,000","53,600,000","57,000,000","52,000,000","50,000,000","50,800,000","60,600,000","46,000,000","41,400,000","29,300,000","38,000,000","35,000,000"
NetIncomeCommonStockholders,"1,360,887,000","425,139,000","-73,468,000","670,656,000","337,446,000","62,893,000","240,138,000","188,381,000","16,406,000","215,006,000","103,273,000","339,018,000","345,237,000","-378,206,000","203,537,000","69,183,000","208,107,000","566,191,000","-639,374,000","243,068,000","288,507,000","369,618,000","292,233,000","154,050,000","169,907,000","353,604,000","87,657,000","206,835,000","319,571,000","336,604,000","272,038,000","287,117,000","291,108,000","361,234,000","232,609,000","273,086,000","381,241,000","52,116,000","250,922,000","214,551,000","304,704,000","41,042,000","63,054,000","131,312,000","-315,894,000","302,533,000","174,200,000","156,673,000","-22,652,000","197,227,000","228,618,000","272,588,000","108,556,000","-16,591,000","-233,127,000","153,027,000","77,933,000","12,238,000","246,587,000","282,868,000","297,582,000","206,351,000","245,678,000","220,403,000","168,396,000","-162,197,000","-417,745,000","194,180,000","167,095,000","93,327,000","11,463,000","263,967,000","126,101,000","121,780,000","100,326,000","109,555,000","94,367,000","55,565,000","61,270,000","53,407,000","61,061,000","35,362,000","-43,765,000","57,291,000","50,130,000","51,406,000","47,687,000","38,729,000","48,558,000","39,561,000","39,200,000","38,100,000","41,200,000","39,700,000","42,100,000","43,500,000","39,800,000","37,800,000","38,400,000","44,300,000","34,500,000","32,300,000","23,200,000","28,700,000","27,800,000"
	NetIncome,"1,379,083,000","430,707,000","-73,468,000","679,982,000","341,862,000","63,602,000","243,057,000","190,880,000","16,612,000","217,644,000","104,398,000","342,855,000","348,900,000","-382,274,000","205,613,000","69,895,000","210,318,000","571,025,000","-639,374,000","245,674,000","291,643,000","373,572,000","295,394,000","155,692,000","171,686,000","357,281,000","88,553,000","209,057,000","322,978,000","340,123,000","274,916,000","290,184,000","293,933,000","364,638,000","234,759,000","275,642,000","384,343,000","58,777,000","250,922,000","214,551,000","304,704,000","41,042,000","63,054,000","131,312,000","-315,894,000","302,533,000","174,200,000","156,673,000","-22,652,000","197,227,000","228,618,000","272,588,000","108,556,000","-16,591,000","-233,127,000","153,027,000","77,933,000","12,238,000","246,587,000","282,868,000","297,582,000","206,351,000","245,678,000","220,403,000","168,396,000","-162,197,000","-417,745,000","194,180,000","167,095,000","93,327,000","11,463,000","263,967,000","126,101,000","121,780,000","100,326,000","109,555,000","94,367,000","55,565,000","61,270,000","53,407,000","61,061,000","35,362,000","-43,765,000","57,291,000","50,130,000","51,406,000","47,687,000","38,729,000","48,558,000","39,561,000","39,200,000","38,100,000","41,200,000","39,700,000","42,100,000","43,500,000","39,800,000","37,800,000","38,400,000","44,300,000","34,500,000","32,300,000","23,200,000","28,700,000","27,800,000"
		NetIncomeIncludingNoncontrollingInterests,"1,379,083,000","430,707,000","-73,468,000","679,982,000","341,862,000","63,602,000","243,057,000","190,880,000","16,612,000","217,644,000","104,398,000","342,855,000","348,900,000","-382,274,000","205,613,000","69,895,000","210,318,000","571,025,000","-639,374,000","245,674,000","291,643,000","373,572,000","295,394,000","155,692,000","171,686,000","392,374,000","107,572,000","235,472,000","339,070,000","357,263,000","301,253,000","297,925,000","302,022,000","366,748,000","238,527,000","275,642,000","384,343,000","58,777,000","250,922,000","214,551,000","304,704,000","41,042,000","63,054,000","131,312,000","-315,894,000","302,533,000","174,200,000","156,673,000","-22,652,000","197,227,000","228,618,000","272,588,000","108,556,000","-16,591,000","-233,127,000","153,027,000","77,933,000","12,238,000","246,587,000","282,868,000","297,582,000","206,351,000","245,678,000","220,403,000","168,396,000","-162,197,000","-417,745,000","194,180,000","167,095,000","93,327,000","11,463,000","263,967,000","126,101,000","121,780,000","100,326,000","109,555,000","94,367,000","55,565,000","61,270,000","53,407,000","61,061,000","35,362,000","-43,765,000","57,291,000","50,130,000","51,406,000","47,687,000","38,729,000","48,558,000","39,561,000","39,200,000","38,100,000","41,200,000","39,700,000","42,100,000","43,500,000","39,800,000","37,800,000","38,400,000","44,300,000","34,500,000","32,300,000","23,200,000","28,700,000","27,800,000"
			NetIncomeContinuousOperations,"1,379,083,000","430,707,000","-73,468,000","679,982,000","341,862,000","63,602,000","243,057,000","190,880,000","16,612,000","217,644,000","104,398,000","342,855,000","348,900,000","-382,274,000","205,613,000","69,895,000","210,318,000","571,025,000","-639,374,000","245,674,000","291,643,000","373,572,000","295,394,000","155,692,000","171,686,000","392,374,000","107,572,000","235,472,000","339,070,000","357,263,000","301,253,000","297,925,000","302,022,000","366,748,000","238,527,000","275,642,000","384,343,000","58,777,000","250,922,000","214,551,000","304,704,000","41,042,000","63,054,000","131,312,000","-315,894,000","302,533,000","174,200,000","156,673,000","-22,652,000","197,227,000","228,618,000","272,588,000","108,556,000","-16,591,000","-233,127,000","153,027,000","77,933,000","12,238,000","246,587,000","282,868,000","297,582,000","206,351,000","245,678,000","220,403,000","168,396,000","-162,197,000","-417,745,000","194,180,000","167,095,000","93,327,000","11,463,000","263,967,000","126,101,000","121,780,000","100,326,000","109,555,000","94,367,000","55,565,000","61,270,000","53,407,000","61,061,000","35,362,000","-43,765,000","57,291,000","50,130,000","51,406,000","47,687,000","38,729,000","48,558,000","39,561,000","39,200,000","38,100,000","41,200,000","39,700,000","42,100,000","43,500,000","39,800,000","37,800,000","38,400,000","44,300,000","34,500,000","32,300,000","23,200,000","28,700,000","27,800,000"
		MinorityInterests,,,,,,,,,,,,,,,,,,,,,,,,,,"-35,093,000","-19,019,000","-26,415,000","-16,092,000","-17,140,000","-26,337,000","-7,741,000","-8,089,000","-2,110,000","-3,768,000",,,,,,,,,,,,,,,,,,,,,,,,,,,,,,,,,,,,,,,,,,,,,,,,,,,,,,,,,,,,,,,,,,,,,,
	OtherunderPreferredStockDividend,"18,196,000","5,568,000",,"9,326,000","4,416,000","709,000","2,919,000","2,499,000","206,000","2,638,000","1,125,000","3,837,000","3,663,000","-4,068,000","2,076,000","712,000","2,211,000",,,"2,606,000","3,136,000","3,954,000","3,161,000","1,642,000","1,779,000","3,677,000","896,000","2,222,000","3,407,000","3,519,000","2,878,000","3,067,000","2,825,000","3,404,000","2,150,000","2,556,000","3,102,000",,,,,,,,,,,,,,,,,,,,,,,,,,,,,,,,,,,,,,,,,,,,,,,,,,,,,,,,,,,,,,,,,,,,
DilutedNIAvailtoComStockholders,"1,360,887,000","425,139,000","-73,468,000","670,656,000","337,446,000","62,893,000","240,138,000","188,381,000","16,406,000","215,006,000","103,273,000","339,018,000","345,237,000","-378,206,000","203,537,000","69,183,000","208,107,000","566,191,000","-639,374,000","243,068,000","288,507,000","369,618,000","292,233,000","154,050,000","169,907,000","353,604,000","87,657,000","206,835,000","319,571,000","336,604,000","272,038,000","287,117,000","291,108,000","361,234,000","232,609,000","273,086,000","381,241,000","52,116,000","250,922,000","214,551,000","304,704,000","41,042,000","63,054,000","131,312,000","-315,894,000","302,533,000","174,200,000","156,673,000","-22,652,000","197,227,000","228,618,000","272,588,000","108,556,000","-16,591,000","-233,127,000","153,027,000","77,933,000","12,238,000","246,587,000","282,868,000","297,582,000","206,351,000","245,678,000","220,403,000","168,396,000","-162,197,000","-417,745,000","194,180,000","167,095,000","93,327,000","11,463,000","263,967,000","126,101,000","121,780,000","100,326,000","109,555,000","94,367,000","55,565,000","61,270,000","53,407,000","61,061,000","35,362,000","-43,765,000","57,291,000","50,130,000","51,406,000","47,687,000","38,729,000","48,558,000","39,561,000","39,200,000","38,100,000","41,200,000","39,700,000","42,100,000","43,500,000","39,800,000","37,800,000","38,400,000","44,300,000","34,500,000","32,300,000","23,200,000","28,700,000","27,800,000"
BasicEPS,,,"-1.88","16.97","8.53",,"6.08","4.78","0.41","5.34","2.56","8.42","8.57","-9.5","5.04","1.71","5.14","13.92","-15.73","5.98","7.12","9.14","7.11","3.7","4.03","8.32","2.02","4.72","7.26","7.54","6.05","6.32","6.26","7.62","4.85","5.6","7.56","1.14","4.84","4.1","5.7",,"1.16","2.42","-5.81",,"3.12","2.7","-0.38",,"3.76","4.44","1.77",,"-3.8","2.48","1.25",,"3.93","4.5","4.64",,"3.8","3.41","2.61",,"-7.41","3.45","2.98",,"0.2","4.72","2.26",,"1.81","2.03","1.85",,"1.2","1.04","1.27",,"-0.95","1.24","1.09",,"1.04","0.85","1.06",,"0.81","0.78","0.83",,"0.83","0.86","0.79",,"0.76","0.88","0.68",,"0.46","0.57","0.55"
DilutedEPS,,,"-1.88","16.95","8.52",,"6.07","4.77","0.41","5.32","2.56","8.39","8.54","-9.5","5.02","1.7","5.11","13.85","-15.73","5.95","7.07","9.08","7.06","3.67","4","8.26","2","4.68","7.19","7.47","6","6.26","6.21","7.54","4.81","5.56","7.5","1.13","4.82","4.08","5.68",,"1.16","2.41","-5.81",,"3.11","2.7","-0.38",,"3.75","4.43","1.77",,"-3.8","2.47","1.24",,"3.9","4.45","4.59",,"3.76","3.38","2.57",,"-7.41","3.4","2.93",,"0.2","4.64","2.22",,"1.77","1.99","1.83",,"1.19","1.02","1.24",,"-0.95","1.22","1.07",,"1.03","0.84","1.06",,"0.8","0.78","0.82",,"0.83","0.86","0.78",,"0.76","0.87","0.68",,"0.46","0.57","0.55"
BasicAverageShares,,,"39,161,000","39,527,000","40,077,608",,"39,976,480","39,933,054","40,517,073","40,757,303","40,780,469","40,719,121","40,711,785","40,239,368","40,796,230","40,874,269","40,917,899","41,021,911","40,646,790","41,082,609","40,961,096","40,872,210","41,546,273","42,078,919","42,601,985","42,942,428","43,838,119","44,291,737","44,487,328","45,109,151","45,440,661","45,915,190","46,954,153","47,852,756","48,403,918","49,221,786","50,839,021","51,558,772","51,843,388","52,329,512","53,456,842",,"54,356,897","54,261,157","54,370,740",,"55,833,333","58,027,037","59,610,526",,"60,802,660","61,393,694","61,294,000",,"61,396,000","61,658,000","62,377,000",,"62,751,000","62,901,000","64,172,000",,"64,733,000","64,708,000","64,622,000",,"56,361,000","56,266,000","56,141,000",,"55,991,000","55,933,000","55,771,000",,"55,499,000","54,096,000","50,897,000",,"50,977,000","51,301,000","48,108,000",,"46,228,000","46,141,000","46,059,000",,"45,834,000","45,820,000","45,889,000",,"48,618,000","48,679,000","49,803,000",,"50,465,000","50,480,000","50,481,000",,"50,466,000","50,469,000","50,490,000",,"50,434,783","50,350,877","50,545,455"
DilutedAverageShares,,,"39,197,000","39,567,000","40,124,648",,"40,042,339","40,016,771","40,517,073","40,910,526","40,780,469","40,864,720","40,854,801","40,239,368","40,958,765","41,114,706","41,158,121","41,229,242","40,646,790","41,289,748","41,250,778","41,142,291","41,840,510","42,422,888","42,921,500","43,254,358","44,276,500","44,670,299","44,920,445","45,531,861","45,819,333","46,355,272","47,332,206","48,360,477","48,806,445","49,575,899","51,245,733","52,015,044","52,058,506","52,586,029","53,645,070",,"54,356,897","54,486,307","54,370,740",,"56,012,862","58,027,037","59,610,526",,"60,964,800","61,532,280","61,433,000",,"61,396,000","62,002,000","62,860,000",,"63,268,000","63,518,000","64,763,000",,"65,375,000","65,258,000","65,437,000",,"57,275,000","57,128,000","57,076,000",,"56,712,000","56,860,000","56,834,000",,"56,562,000","55,091,000","51,521,000",,"51,627,000","52,177,000","49,087,000",,"46,228,000","47,088,000","47,004,000",,"46,414,000","46,125,000","46,005,000",,"48,796,000","48,897,000","50,026,000",,"50,748,000","50,799,000","50,800,000",,"50,466,000","50,469,000","50,490,000",,"50,434,783","50,350,877","50,545,455"
TotalExpenses,"9,755,377,000","2,548,065,000","2,874,424,000","2,076,543,000","2,256,345,000","2,551,242,000","2,248,898,000","2,095,702,000","2,004,070,000","2,095,306,000","1,905,742,000","1,588,139,000","1,551,292,000","2,496,995,000","1,746,992,000","1,832,176,000","1,527,514,000","1,171,906,000","2,629,538,000","1,255,078,000","1,146,365,000","1,198,369,000","1,189,569,000","1,241,585,000","1,064,979,000","1,106,425,000","1,273,726,000","1,164,480,000","1,084,749,000","1,111,466,000","1,213,771,000","1,090,675,000","928,562,000","1,065,004,000","1,090,944,000","1,032,088,000","897,834,000","1,234,552,000","899,776,000","942,653,000","906,303,000","1,328,421,000","1,015,406,000","1,035,966,000","1,548,115,000","1,022,147,000","973,652,000","939,091,000","1,179,679,000","961,768,000","882,817,000","858,452,000","856,220,000","777,838,000","1,091,843,000","908,977,000","832,528,000","1,103,300,000","890,524,000","915,321,000","844,946,000","927,211,000","814,234,000","801,166,000","982,939,000","1,307,477,000","1,572,984,000","1,014,520,000","941,039,000","1,282,678,000","1,255,826,000","938,086,000","972,384,000","1,069,688,000","1,007,916,000","827,574,000","710,352,000","748,481,000","548,033,000","500,802,000","498,277,000","440,678,000","502,808,000","416,766,000","350,950,000","1,832,595,000","310,573,000","304,579,000","276,806,000","2,184,028,000","90,200,000","87,000,000","73,200,000","90,100,000","83,800,000","77,900,000","72,200,000","96,900,000","76,700,000","78,200,000","74,800,000",,,"14,000,000","13,900,000"
NetIncomeFromContinuingAndDiscontinuedOperation,"1,379,083,000","430,707,000","-73,468,000","679,982,000","341,862,000","63,602,000","243,057,000","190,880,000","16,612,000","217,644,000","104,398,000","342,855,000","348,900,000","-382,274,000","205,613,000","69,895,000","210,318,000","571,025,000","-639,374,000","245,674,000","291,643,000","373,572,000","295,394,000","155,692,000","171,686,000","357,281,000","88,553,000","209,057,000","322,978,000","340,123,000","274,916,000","290,184,000","293,933,000","364,638,000","234,759,000","275,642,000","384,343,000","58,777,000","250,922,000","214,551,000","304,704,000","41,042,000","63,054,000","131,312,000","-315,894,000","302,533,000","174,200,000","156,673,000","-22,652,000","197,227,000","228,618,000","272,588,000","108,556,000","-16,591,000","-233,127,000","153,027,000","77,933,000","12,238,000","246,587,000","282,868,000","297,582,000","206,351,000","245,678,000","220,403,000","168,396,000","-162,197,000","-417,745,000","194,180,000","167,095,000","93,327,000","11,463,000","263,967,000","126,101,000","121,780,000","100,326,000","109,555,000","94,367,000","55,565,000","61,270,000","53,407,000","61,061,000","35,362,000","-43,765,000","57,291,000","50,130,000","51,406,000","47,687,000","38,729,000","48,558,000","39,561,000","39,200,000","38,100,000","41,200,000","39,700,000","42,100,000","43,500,000","39,800,000","37,800,000","38,400,000","44,300,000","34,500,000","32,300,000","23,200,000","28,700,000","27,800,000"
NormalizedIncome,"1,379,083,000","430,707,000","-73,468,000","679,982,000","341,862,000","63,602,000","243,057,000","190,880,000","16,612,000","217,644,000","104,398,000","342,855,000","348,900,000","-382,274,000","205,613,000","69,895,000","210,318,000","571,025,000","-639,374,000","245,674,000","291,643,000","373,572,000","295,394,000","155,692,000","171,686,000","357,281,000","88,553,000","209,057,000","322,978,000","340,123,000","274,916,000","290,184,000","293,933,000","364,638,000","234,759,000","275,642,000","384,343,000","58,777,000","250,922,000","214,551,000","304,704,000","41,042,000","63,054,000","131,312,000","-315,894,000","302,533,000","174,200,000","156,673,000","-22,652,000","197,227,000","228,618,000","272,588,000","108,556,000","-16,591,000","-233,127,000","153,027,000","77,933,000","12,238,000","246,587,000","282,868,000","297,582,000","206,351,000","245,678,000","220,403,000","168,396,000","-162,197,000","-417,745,000","194,180,000","167,095,000","93,327,000","11,463,000","263,967,000","126,101,000","121,780,000","100,326,000","109,555,000","94,367,000","55,565,000","61,270,000","53,407,000","61,061,000","35,362,000","-43,765,000","57,291,000","50,130,000","51,406,000","47,687,000","38,729,000","48,558,000","39,561,000","39,200,000","38,100,000","41,200,000","39,700,000","42,100,000","43,500,000","39,800,000","37,800,000","38,400,000","44,300,000","34,500,000","32,300,000","23,200,000","28,700,000","27,800,000"
InterestIncome,"12,324,000","-125,000","1,196,000","3,287,000","7,966,000","1,833,000","684,000","2,021,000","8,216,000",,"2,325,000","1,422,000",,,,,,,,,,,,,,,,,,,,,,,,,,,,,,,,,,,,,,,,,,,,,,,,,,,,,,,,,,,,,,,,,,,,,,,,,,,,,,,,,,,,,,,,,,,,,
InterestExpense,"70,149,000","23,364,000","15,539,000","15,607,000","15,639,000","14,846,000","6,641,000","7,253,000","7,583,000","7,721,000","7,907,000","8,434,000","7,631,000","7,984,000","7,901,000","7,728,000","7,418,000","7,314,000","7,266,000","8,059,000","8,964,000","9,034,000","8,893,000","9,073,000","9,228,000","9,185,000","8,990,000","9,026,000","8,990,000","9,563,000","12,424,000","8,978,000","7,568,000","7,638,000","7,637,000","17,362,000","13,481,000","13,930,000","13,331,000","13,244,000","13,178,000","13,120,000","13,085,000","13,116,000","12,998,000","13,034,000","13,138,000","13,016,000","16,642,000","17,447,000","17,376,000","17,116,000","20,142,000","19,795,000","19,795,000","19,794,000","19,787,000","21,485,000","23,754,000","21,479,000","17,151,000","17,151,000","17,150,000","17,149,000","17,148,000","17,148,000","17,147,000","17,169,000","21,707,000","22,303,000","19,439,000","19,318,000","14,479,000","10,061,000","10,060,000","10,081,000","10,091,000","10,503,000","10,696,000","10,581,000","10,637,000","10,738,000","11,300,000","11,545,000","12,421,000","12,762,000","11,931,000","11,610,000","3,083,000",,,,,,,,,,,,,,,,
NetInterestIncome,"-70,149,000","-23,364,000","-15,539,000","-15,607,000","-15,639,000","-14,846,000","-6,641,000","-7,253,000","-7,583,000","-7,721,000","-7,907,000","-8,434,000","-7,631,000","-7,984,000","-7,901,000","-7,728,000","-7,418,000","-7,314,000","-7,266,000","-8,059,000","-8,964,000","-9,034,000","-8,893,000","-9,073,000","-9,228,000","-9,185,000","-8,990,000","-9,026,000","-8,990,000","-9,563,000","-12,424,000","-8,978,000","-7,568,000","-7,638,000","-7,637,000","-17,362,000","-13,481,000","-13,930,000","-13,331,000","-13,244,000","-13,178,000","-13,120,000","-13,085,000","-13,116,000","-12,998,000","-13,034,000","-13,138,000","-13,016,000","-16,642,000","-17,447,000","-17,376,000","-17,116,000","-20,142,000","-19,795,000","-19,795,000","-19,794,000","-19,787,000","-21,485,000","-23,754,000","-21,479,000","-17,151,000","-17,151,000","-17,150,000","-17,149,000","-17,148,000","-17,148,000","-17,147,000","-17,169,000","-21,707,000","-22,303,000","-19,439,000","-19,318,000","-14,479,000","-10,061,000","-10,060,000","-10,081,000","-10,091,000","-10,503,000","-10,696,000","-10,581,000","-10,637,000","-10,738,000","-11,300,000","-11,545,000","-12,421,000","-12,762,000","-11,931,000","-11,610,000","-3,083,000",,,,,,,,,,,,,,,,
EBIT,"1,615,770,000","523,428,000","-72,180,000","775,788,000","388,734,000","134,242,000","279,149,000","244,320,000","-36,039,000","226,799,000","100,927,000","391,027,000","416,422,000","-694,314,000","205,322,000","68,491,000","225,061,000","702,619,000","-896,801,000","283,592,000","347,377,000","424,625,000","329,780,000","195,372,000","186,295,000","464,712,000","110,429,000","280,332,000","389,227,000","416,530,000","334,533,000","370,763,000","362,822,000","459,756,000","318,191,000","339,817,000","483,320,000","52,028,000","332,536,000","252,646,000","355,999,000","-29,370,000","22,473,000","153,941,000","-328,672,000","249,261,000","217,576,000","173,356,000","6,875,000","237,135,000","291,067,000","329,983,000","153,217,000","-35,262,000","-262,376,000","189,177,000","104,025,000","27,170,000","335,240,000","374,896,000","374,519,000","262,934,000","316,805,000","268,711,000","211,898,000","-221,701,000","-453,589,000","252,205,000","215,335,000","101,837,000","27,207,000","345,349,000","160,857,000","153,363,000","122,085,000","135,154,000","120,904,000","68,323,000","85,665,000","64,133,000","86,340,000","50,788,000","-67,417,000","81,423,000","71,553,000","74,380,000","71,961,000","58,679,000","66,120,000",,,,,,,,,,,,,,,,
ReconciledDepreciation,,,,,,,,,,,,,,,,,,,,,,,,,,,,,,,,,,,,,,,,,,,,,,,,,,,,,,,,,"496,000","-1,839,000","-5,845,000","-2,083,000","1,337,000","2,605,000","6,053,000","5,948,000","7,340,000","7,795,000","8,297,000","3,666,000","7,702,000","6,971,000","4,354,000","7,119,000","6,479,000","7,826,000","2,468,000","465,000","-119,000","-1,691,000","-1,659,000","-2,116,000","-1,870,000","6,272,000","-2,197,000","-3,961,000","38,000","7,593,000","-2,410,000","-5,077,000","6,000",,,,,,,,,,,,,,,,
NetIncomeFromContinuingOperationNetMinorityInterest,"1,379,083,000","430,707,000","-73,468,000","679,982,000","341,862,000","63,602,000","243,057,000","190,880,000","16,612,000","217,644,000","104,398,000","342,855,000","348,900,000","-382,274,000","205,613,000","69,895,000","210,318,000","571,025,000","-639,374,000","245,674,000","291,643,000","373,572,000","295,394,000","155,692,000","171,686,000","357,281,000","88,553,000","209,057,000","322,978,000","340,123,000","274,916,000","290,184,000","293,933,000","364,638,000","234,759,000","275,642,000","384,343,000","58,777,000","250,922,000","214,551,000","304,704,000","41,042,000","63,054,000","131,312,000","-315,894,000","302,533,000","174,200,000","156,673,000","-22,652,000","197,227,000","228,618,000","272,588,000","108,556,000","-16,591,000","-233,127,000","153,027,000","77,933,000","12,238,000","246,587,000","282,868,000","297,582,000","206,351,000","245,678,000","220,403,000","168,396,000","-162,197,000","-417,745,000","194,180,000","167,095,000","93,327,000","11,463,000","263,967,000","126,101,000","121,780,000","100,326,000","109,555,000","94,367,000","55,565,000","61,270,000","53,407,000","61,061,000","35,362,000","-43,765,000","57,291,000","50,130,000","51,406,000","47,687,000","38,729,000","48,558,000","39,561,000","39,200,000","38,100,000","41,200,000","39,700,000","42,100,000","43,500,000","39,800,000","37,800,000","38,400,000","44,300,000","34,500,000","32,300,000","23,200,000","28,700,000","27,800,000"
TaxRateForCalcs,"0.108","0.139","0.162","0.106","0.084","0.27","0.108","0.195","0.27","0.007","0.27","0.104","0.147","0.27","0.27","0.27","0.034","0.179","0.293","0.108","0.138","0.101","0.079","0.164","0.03","0.139","0.4","0.132","0.108","0.122","0.065","0.177","0.15","0.189","0.235","0.145","0.182","0.35","0.214","0.104","0.111","0.35","0.35","0.068","0.075","0.35","0.148","0.023","0.35","0.102","0.165","0.129","0.184","0.35","0.174","0.097","0.075","0.35","0.208","0.2","0.167","0.16","0.18","0.124","0.135","0.321","0.113","0.174","0.137","0.4","0.4","0.19","0.139","0.15","0.104","0.124","0.148","0.039","0.183","0.003","0.193","0.117","0.4","0.18","0.152","0.166","0.206","0.177","0.23","0.051","0","0","0","0","0","0","0","0","0","0","0","0","0","0","0"
TaxEffectOfUnusualItems,"0","0","0","0","0","0","0","0","0","0","0","0","0","0","0","0","0","0","0","0","0","0","0","0","0","0","0","0","0","0","0","0","0","0","0","0","0","0","0","0","0","0","0","0","0","0","0","0","0","0","0","0","0","0","0","0","0","0","0","0","0","0","0","0","0","0","0","0","0","0","0","0","0","0","0","0","0","0","0","0","0","0","0","0","0","0","0","0","0","0","0","0","0","0","0","0","0","0","0","0","0","0","0","0","0"