name,ttm,12/31/2021,09/30/2021,06/30/2021,03/31/2021,12/31/2020,09/30/2020,06/30/2020,03/31/2020,12/31/2019,09/30/2019,06/30/2019,03/31/2019,12/31/2018,09/30/2018,06/30/2018,03/31/2018,12/31/2017,09/30/2017,06/30/2017,03/31/2017,12/31/2016,09/30/2016,06/30/2016,03/31/2016,12/31/2015,09/30/2015,06/30/2015,03/31/2015,12/31/2014,09/30/2014,06/30/2014,03/31/2014,12/31/2013,09/30/2013,06/30/2013,03/31/2013,12/31/2012,09/30/2012,06/30/2012,03/31/2012,12/31/2011,09/30/2011,06/30/2011,03/31/2011,12/31/2010,09/30/2010,06/30/2010,03/31/2010,12/31/2009,09/30/2009,06/30/2009,03/31/2009,12/31/2008,09/30/2008,06/30/2008,03/31/2008,12/31/2007,09/30/2007,06/30/2007,03/31/2007,12/31/2006,09/30/2006,06/30/2006,03/31/2006,12/31/2005,09/30/2005,06/30/2005,03/31/2005,12/31/2004,09/30/2004,06/30/2004,03/31/2004,12/31/2003,09/30/2003,06/30/2003,03/31/2003,12/31/2002,09/30/2002,06/30/2002,03/31/2002,12/31/2001,09/30/2001,06/30/2001,03/31/2001,12/31/2000,09/30/2000,06/30/2000,03/31/2000,12/31/1999,09/30/1999,06/30/1999,03/31/1999,12/31/1998,09/30/1998,06/30/1998,03/31/1998,12/31/1997,09/30/1997,06/30/1997,03/31/1997,12/31/1996,09/30/1996,06/30/1996,03/31/1996,12/31/1995,09/30/1995,06/30/1995,03/31/1995,12/31/1994,09/30/1994,06/30/1994,03/31/1994,12/31/1993,09/30/1993,06/30/1993,03/31/1993,12/31/1992,09/30/1992,06/30/1992,03/31/1992,12/31/1991,09/30/1991,06/30/1991,03/31/1991,12/31/1990,09/30/1990,06/30/1990,03/31/1990
TotalRevenue,"16,071,700,000","4,951,700,000","3,452,800,000","5,138,500,000","2,528,700,000","2,422,900,000","2,294,000,000","1,952,000,000","1,828,200,000","2,169,500,000","2,048,400,000","1,933,700,000","1,711,800,000","1,927,797,000","1,663,496,000","1,608,022,000","1,511,485,000","1,582,447,000","1,500,673,000","1,470,116,000","1,318,991,000","1,226,827,000","1,220,122,000","1,212,629,000","1,200,849,000","1,098,077,000","1,137,422,000","998,617,000","869,612,000","802,329,000","725,788,000","665,700,000","625,740,000","610,412,000","597,027,000","457,642,000","439,664,000","414,602,000","427,687,000","304,399,000","231,789,000","122,977,000","102,833,000","107,810,000","112,204,000","133,675,000","105,979,000","115,886,000","103,534,000","96,800,000","117,455,000","90,032,000","74,981,000","55,837,000","65,584,000","60,653,000","56,383,000","64,730,000","22,311,000","22,195,000","15,788,000","10,346,000","15,624,000","19,258,000","18,219,000","17,424,000","16,194,000","16,366,000","16,209,000","47,090,000","36,519,000","28,418,000","61,990,000","21,272,000","17,392,000","10,532,000","10,136,000","4,912,000","6,566,000","5,569,000","4,941,000","4,401,000","5,480,000","5,779,000","9,085,000","19,416,000","14,906,000","14,456,000","10,498,000","11,900,000","11,300,000","5,900,000","5,500,000","7,400,000","10,800,000","13,500,000","6,500,000","11,400,000","8,900,000","6,600,000","6,200,000","6,500,000","6,200,000","6,200,000","5,200,000","5,800,000","6,200,000","7,600,000","6,900,000","7,700,000","8,900,000","3,600,000","3,000,000","2,900,000","3,600,000","1,300,000","2,100,000","2,300,000","2,400,000","3,200,000","3,500,000","2,000,000","1,900,000","1,700,000","2,000,000","1,300,000","1,300,000","1,200,000","1,200,000"
	OperatingRevenue,"15,790,500,000","4,865,500,000","3,353,800,000","5,092,500,000","2,478,700,000","2,299,500,000","2,135,400,000","1,740,200,000","1,765,000,000","2,034,300,000","1,945,300,000","1,843,400,000","1,627,000,000","1,825,549,000","1,546,126,000","1,496,998,000","1,425,327,000","1,475,374,000","1,439,167,000","1,356,616,000","1,262,551,000","1,175,170,000","1,193,158,000","1,189,529,000","1,183,468,000","1,023,188,000","1,137,422,000","998,617,000","869,612,000","802,329,000","725,788,000","665,700,000","625,740,000","613,560,000","595,953,000","456,419,000","438,813,000","414,602,000","427,687,000","304,399,000","231,789,000","122,977,000","102,833,000","107,810,000","112,204,000","133,675,000","105,979,000","115,886,000","103,534,000","116,800,000","97,455,000","90,032,000","74,981,000","55,837,000","65,584,000","60,653,000","56,383,000","64,730,000","22,311,000","22,195,000","15,788,000","10,346,000","15,624,000","19,258,000","18,219,000","17,424,000","16,194,000","16,366,000","16,209,000","47,090,000","36,519,000","28,418,000","61,990,000","21,272,000","17,392,000","10,532,000","10,136,000","4,912,000","6,566,000","5,569,000","4,941,000","4,401,000","5,480,000","5,779,000","6,313,000","19,416,000","14,906,000","14,456,000","10,498,000","11,900,000","11,300,000","5,900,000","5,500,000","7,400,000","10,800,000","13,500,000","6,500,000","11,400,000","8,900,000","6,600,000","6,200,000","6,500,000","6,200,000","6,200,000","5,200,000","5,800,000","6,200,000","7,600,000","6,900,000","7,700,000","8,900,000","3,600,000","3,000,000","2,900,000","3,600,000","1,300,000","2,100,000","2,300,000","2,400,000","3,200,000","3,500,000","2,000,000","1,900,000","1,700,000","2,000,000","1,300,000","1,300,000","1,200,000","1,200,000"
CostOfRevenue,"2,437,500,000","982,600,000","453,200,000","693,700,000","308,000,000","353,100,000","274,000,000","275,500,000","217,300,000","223,900,000","226,600,000","152,500,000","179,200,000","117,172,000","110,369,000","91,661,000","114,898,000","105,740,000","104,232,000","102,921,000","84,168,000","74,681,000","44,228,000","69,033,000","111,752,000","110,831,000","109,083,000","88,840,000","83,955,000","59,474,000","55,593,000","46,379,000","43,572,000","48,114,000","38,573,000","39,613,000","29,055,000","30,169,000","20,145,000","21,843,000","12,298,000","2,989,000","450,000","395,000","382,000","599,000","372,000","405,000","717,000","387,000","472,000","435,000","392,000","631,000","292,000",,,,,,,"430,000","3,054,000","2,810,000","1,852,000","2,145,000","3,246,000","1,675,000","2,491,000","3,474,000","8,986,000","529,000","2,225,000","907,000","4,844,000","259,000","666,000","1,726,000","1,637,000","1,861,000","1,259,000","1,162,000","1,274,000","1,885,000","2,188,000","8,738,000","2,512,000","1,265,000","3,051,000","100,000","1,000,000","1,200,000","1,300,000","1,600,000","1,300,000","1,200,000","900,000","900,000","800,000","500,000","500,000",,,,,,,,,,,,,,"10,600,000",,,,,,,"5,000,000","2,400,000","2,900,000",,,,,
GrossProfit,"13,634,200,000","3,969,100,000","2,999,600,000","4,444,800,000","2,220,700,000","2,069,800,000","2,020,000,000","1,676,500,000","1,610,900,000","1,945,600,000","1,821,800,000","1,781,200,000","1,532,600,000","1,810,625,000","1,553,127,000","1,516,361,000","1,396,587,000","1,476,707,000","1,396,441,000","1,367,195,000","1,234,823,000","1,152,146,000","1,175,894,000","1,143,596,000","1,089,097,000","987,246,000","1,028,339,000","909,777,000","785,657,000","742,855,000","670,195,000","619,321,000","582,168,000","562,298,000","558,454,000","418,029,000","410,609,000","384,433,000","407,542,000","282,556,000","219,491,000","119,988,000","102,383,000","107,415,000","111,822,000","133,076,000","105,607,000","115,481,000","102,817,000","96,413,000","116,983,000","89,597,000","74,589,000","55,206,000","65,292,000",,,,,,,"9,916,000","12,570,000","16,448,000","16,367,000","15,279,000","12,948,000","14,691,000","13,718,000","43,616,000","27,533,000","27,889,000","59,765,000","20,365,000","12,548,000","10,273,000","9,470,000","3,186,000","4,929,000","3,708,000","3,682,000","3,239,000","4,206,000","3,894,000","6,897,000","10,678,000","12,394,000","13,191,000","7,447,000","11,800,000","10,300,000","4,700,000","4,200,000","5,800,000","9,500,000","12,300,000","5,600,000","10,500,000","8,100,000","6,100,000","5,700,000",,,,,,,,,,,,,,"-7,000,000",,,,,,,"-3,000,000","-500,000","-1,200,000",,,,,
OperatingExpense,"4,687,400,000","1,329,400,000","1,152,400,000","1,097,600,000","1,108,000,000","902,800,000","966,900,000","1,020,100,000","910,800,000","1,269,900,000","1,083,300,000","1,465,600,000","1,052,600,000","1,092,567,000","926,204,000","894,173,000","829,356,000","937,896,000","836,515,000","816,883,000","804,281,000","805,143,000","813,092,000","851,968,000","759,789,000","756,164,000","635,917,000","564,918,000","502,104,000","495,488,000","487,476,000","396,915,000","396,229,000","350,225,000","321,652,000","259,926,000","257,559,000","238,763,000","205,178,000","195,078,000","197,290,000","165,390,000","160,840,000","167,734,000","152,803,000","145,853,000","137,701,000","139,205,000","131,476,000","135,821,000","118,274,000","105,863,000","93,820,000","89,805,000","85,223,000","80,042,000","72,294,000","76,264,000","60,978,000","52,799,000","49,437,000","43,402,000","40,827,000","40,697,000","38,030,000","-204,036,000","47,335,000","46,858,000","42,058,000","39,642,000","37,012,000","40,532,000","35,971,000","37,504,000","38,251,000","37,205,000","37,849,000","37,820,000","37,105,000","33,658,000","28,875,000","32,832,000","27,500,000","21,979,000","18,836,000","20,188,000","16,976,000","17,166,000","15,927,000","12,500,000","15,400,000","13,100,000","13,500,000","12,000,000","11,900,000","11,600,000","10,500,000","9,300,000","9,200,000","9,800,000","9,800,000","9,900,000","10,600,000","9,900,000","9,900,000","8,500,000","8,600,000","8,900,000","9,000,000","12,800,000","12,600,000","13,600,000","13,400,000","42,600,000","2,300,000","11,100,000","11,300,000","8,400,000","8,000,000","6,700,000","6,700,000","700,000","2,000,000","800,000",,,,,
	SellingGeneralAndAdministration,"1,824,900,000","559,600,000","445,000,000","414,700,000","405,600,000","303,500,000","326,900,000","348,300,000","367,300,000","586,800,000","419,900,000","417,300,000","410,800,000","491,314,000","369,232,000","364,884,000","330,770,000","409,913,000","306,766,000","306,908,000","296,846,000","325,937,000","270,045,000","292,038,000","289,677,000","294,954,000","209,993,000","174,588,000","158,991,000","143,743,000","149,748,000","102,414,000","108,850,000","82,085,000","97,607,000","72,463,000","77,260,000","57,739,000","46,883,000","47,705,000","58,428,000","36,349,000","32,916,000","24,585,000","23,411,000","20,641,000","15,658,000","14,679,000","14,005,000","17,031,000","12,840,000","11,632,000","11,674,000","13,491,000","11,368,000","13,465,000","11,024,000","11,439,000","9,289,000","8,935,000","8,202,000","7,628,000","6,019,000","6,299,000","5,946,000","6,895,000","6,219,000","6,216,000","6,146,000","4,853,000","4,184,000","4,235,000","3,790,000","4,237,000","3,601,000","3,488,000","3,459,000","3,365,000","2,811,000","2,956,000","3,400,000","2,732,000","2,461,000","2,383,000","2,031,000","3,106,000","1,737,000","1,711,000","3,026,000","1,700,000","1,600,000","1,500,000","1,600,000","1,400,000","1,300,000","1,700,000","1,400,000","1,200,000","1,400,000","1,700,000","1,500,000","1,400,000","1,400,000","1,600,000","1,500,000","1,200,000","1,400,000","1,600,000","1,600,000","2,500,000","2,000,000","2,300,000","1,700,000","41,700,000","1,600,000","10,400,000","10,600,000","7,800,000","7,500,000","6,200,000","6,300,000","400,000","1,800,000","600,000",,,,,
	ResearchAndDevelopment,"2,908,100,000","785,600,000","665,400,000","714,200,000","742,900,000","744,500,000","684,600,000","722,000,000","583,900,000","683,100,000","663,400,000","1,048,300,000","641,800,000","601,253,000","556,972,000","529,289,000","498,586,000","527,983,000","529,749,000","509,975,000","507,435,000","479,206,000","543,047,000","559,930,000","470,112,000","461,210,000","425,924,000","390,330,000","343,113,000","351,745,000","337,728,000","294,501,000","287,379,000","268,140,000","224,045,000","187,463,000","180,299,000","181,024,000","158,295,000","147,373,000","138,862,000","129,041,000","127,924,000","143,149,000","129,392,000","125,212,000","122,043,000","124,526,000","117,471,000","118,790,000","105,434,000","94,231,000","82,146,000","76,314,000","73,855,000","66,577,000","61,270,000","64,825,000","51,689,000","43,864,000","41,235,000","35,774,000","34,808,000","34,398,000","32,084,000","37,911,000","41,116,000","40,642,000","35,912,000","34,789,000","32,828,000","36,297,000","32,181,000","33,267,000","34,650,000","33,717,000","34,390,000","34,455,000","34,294,000","30,702,000","25,475,000","30,100,000","25,039,000","19,596,000","16,805,000","15,786,000","14,085,000","14,410,000","11,975,000","9,900,000","12,900,000","10,800,000","11,200,000","9,900,000","9,900,000","9,100,000","8,200,000","7,000,000","6,800,000","6,900,000","7,100,000","6,900,000","7,700,000","6,800,000","6,900,000","6,000,000","5,700,000","5,800,000","5,800,000","9,100,000","9,500,000","10,300,000","10,800,000",,,,,,,,,,,,,,,,
	DepreciationAmortizationDepletionIncomeStatement,,,,,,,,,,,,,,,,,,,,,,,,,,,,,,,,,,,,,,,,,,,,,,,,,,,,,,,,,,,,,,,,,,,,,,,,,,,,,,,,,,,,,,"1,296,000","1,154,000","1,045,000","926,000","900,000","900,000","800,000","700,000","700,000","700,000","800,000","900,000","1,100,000","1,000,000","1,200,000","1,200,000","1,600,000","1,500,000","1,500,000","1,500,000","1,300,000","1,500,000","1,500,000","1,600,000","1,200,000","1,100,000","1,000,000","900,000","900,000","700,000","700,000","700,000","600,000","500,000","500,000","400,000","300,000","200,000","200,000",,,,,
		DepreciationAndAmortizationInIncomeStatement,,,,,,,,,,,,,,,,,,,,,,,,,,,,,,,,,,,,,,,,,,,,,,,,,,,,,,,,,,,,,,,,,,,,,,,,,,,,,,,,,,,,,,"1,296,000","1,154,000","1,045,000","926,000","900,000","900,000","800,000","700,000","700,000","700,000","800,000","900,000","1,100,000","1,000,000","1,200,000","1,200,000","1,600,000","1,500,000","1,500,000","1,500,000","1,300,000","1,500,000","1,500,000","1,600,000","1,200,000","1,100,000","1,000,000","900,000","900,000","700,000","700,000","700,000","600,000","500,000","500,000","400,000","300,000","200,000","200,000",,,,,
	OtherOperatingExpenses,"-45,600,000","-15,800,000","42,000,000","-31,300,000","-40,500,000","-145,200,000","-44,600,000","-50,200,000","-40,400,000",,,,,,,,,,,,,,,,,,,,,,,,,,,,,,,,,,,,,,,,,,,,,,,,,,,,,,,,,,,,,,,,,,,,,,,,,,,,,,,,,,,,,,,,,,,,,,,,,,,,,,,,,,,,,,,,,,,,,,,,
OperatingIncome,"8,946,800,000","2,639,700,000","1,847,200,000","3,347,200,000","1,112,700,000","1,167,000,000","1,053,100,000","656,400,000","700,100,000","675,700,000","738,500,000","315,600,000","480,000,000","718,058,000","626,923,000","622,188,000","567,231,000","538,811,000","559,926,000","550,312,000","430,542,000","347,003,000","362,802,000","291,628,000","329,308,000","231,082,000","392,422,000","344,859,000","283,553,000","247,367,000","182,719,000","222,406,000","185,939,000","212,073,000","236,802,000","158,103,000","153,050,000","145,670,000","202,364,000","87,478,000","22,201,000","-45,402,000","-58,457,000","-60,319,000","-40,981,000","-12,777,000","-32,094,000","-23,724,000","-28,659,000","-39,408,000","-1,291,000","-16,266,000","-19,231,000","-34,599,000","-19,931,000","-19,389,000","-15,911,000","-11,534,000","-38,667,000","-30,604,000","-33,649,000","-33,486,000","-28,257,000","-24,249,000","-21,663,000","219,315,000","-34,387,000","-32,167,000","-28,340,000","3,974,000","-9,479,000","-12,643,000","23,794,000","-17,139,000","-25,703,000","-26,932,000","-28,379,000","-34,634,000","-32,176,000","-29,950,000","-25,193,000","-29,593,000","-23,294,000","-18,085,000","-11,939,000","-9,510,000","-4,582,000","-3,975,000","-8,480,000","-700,000","-5,100,000","-8,400,000","-9,300,000","-6,200,000","-2,400,000","700,000","-4,900,000","1,200,000","-1,100,000","-3,700,000","-4,100,000","-4,500,000","-4,400,000","-3,700,000","-4,700,000","-2,700,000","-2,400,000","-1,300,000","-2,100,000","-5,100,000","-3,700,000","-10,000,000","-10,400,000","-11,200,000","-9,300,000","-9,800,000","-9,200,000","-6,100,000","-5,600,000","-3,500,000","-3,200,000","-3,700,000","-2,500,000","-2,000,000","2,000,000","-7,000,000","1,300,000","1,200,000","1,200,000"
NetNonOperatingInterestIncomeExpense,"-57,300,000","-14,100,000","-14,200,000","-14,400,000","-14,600,000","-14,800,000","-26,300,000","-9,700,000","-6,100,000","-6,700,000","-7,800,000","-8,000,000","-7,700,000","-7,349,000","-7,494,000","-6,918,000","-6,439,000","-6,035,000","-6,182,000","-5,401,000","-7,501,000","-3,394,000","-222,000","-2,173,000","-1,406,000","-3,609,000","-1,715,000","-2,748,000","-6,169,000","-6,350,000","-9,232,000","-10,177,000","-11,613,000","-11,661,000","-11,736,000","-11,365,000","-11,675,000","-11,495,000","-11,413,000","-11,236,000","-11,160,000","-9,455,000","-4,061,000","-4,047,000","-3,719,000","-2,458,000","-2,234,000","-2,342,000","-2,084,000","-1,756,000","-581,000","0","0",,,,,,,,,,,,,,,,,,,,,,,,,,,,,,,,,,,,,,,,,,,,,,,,,,,,,,,,,,,,,,,,,,,,,,,,,,,,
	InterestExpenseNonOperating,"57,300,000","14,100,000","14,200,000","14,400,000","14,600,000","14,800,000","26,300,000","9,700,000","6,100,000","6,700,000","7,800,000","8,000,000","7,700,000","7,349,000","7,494,000","6,918,000","6,439,000","6,035,000","6,182,000","5,401,000","7,501,000","3,394,000","222,000","2,173,000","1,406,000","3,609,000","1,715,000","2,748,000","6,169,000","6,350,000","9,232,000","10,177,000","11,613,000","11,661,000","11,736,000","11,365,000","11,675,000","11,495,000","11,413,000","11,236,000","11,160,000","9,455,000","4,061,000","4,047,000","3,719,000","2,458,000","2,234,000","2,342,000","2,084,000","1,756,000","581,000","0","0",,,,,,,,,,,,,,,,,,,,,,,,,,,,,,,,,,,,,,,,,,,,,,,,,,,,,,,,,,,,,,,,,,,,,,,,,,,,
OtherIncomeExpense,"436,300,000","-122,200,000","-16,400,000","420,000,000","154,900,000","72,400,000","-28,500,000","272,200,000","-25,400,000","220,800,000","37,800,000","-82,900,000","73,800,000","-34,542,000","16,432,000","40,804,000","24,606,000","21,991,000","11,861,000","-19,061,000","9,248,000","-2,082,000","3,301,000","2,801,000","2,249,000","-184,000","2,582,000","-14,115,000","-861,000","-19,730,000","2,591,000","-9,110,000","937,000","-2,259,000","618,000","954,000","456,000","384,000","517,000","501,000","610,000","799,000","715,000","998,000","1,037,000","638,000","453,000","592,000","439,000","553,000","857,000","1,328,000","1,750,000","2,648,000","3,667,000","3,604,000","7,304,000","1,473,000","5,840,000","6,841,000","6,743,000",,,,,"2,866,000","2,746,000","8,179,000","27,230,000","1,832,000","1,417,000","1,105,000","43,874,000","868,000","1,285,000","1,101,000","1,208,000","1,734,000","2,377,000","2,554,000","2,770,000","3,742,000","3,403,000","3,294,000","1,721,000","-7,092,000","1,431,000","1,131,000","1,226,000","-500,000","200,000","700,000","500,000","700,000","1,100,000","1,500,000","1,100,000","-600,000","-700,000","-500,000","-1,700,000","-3,600,000","-4,300,000","-3,600,000","-2,800,000","-4,900,000","-4,500,000","-2,800,000","-1,700,000",,,,,,,"700,000",,,,,,"1,600,000","1,800,000","1,500,000",,,,,
	GainOnSaleOfSecurity,,,,,,,,,,,,,,,,,,,,,,,"3,301,000","2,801,000","2,249,000","1,750,000","2,603,000","1,849,000","81,000","2,952,000","2,591,000","1,677,000","937,000","-2,259,000","618,000","954,000","456,000","384,000","517,000","501,000","610,000",,,,,"638,000",,,,,,,,,,,,,,,,,,,,,,,,,,,,,,,,,,,,,,,,,,,,,,,,,,,,,,,,,,,,,,,,,,,,,,,,,,,,,,,,,,,
	EarningsFromEquityInterest,,,,,,,,,,,,,,,,,,,,,,,,,,,,,,,,,,,,,,,,,,,,,,,,,,,,,,,,,,,,,,,,,,,,,,,,,,,,,,,,,,,"241,000",,,,,,,,,,,,,,,,,,,,,,,,,,,,,,,,,,,,,,,,,,,,,,
	SpecialIncomeCharges,,,,,,,,,,,,,,,,,,,,,,,,,,"-1,934,000","-21,000","-15,964,000","-942,000","-22,682,000","0","-10,787,000",,,,,,,,,,,"715,000","998,000","1,037,000","638,000","453,000","592,000","439,000","553,000","857,000","1,328,000","1,750,000","2,648,000","3,667,000","3,604,000","7,304,000","1,473,000","5,840,000","6,841,000","6,743,000",,,,,"2,866,000","2,746,000","8,179,000","27,230,000","1,832,000","1,417,000","1,105,000","43,874,000","868,000","1,285,000","1,101,000","1,208,000","1,734,000","2,377,000","2,554,000","2,770,000","2,686,000","3,162,000","3,294,000","1,721,000","-7,092,000","1,431,000","1,131,000","1,226,000","-500,000","200,000","700,000","500,000","700,000","1,100,000","1,500,000","1,100,000","-600,000","-700,000","-500,000","-1,700,000","-3,600,000","-4,300,000","-3,600,000","-2,800,000","-4,900,000","-4,500,000","-2,800,000","-1,700,000",,,,,,,"700,000",,,,,,"1,600,000","1,800,000","1,500,000",,,,,
		WriteOff,,,,,,,,,,,,,,,,,,,,,,,,,,,,,,,,,,,,,,,,,,,,,,,,,,"0","0","0",,,,,,,,,,,,,,,,,,,,,,,,,,,,,,,,,,,,,,,,,,,,,,,,,,,,,,,,,,,,,,,,,,,,,,,,,,,,,
		OtherSpecialCharges,,,,,,,,,,,,,,,,,,,,,,,,,,"1,934,000","21,000","15,964,000","942,000","22,682,000",,"10,787,000",,,,,,,,,,,,,,,,,,"-553,000","-857,000","-1,328,000",,,,,,,,,,,,,,,,,,,,,,,,,,,,,,,,,,,,,,,,,,,,,,,,,,,,,,,,,,,,,,,,,,,,,,,,,,,,,
	OtherNonOperatingIncomeExpenses,"436,300,000","-122,200,000","-16,400,000","420,000,000","154,900,000","72,400,000","-28,500,000","272,200,000","-25,400,000","220,800,000","37,800,000","-82,900,000","73,800,000","-34,542,000","16,432,000","40,804,000","24,606,000","21,991,000","11,861,000","-19,061,000","9,248,000","-5,476,000",,,,,,,,,,,,,,,,,,,,,,,,,,,,,,,,,,,,,,,,,,,,,,,,,,,,,,,,,,,,,,,,,,,,,,,,,,,,,,,,,,,,,,,,,,,,,,,,,,,,,,,,,,,
PretaxIncome,"9,325,800,000","2,503,400,000","1,816,600,000","3,752,800,000","1,253,000,000","1,224,600,000","998,300,000","918,900,000","668,600,000","889,800,000","768,500,000","224,700,000","546,100,000","676,167,000","635,861,000","656,074,000","585,398,000","554,767,000","565,605,000","525,850,000","432,289,000","341,527,000","365,881,000","292,256,000","330,151,000","227,289,000","393,289,000","327,996,000","276,523,000","221,287,000","176,078,000","203,119,000","175,263,000","198,153,000","225,684,000","147,692,000","141,831,000","134,559,000","191,468,000","76,743,000","11,651,000","-54,058,000","-61,803,000","-63,368,000","-43,663,000","-14,597,000",,,"-30,304,000","-40,611,000","-1,015,000",,,"-32,246,000","-18,036,000",,,,,,,,,,,,,,,,,,,,,,,,,,,,,,,,,,,,,,,,,,,,,,,,,,,,,,,,,,,,,,,,,,,,,,,,,,
TaxProvision,"1,250,500,000","274,400,000","184,400,000","653,900,000","137,800,000","75,400,000","156,200,000","21,600,000","44,000,000","97,800,000","98,900,000","31,600,000","85,000,000","-144,186,000","41,206,000","104,662,000","107,418,000","381,248,000","177,288,000","138,106,000","183,358,000","88,412,000","101,077,000","96,038,000","164,415,000","72,295,000","182,891,000","133,353,000","200,502,000","111,111,000","96,358,000","110,384,000","109,820,000","101,347,000","84,378,000","60,316,000","42,957,000","-335,848,000","0",,,"-615,000","562,000","-863,000","-216,000",,,,"218,000","-4,122,000","0",,,"-728,000","3,079,000",,,,,,,,,,,,,,,,,,,,,,,,,,,,,,,,,,,,,,,,,,,,,,,,,,,,,,,,,,,,,,,,,,,,,,,,,,
NetIncomeCommonStockholders,"8,075,300,000","2,229,000,000","1,632,200,000","3,098,900,000","1,115,200,000","1,149,200,000","842,100,000","897,300,000","624,600,000","792,000,000","669,600,000","193,100,000","461,100,000","820,353,000","594,655,000","551,412,000","477,980,000","173,519,000","388,317,000","387,744,000","248,931,000","253,115,000","264,804,000","196,218,000","165,736,000","154,994,000","210,398,000","194,643,000","76,021,000","110,176,000","79,720,000","92,735,000","65,443,000","96,806,000","141,306,000","87,376,000","98,874,000","470,407,000","191,468,000","76,743,000","11,651,000","-53,443,000","-62,365,000","-62,505,000","-43,447,000","-14,597,000","-33,875,000","-25,474,000","-30,522,000","-36,489,000","-1,015,000","-14,938,000","-17,481,000","-31,518,000","-21,115,000","-18,459,000","-11,618,000","-13,071,000","-35,838,000","-26,774,000","-29,917,000","-30,971,000","-27,410,000","-23,576,000","-20,380,000","-29,672,000","-34,652,000","-26,999,000","-4,123,000","2,792,000","-11,076,000","-14,549,000","64,532,000","-19,377,000","-27,400,000","-28,736,000","-30,110,000","-35,693,000","-32,816,000","-30,423,000","-25,445,000","-28,378,000","-19,931,000","-14,834,000","-13,037,000","-9,739,000","-3,211,000","-2,947,000","-7,318,000","-1,400,000","-4,900,000","-7,800,000","-8,900,000","-5,500,000","-1,400,000","2,100,000","-3,800,000","500,000","-1,900,000","-4,300,000","-5,900,000","-8,100,000","-8,900,000","-7,600,000","-7,800,000","-7,800,000","-7,100,000","-4,400,000","-4,200,000","-5,800,000","-4,000,000","-10,200,000","-10,700,000","-11,500,000","-9,600,000","-9,400,000","-9,300,000","-6,400,000","-5,800,000","-3,700,000","-3,300,000","-2,100,000","-900,000","-300,000",,,,,
	NetIncome,"8,075,300,000","2,229,000,000","1,632,200,000","3,098,900,000","1,115,200,000","1,149,200,000","842,100,000","897,300,000","624,600,000","792,000,000","669,600,000","193,100,000","461,100,000","820,353,000","594,655,000","551,412,000","477,980,000","173,519,000","388,317,000","387,744,000","248,931,000","253,115,000","264,804,000","196,218,000","165,736,000","154,994,000","210,398,000","194,643,000","76,021,000","110,176,000","79,720,000","92,735,000","65,443,000","96,806,000","141,306,000","87,376,000","98,874,000","470,407,000","191,468,000","76,743,000","11,651,000","-53,443,000","-62,365,000","-62,505,000","-43,447,000","-14,597,000","-33,875,000","-25,474,000","-30,522,000","-36,489,000","-1,015,000","-14,938,000","-17,481,000","-31,518,000","-21,115,000","-18,459,000","-11,618,000","-13,071,000","-35,838,000","-26,774,000","-29,917,000","-30,971,000","-27,410,000","-23,576,000","-20,380,000","-29,672,000","-34,652,000","-26,999,000","-4,123,000","2,792,000","-11,076,000","-14,549,000","64,532,000","-19,377,000","-27,400,000","-28,736,000","-30,110,000","-35,693,000","-32,816,000","-30,423,000","-25,445,000","-28,378,000","-19,931,000","-14,834,000","-13,037,000","-9,739,000","-3,211,000","-2,947,000","-7,318,000","-1,400,000","-4,900,000","-7,800,000","-8,900,000","-5,500,000","-1,400,000","2,100,000","-3,800,000","500,000","-1,900,000","-4,300,000","-5,900,000","-8,100,000","-8,900,000","-7,600,000","-7,800,000","-7,800,000","-7,100,000","-4,400,000","-4,200,000","-5,800,000","-4,000,000","-10,200,000","-10,700,000","-11,500,000","-9,600,000","-9,400,000","-9,300,000","-6,400,000","-5,800,000","-3,700,000","-3,300,000","-2,100,000","-900,000","-300,000",,,,,
		NetIncomeIncludingNoncontrollingInterests,"8,075,300,000","2,229,000,000","1,632,200,000","3,098,900,000","1,115,200,000","1,149,200,000","842,100,000","897,300,000","624,600,000","792,000,000","669,600,000","193,100,000","461,100,000","820,353,000","594,655,000","551,412,000","477,980,000","173,519,000","388,317,000","387,744,000","248,931,000","253,115,000","264,804,000","196,218,000","165,736,000","154,994,000","210,398,000","194,643,000","76,021,000","110,176,000","79,720,000","92,735,000","65,443,000","96,806,000","141,306,000","87,376,000","98,874,000","470,407,000","191,468,000","76,743,000","11,651,000","-53,443,000","-62,365,000","-62,505,000","-43,447,000","-14,597,000","-33,875,000","-25,474,000","-30,522,000","-36,489,000","-1,015,000","-14,938,000","-17,481,000","-31,518,000","-21,115,000","-18,459,000","-11,618,000","-13,071,000","-35,838,000","-26,774,000","-29,917,000","-30,971,000","-27,410,000","-23,576,000","-20,380,000","-29,672,000","-34,652,000","-26,999,000","-4,123,000","2,792,000","-11,076,000","-14,549,000","64,532,000","-19,377,000","-27,400,000","-28,736,000","-30,110,000","-35,693,000","-32,816,000","-30,423,000","-25,445,000","-28,378,000","-19,931,000","-14,834,000","-13,037,000","-9,739,000","-3,211,000","-2,947,000","-7,318,000","-1,400,000","-4,900,000","-7,800,000","-8,900,000","-5,500,000","-1,400,000","2,100,000","-3,800,000","500,000","-1,900,000","-4,300,000","-5,900,000","-8,100,000","-8,900,000","-7,600,000","-7,800,000","-7,800,000","-7,100,000","-4,400,000","-4,200,000","-5,800,000","-4,000,000","-10,200,000","-10,700,000","-11,500,000","-9,600,000","-9,400,000","-9,300,000","-6,400,000","-5,800,000","-3,700,000","-3,300,000","-2,100,000","-900,000","-300,000","-1,100,000","-900,000","-800,000","-800,000","-800,000"
			NetIncomeContinuousOperations,"8,075,300,000","2,229,000,000","1,632,200,000","3,098,900,000","1,115,200,000","1,149,200,000","842,100,000","897,300,000","624,600,000","792,000,000","669,600,000","193,100,000","461,100,000","820,353,000","594,655,000","551,412,000","477,980,000","173,519,000","388,317,000","387,744,000","248,931,000","253,115,000","264,804,000","196,218,000","165,736,000","154,994,000","210,398,000","194,643,000","76,021,000","110,176,000","79,720,000","92,735,000","65,443,000","96,806,000","141,306,000","87,376,000","98,874,000","470,407,000","191,468,000","76,743,000","11,651,000","-53,443,000","-62,365,000","-62,505,000","-43,447,000","-14,597,000","-33,875,000","-25,474,000","-30,522,000","-36,489,000","-1,015,000","-14,938,000","-17,481,000","-31,518,000","-21,115,000","-18,459,000","-11,618,000","-13,071,000","-35,838,000","-26,774,000","-29,917,000","-30,971,000","-27,410,000","-23,576,000","-21,193,000","-29,672,000","-34,652,000","-26,999,000","-4,123,000","2,792,000","-11,076,000","-14,549,000","64,532,000","-19,377,000","-27,400,000","-28,736,000","-30,110,000","-35,693,000","-32,816,000","-30,423,000","-25,445,000","-28,378,000","-19,931,000","-14,834,000","-13,037,000","-8,176,000","-3,211,000","-2,947,000","-7,318,000","-1,400,000","-4,900,000","-7,800,000","-8,900,000","-5,500,000","-1,400,000","2,100,000","-3,800,000","500,000","-1,900,000","-4,300,000","-5,900,000","-8,100,000","-8,900,000","-7,600,000","-7,800,000","-7,800,000","-7,100,000","-4,400,000","-4,200,000","-5,800,000","-4,000,000","-10,200,000","-10,700,000","-11,500,000","-9,600,000","-9,400,000","-9,300,000","-6,400,000","-5,800,000","-3,700,000","-3,300,000","-2,100,000","-900,000","-300,000","-1,100,000","-900,000","-800,000","-800,000","-800,000"
			NetIncomeExtraordinary,,,,,,,,,,,,,,,,,,,,,,,,,,,,,,,,,,,,,,,,,,,,,,,,,,,,,,,,,,,,,,"0",,,"813,000",,,,,,,,,,,,,,,,,,,,,,,,,,,,,,,,,,,,,,,,,,,,,,,,,,,,,,,,,,,,,,,,
AverageDilutionEarnings,,,,,,,,,,,,,,,,,,"0","0","0","0","0","0",,"56,000",,"145,000",,,"0","2,803,000",,,,"4,678,000",,,,,,,,,,,,,,,,,,,,,,,,,,,,,,,,,,,,,,,,,,,,,,,,,,,,,,,,,,,,,,,,,,,,,,,,,,,,,,,,,,,,,,,,,,,,,,
DilutedNIAvailtoComStockholders,"8,075,300,000","2,229,000,000","1,632,200,000","3,098,900,000","1,115,200,000","1,149,200,000","842,100,000","897,300,000","624,600,000","792,000,000","669,600,000","193,100,000","461,100,000","820,353,000","594,655,000","551,412,000","477,980,000","173,519,000","388,317,000","387,744,000","248,931,000","253,115,000","264,804,000","196,218,000","165,792,000","154,994,000","210,543,000","194,643,000","76,021,000","110,176,000","82,523,000","92,735,000","65,443,000","96,806,000","145,984,000","87,376,000","98,874,000","499,533,000","191,468,000","76,743,000","11,651,000","-53,443,000","-62,365,000","-62,505,000","-43,447,000","-14,597,000","-33,875,000","-25,474,000","-30,522,000","-36,489,000","-1,015,000","-14,938,000","-17,481,000","-31,518,000","-21,115,000","-18,459,000","-11,618,000","-13,071,000","-35,838,000","-26,774,000","-29,917,000","-30,971,000","-27,410,000","-23,576,000","-20,380,000","-29,672,000","-34,652,000","-26,999,000","-4,123,000","2,792,000","-11,076,000","-14,549,000","64,532,000","-19,377,000","-27,400,000","-28,736,000","-30,110,000","-35,693,000","-32,816,000","-30,423,000","-25,445,000","-28,378,000","-19,931,000","-14,834,000","-13,037,000","-9,739,000","-3,211,000","-2,947,000","-7,318,000","-1,400,000","-4,900,000","-7,800,000","-8,900,000","-5,500,000","-1,400,000","2,100,000","-3,800,000","500,000","-1,900,000","-4,300,000","-5,900,000","-8,100,000","-8,900,000","-7,600,000","-7,800,000","-7,800,000","-7,100,000","-4,400,000","-4,200,000","-5,800,000","-4,000,000","-10,200,000","-10,700,000","-11,500,000","-9,600,000","-9,400,000","-9,300,000","-6,400,000","-5,800,000","-3,700,000","-3,300,000","-2,100,000","-900,000","-300,000",,,,,
BasicEPS,,"20.99","15.37","29.51","10.58","10.9","7.98","8.19","5.69","7.25","6.12","1.77","4.23","7.58","5.5","5.12","4.44","1.62","3.64","3.66","2.36","2.41","2.53","1.88","1.59","1.49","2.04","1.89","0.74","1.09","0.79","0.92","0.66","0.98","1.44","0.89","1.02","4.92","2.02","0.81","0.12",,"-0.68","-0.69","-0.49","-0.17","-0.41","-0.31","-0.38",,"-0.01","-0.19","-0.22",,"-0.27","-0.23","-0.15",,"-0.54","-0.41","-0.46",,"-0.48","-0.41","-0.36",,"-0.62","-0.48","-0.07",,"-0.2","-0.26","1.17",,"-0.52","-0.58","-0.68",,"-0.75","-0.69","-0.58",,"-0.46","-0.34","-0.35",,"-0.09","-0.08","-0.23",,"-0.16","-0.25","-0.29",,"-0.04","0.07","-0.12",,"-0.06","-0.16","-0.23",,"-0.35","-0.31","-0.35",,"-0.37","-0.22","-0.22",,"-0.21","-0.54","-0.57",,"-0.58","-0.61","-0.61",,"-0.38","-0.24","-0.21",,"-0.06","-0.02","-0.07",,"-0.16","-0.16","-0.15"
DilutedEPS,,"19.69","14.33","27.97","10.09","10.24","7.39","7.61","5.43","6.93","5.86","1.68","3.99","7.15","5.17","4.82","4.16","1.5","3.32","3.34","2.16","2.19","2.27","1.69","1.45","1.34","1.82","1.69","0.66","0.96","0.7","0.82","0.58","0.86","1.25","0.79","0.9","4.08","1.72","0.7","0.11",,"-0.68","-0.69","-0.49","-0.17","-0.41","-0.31","-0.38",,"-0.01","-0.19","-0.22",,"-0.27","-0.23","-0.15",,"-0.54","-0.41","-0.46",,"-0.48","-0.41","-0.36",,"-0.62","-0.48","-0.07",,"-0.2","-0.26","1.06",,"-0.52","-0.58","-0.68",,"-0.75","-0.69","-0.58",,"-0.46","-0.34","-0.35",,"-0.09","-0.08","-0.23",,"-0.16","-0.25","-0.29",,"-0.04","0.07","-0.12",,"-0.06","-0.16","-0.23",,"-0.35","-0.31","-0.35",,"-0.37","-0.22","-0.22",,"-0.21","-0.54","-0.57",,"-0.58","-0.61","-0.61",,"-0.38","-0.24","-0.21",,"-0.06","-0.02","-0.07",,"-0.16","-0.16","-0.15"
BasicAverageShares,,"106,200,000","106,200,000","105,000,000","105,400,000","105,400,000","105,500,000","109,600,000","109,800,000","109,200,000","109,400,000","109,200,000","108,900,000","108,200,000","108,033,000","107,800,000","107,648,000","107,022,000","106,706,000","106,034,000","105,572,000","105,113,000","104,833,000","104,633,000","104,290,000","103,765,000","103,348,000","102,886,000","102,227,000","101,467,000","100,796,000","100,391,000","98,709,000","98,862,000","98,226,000","97,700,000","96,878,000","95,691,000","95,012,000","94,589,000","93,446,000",,"91,046,000","90,436,000","89,162,000","87,405,000","81,638,000","81,492,000","81,169,000",,"79,866,000","79,626,000","79,498,000",,"78,937,000","78,689,000","78,493,000",,"66,069,000","65,950,000","65,563,000",,"57,011,000","56,915,000","56,727,000",,"55,978,000","55,917,000","55,815,000",,"55,468,000","55,383,000","55,283,000",,"52,692,308","49,544,828","44,279,412",,"43,754,667","44,091,304","43,870,690",,"43,328,261","43,629,412","37,248,571",,"35,677,778","36,837,500","31,817,391",,"30,625,000","31,200,000","30,689,655",,"35,000,000","30,000,000","31,666,667",,"31,666,667","26,875,000","25,652,174",,"25,428,571","24,516,129","22,285,714",,"19,189,189","20,000,000","19,090,909",,"19,047,619","18,888,889","18,771,930",,"16,551,724","15,409,836","15,245,902",,"15,263,158","15,416,667","15,714,286",,"15,000,000","15,000,000","15,364,000",,,,
DilutedAverageShares,,"113,200,000","113,900,000","110,800,000","110,500,000","112,200,000","113,900,000","117,900,000","115,100,000","114,300,000","114,200,000","114,600,000","115,500,000","114,800,000","115,088,000","114,477,000","114,906,000","115,876,000","117,028,000","116,137,000","115,106,000","115,788,000","116,466,000","116,231,000","114,228,000","115,496,000","115,944,000","115,259,000","114,519,000","114,246,000","117,423,000","113,032,000","112,151,000","112,557,000","116,713,000","111,060,000","109,369,000","117,237,000","115,830,000","110,167,000","107,734,000",,"91,046,000","90,436,000","89,162,000","87,405,000","81,638,000","81,492,000","81,169,000",,"79,866,000","79,626,000","79,498,000",,"78,937,000","78,689,000","78,493,000",,"66,069,000","65,950,000","65,563,000",,"57,011,000","56,915,000","56,727,000",,"55,978,000","55,917,000","55,815,000",,"55,468,000","55,383,000","63,620,000",,"52,692,308","49,544,828","44,279,412",,"43,754,667","44,091,304","43,870,690",,"43,328,261","43,629,412","37,248,571",,"35,677,778","36,837,500","31,817,391",,"30,625,000","31,200,000","30,689,655",,"35,000,000","30,000,000","31,666,667",,"31,666,667","26,875,000","25,652,174",,"25,428,571","24,516,129","22,285,714",,"19,189,189","20,000,000","19,090,909",,"19,047,619","18,888,889","18,771,930",,"16,551,724","15,409,836","15,245,902",,"15,263,158","15,416,667","15,714,286",,"15,000,000","15,000,000","15,364,000",,,,
TotalOperatingIncomeAsReported,"8,946,800,000","2,639,700,000","1,847,200,000","3,347,200,000","1,112,700,000","1,167,000,000","1,053,100,000","656,400,000","700,100,000","675,700,000","738,500,000","315,600,000","480,000,000","718,058,000","626,923,000","622,188,000","567,231,000","538,811,000","559,926,000","550,312,000","430,542,000","347,003,000","362,802,000","291,628,000","329,308,000","231,082,000","392,422,000","344,859,000","283,553,000","247,367,000","182,719,000","222,406,000","185,939,000","212,073,000","236,802,000","158,103,000","153,050,000","145,670,000","202,364,000","87,478,000","22,201,000","-45,402,000","-58,457,000","-60,319,000","-40,981,000","-12,777,000","-32,094,000","-23,724,000","-28,659,000","-39,408,000","-1,291,000","-16,266,000","-19,231,000","-34,599,000","-19,931,000","-19,389,000","-15,911,000","-11,534,000","-38,667,000","-30,604,000","-33,649,000","-33,486,000","-28,257,000","-24,249,000","-21,663,000","219,315,000","-34,387,000","-32,167,000","-28,340,000","3,974,000","-9,479,000","-12,643,000","23,794,000","-17,139,000","-25,703,000","-26,932,000","-28,379,000","-34,634,000","-32,176,000","-29,950,000","-25,193,000","-29,593,000","-23,294,000","-18,085,000","-11,939,000","-9,510,000","-4,582,000","-3,975,000","-8,480,000","-700,000","-5,100,000","-8,400,000","-9,300,000","-6,200,000","-2,400,000","700,000","-4,900,000","1,200,000","-1,100,000","-3,700,000","-4,100,000","-4,500,000","-4,400,000","-3,700,000","-4,700,000","-2,700,000","-2,400,000","-1,300,000","-2,100,000","-5,100,000","-3,700,000","-10,000,000","-10,400,000","-11,200,000","-9,300,000","-9,800,000","-9,200,000","-6,100,000","-5,600,000","-3,500,000","-3,200,000","-3,700,000","-2,500,000","-2,000,000",,,,,
TotalExpenses,"7,124,900,000","2,312,000,000","1,605,600,000","1,791,300,000","1,416,000,000","1,255,900,000","1,240,900,000","1,295,600,000","1,128,100,000","1,493,800,000","1,309,900,000","1,618,100,000","1,231,800,000","1,209,739,000","1,036,573,000","985,834,000","944,254,000","1,043,636,000","940,747,000","919,804,000","888,449,000","879,824,000","857,320,000","921,001,000","871,541,000","866,995,000","745,000,000","653,758,000","586,059,000","554,962,000","543,069,000","443,294,000","439,801,000","398,339,000","360,225,000","299,539,000","286,614,000","268,932,000","225,323,000","216,921,000","209,588,000","168,379,000","161,290,000","168,129,000","153,185,000","146,452,000","138,073,000","139,610,000","132,193,000","136,208,000","118,746,000","106,298,000","94,212,000","90,436,000","85,515,000","80,042,000","72,294,000","76,264,000","60,978,000","52,799,000","49,437,000","43,832,000","43,881,000","43,507,000","39,882,000","-201,891,000","50,581,000","48,533,000","44,549,000","43,116,000","45,998,000","41,061,000","38,196,000","38,411,000","43,095,000","37,464,000","38,515,000","39,546,000","38,742,000","35,519,000","30,134,000","33,994,000","28,774,000","23,864,000","21,024,000","28,926,000","19,488,000","18,431,000","18,978,000","12,600,000","16,400,000","14,300,000","14,800,000","13,600,000","13,200,000","12,800,000","11,400,000","10,200,000","10,000,000","10,300,000","10,300,000","11,000,000","10,600,000","9,900,000","9,900,000","8,500,000","8,600,000","8,900,000","9,000,000","12,800,000","12,600,000","13,600,000","13,400,000","14,100,000","12,900,000","11,100,000","11,300,000","8,400,000","8,000,000","6,700,000","6,700,000","5,700,000","4,400,000","3,700,000",,,,,
NetIncomeFromContinuingAndDiscontinuedOperation,"8,075,300,000","2,229,000,000","1,632,200,000","3,098,900,000","1,115,200,000","1,149,200,000","842,100,000","897,300,000","624,600,000","792,000,000","669,600,000","193,100,000","461,100,000","820,353,000","594,655,000","551,412,000","477,980,000","173,519,000","388,317,000","387,744,000","248,931,000","253,115,000","264,804,000","196,218,000","165,736,000","154,994,000","210,398,000","194,643,000","76,021,000","110,176,000","79,720,000","92,735,000","65,443,000","96,806,000","141,306,000","87,376,000","98,874,000","470,407,000","191,468,000","76,743,000","11,651,000","-53,443,000","-62,365,000","-62,505,000","-43,447,000","-14,597,000","-33,875,000","-25,474,000","-30,522,000","-36,489,000","-1,015,000","-14,938,000","-17,481,000","-31,518,000","-21,115,000","-18,459,000","-11,618,000","-13,071,000","-35,838,000","-26,774,000","-29,917,000","-30,971,000","-27,410,000","-23,576,000","-21,193,000","-29,672,000","-34,652,000","-26,999,000","-4,123,000","2,792,000","-11,076,000","-14,549,000","64,532,000","-19,377,000","-27,400,000","-28,736,000","-30,110,000","-35,693,000","-32,816,000","-30,423,000","-25,445,000","-28,378,000","-19,931,000","-14,834,000","-13,037,000","-9,739,000","-3,211,000","-2,947,000","-7,318,000","-1,400,000","-4,900,000","-7,800,000","-8,900,000","-5,500,000","-1,400,000","2,100,000","-3,800,000","500,000","-1,900,000","-4,300,000","-5,900,000","-8,100,000","-8,900,000","-7,600,000","-7,800,000","-7,800,000","-7,100,000","-4,400,000","-4,200,000","-5,800,000","-4,000,000","-10,200,000","-10,700,000","-11,500,000","-9,600,000","-9,400,000","-9,300,000","-6,400,000","-5,800,000","-3,700,000","-3,300,000","-2,100,000","-900,000","-300,000",,,,,
NormalizedIncome,"8,075,300,000","2,229,000,000","1,632,200,000","3,098,900,000","1,115,200,000","1,149,200,000","842,100,000","897,300,000","624,600,000","792,000,000","669,600,000","193,100,000","461,100,000","820,353,000","594,655,000","551,412,000","477,980,000","173,519,000","388,317,000","387,744,000","248,931,000","253,115,000","262,414,076","194,338,529","164,386,600","155,119,474.158","208,848,800","203,112,000","76,537,600","123,000,500","78,035,850","98,656,500","64,833,950","98,274,350","140,919,132","86,755,900","98,556,168","470,157,400","190,951,000","76,417,350","11,254,500","-54,232,910.041","-62,829,750","-63,489,408.376","-44,478,869.981","-15,011,700","-34,169,450","-25,858,800","-30,807,350","-36,985,870.725","-1,872,000","-15,801,200","-18,618,500","-34,106,217.577","-23,498,550","-20,801,600","-16,365,600","-14,028,450","-39,634,000","-31,220,650","-34,299,950","-30,971,000","-27,410,000","-23,576,000","-21,193,000","-31,391,600","-36,299,600","-31,906,400","-20,461,000","1,692,800","-11,926,200","-15,212,000","38,207,600","-19,897,800","-28,171,000","-29,396,600","-30,834,800","-36,733,400","-34,242,200","-31,955,400","-27,107,000","-29,989,600","-21,828,200","-16,810,400","-14,069,600","-3,920,800","-4,069,600","-3,625,600","-8,053,600","-1,100,000","-5,020,000","-8,220,000","-9,200,000","-5,920,000","-2,060,000","1,200,000","-4,460,000","860,000","-1,480,000","-4,000,000","-4,880,000","-5,940,000","-6,320,000","-5,440,000","-6,120,000","-4,860,000","-4,400,000","-2,720,000","-3,180,000","-5,800,000","-4,000,000","-10,200,000","-10,700,000","-11,500,000","-9,600,000","-9,820,000","-9,300,000","-6,400,000","-5,800,000","-3,700,000","-3,300,000","-3,060,000","-1,980,000","-1,200,000",,,,,
InterestExpense,"57,300,000","14,100,000","14,200,000","14,400,000","14,600,000","14,800,000","26,300,000","9,700,000","6,100,000","6,700,000","7,800,000","8,000,000","7,700,000","7,349,000","7,494,000","6,918,000","6,439,000","6,035,000","6,182,000","5,401,000","7,501,000","3,394,000","222,000","2,173,000","1,406,000","3,609,000","1,715,000","2,748,000","6,169,000","6,350,000","9,232,000","10,177,000","11,613,000","11,661,000","11,736,000","11,365,000","11,675,000","11,495,000","11,413,000","11,236,000","11,160,000","9,455,000","4,061,000","4,047,000","3,719,000","2,458,000","2,234,000","2,342,000","2,084,000","1,756,000","581,000","0","0",,,,,,,,,,,,,,,,,,,,,,,,,,,,,,,,,,,,,,,,,,,,,,,,,,,,,,,,,,,,,,,,,,,,,,,,,,,,
NetInterestIncome,"-57,300,000","-14,100,000","-14,200,000","-14,400,000","-14,600,000","-14,800,000","-26,300,000","-9,700,000","-6,100,000","-6,700,000","-7,800,000","-8,000,000","-7,700,000","-7,349,000","-7,494,000","-6,918,000","-6,439,000","-6,035,000","-6,182,000","-5,401,000","-7,501,000","-3,394,000","-222,000","-2,173,000","-1,406,000","-3,609,000","-1,715,000","-2,748,000","-6,169,000","-6,350,000","-9,232,000","-10,177,000","-11,613,000","-11,661,000","-11,736,000","-11,365,000","-11,675,000","-11,495,000","-11,413,000","-11,236,000","-11,160,000","-9,455,000","-4,061,000","-4,047,000","-3,719,000","-2,458,000","-2,234,000","-2,342,000","-2,084,000","-1,756,000","-581,000","0","0",,,,,,,,,,,,,,,,,,,,,,,,,,,,,,,,,,,,,,,,,,,,,,,,,,,,,,,,,,,,,,,,,,,,,,,,,,,,
EBIT,"9,383,100,000","2,517,500,000","1,830,800,000","3,767,200,000","1,267,600,000","1,239,400,000","1,024,600,000","928,600,000","674,700,000","896,500,000","776,300,000","232,700,000","553,800,000","683,516,000","643,355,000","662,992,000","591,837,000","560,802,000","571,787,000","531,251,000","439,790,000","344,921,000","366,103,000","294,429,000","331,557,000","230,898,000","395,004,000","330,744,000","282,692,000","227,637,000","185,310,000","213,296,000","186,876,000","209,814,000","237,420,000","159,057,000","153,506,000","146,054,000","202,881,000","87,979,000","22,811,000","-44,603,000","-57,742,000","-59,321,000","-39,944,000","-10,655,000","-32,094,000","-23,724,000","-28,220,000","-38,855,000","-434,000","-16,266,000","-19,231,000","-17,376,000","-19,931,000","-19,389,000","-15,911,000","-11,534,000","-38,667,000","-30,604,000","-33,649,000","-33,486,000","-28,257,000","-24,249,000","-21,663,000","219,315,000","-34,387,000","-32,167,000","-28,340,000","3,974,000","-9,479,000","-12,643,000","23,794,000","-17,139,000","-25,703,000","-26,932,000","-28,379,000","-34,634,000","-32,176,000","-29,950,000","-25,193,000","-29,593,000","-23,294,000","-18,085,000","-11,939,000","-9,510,000","-4,582,000","-3,975,000","-8,480,000","-700,000","-5,100,000","-8,400,000","-9,300,000","-6,200,000","-2,400,000","700,000","-4,900,000","1,200,000","-1,100,000","-3,700,000","-4,100,000","-4,500,000","-4,400,000","-3,700,000","-4,700,000","-2,700,000","-2,400,000","-1,300,000","-2,100,000","-5,100,000","-3,700,000","-10,000,000","-10,400,000","-11,200,000","-9,300,000","-9,800,000","-9,200,000","-6,100,000","-5,600,000","-3,500,000","-3,200,000","-3,700,000","-2,500,000","-2,000,000","2,000,000","-7,000,000","1,300,000","1,200,000","1,200,000"
EBITDA,"9,669,300,000"
ReconciledCostOfRevenue,"2,437,500,000","982,600,000","453,200,000","693,700,000","308,000,000","353,100,000","274,000,000","275,500,000","217,300,000","223,900,000","226,600,000","152,500,000","179,200,000","117,172,000","110,369,000","91,661,000","114,898,000","105,740,000","104,232,000","102,921,000","84,168,000","74,681,000","44,228,000","69,033,000","111,752,000","110,831,000","109,083,000","88,840,000","83,955,000","59,474,000","55,593,000","46,379,000","43,572,000","48,114,000","38,573,000","39,613,000","29,055,000","30,169,000","20,145,000","21,843,000","12,298,000","2,989,000","450,000","395,000","382,000","599,000","372,000","405,000","717,000","387,000","472,000","435,000","392,000","631,000","292,000",,,,,,,"430,000","3,054,000","2,810,000","1,852,000","2,145,000","3,246,000","1,675,000","2,491,000","3,474,000","8,986,000","529,000","2,225,000","907,000","4,844,000","259,000","666,000","1,726,000","1,637,000","1,861,000","1,259,000","1,162,000","1,274,000","1,885,000","2,188,000","8,738,000","2,512,000","1,265,000","3,051,000","100,000","1,000,000","1,100,000","1,300,000","1,600,000","1,300,000","1,300,000","900,000","900,000","900,000","500,000","500,000",,,,,,,,,,,,,,"10,500,000",,,,,,,"5,000,000","2,400,000","2,900,000",,,,,
ReconciledDepreciation,"286,200,000","74,500,000","73,200,000","71,100,000","67,400,000","61,700,000","59,300,000","58,800,000","56,100,000","54,300,000","52,900,000","52,100,000","51,000,000","42,759,000","35,441,000","33,642,000","36,358,000","34,507,000","37,719,000","35,126,000","38,115,000","28,900,000","27,839,000","25,029,000","22,977,000","22,910,000","20,674,000","15,298,000","16,027,000","14,135,000","14,005,000","13,016,000","11,530,000","11,292,000","10,803,000","9,702,000","9,407,000","9,778,000","9,329,000","9,417,000","8,416,000","7,926,000","8,276,000","7,902,000","6,978,000","6,086,000","4,894,000","4,524,000","4,183,000","4,935,000","3,590,000","2,998,000","2,724,000","2,626,000","2,774,000","2,941,000","2,946,000","2,899,000","2,859,000","2,874,000","2,855,000","3,396,000","3,708,000","3,690,000","3,798,000","3,880,000","3,935,000","3,831,000","3,858,000","3,916,000","3,876,000","3,797,000","3,773,000","4,314,000","3,656,000","2,679,000","2,288,000","2,049,000","2,169,000","2,228,000","2,008,000","1,810,000","1,519,000","1,419,000","1,329,000","1,296,000","1,154,000","1,045,000","926,000","900,000","900,000","900,000","700,000","700,000","700,000","700,000","900,000","1,100,000","900,000","1,200,000","1,200,000","1,600,000","1,500,000","1,500,000","1,500,000","1,300,000","1,600,000","1,400,000","1,600,000","1,200,000","1,100,000","1,000,000","900,000","900,000","800,000","700,000","700,000","600,000","500,000","500,000","400,000","300,000","200,000","200,000",,,,,
NetIncomeFromContinuingOperationNetMinorityInterest,"8,075,300,000","2,229,000,000","1,632,200,000","3,098,900,000","1,115,200,000","1,149,200,000","842,100,000","897,300,000","624,600,000","792,000,000","669,600,000","193,100,000","461,100,000","820,353,000","594,655,000","551,412,000","477,980,000","173,519,000","388,317,000","387,744,000","248,931,000","253,115,000","264,804,000","196,218,000","165,736,000","154,994,000","210,398,000","194,643,000","76,021,000","110,176,000","79,720,000","92,735,000","65,443,000","96,806,000","141,306,000","87,376,000","98,874,000","470,407,000","191,468,000","76,743,000","11,651,000","-53,443,000","-62,365,000","-62,505,000","-43,447,000","-14,597,000","-33,875,000","-25,474,000","-30,522,000","-36,489,000","-1,015,000","-14,938,000","-17,481,000","-31,518,000","-21,115,000","-18,459,000","-11,618,000","-13,071,000","-35,838,000","-26,774,000","-29,917,000","-30,971,000","-27,410,000","-23,576,000","-21,193,000","-29,672,000","-34,652,000","-26,999,000","-4,123,000","2,792,000","-11,076,000","-14,549,000","64,532,000","-19,377,000","-27,400,000","-28,736,000","-30,110,000","-35,693,000","-32,816,000","-30,423,000","-25,445,000","-28,378,000","-19,931,000","-14,834,000","-13,037,000","-8,176,000","-3,211,000","-2,947,000","-7,318,000","-1,400,000","-4,900,000","-7,800,000","-8,900,000","-5,500,000","-1,400,000","2,100,000","-3,800,000","500,000","-1,900,000","-4,300,000","-5,900,000","-8,100,000","-8,900,000","-7,600,000","-7,800,000","-7,800,000","-7,100,000","-4,400,000","-4,200,000","-5,800,000","-4,000,000","-10,200,000","-10,700,000","-11,500,000","-9,600,000","-9,400,000","-9,300,000","-6,400,000","-5,800,000","-3,700,000","-3,300,000","-2,100,000","-900,000","-300,000",,,,,
TotalUnusualItemsExcludingGoodwill,,,,,,,,,,,,,,,,,,,,,,,"3,301,000","2,801,000","2,249,000","-184,000","2,582,000","-14,115,000","-861,000","-19,730,000","2,591,000","-9,110,000","937,000","-2,259,000","618,000","954,000","456,000","384,000","517,000","501,000","610,000","799,000","715,000","998,000","1,037,000","638,000","453,000","592,000","439,000","553,000","857,000","1,328,000","1,750,000","2,648,000","3,667,000","3,604,000","7,304,000","1,473,000","5,840,000","6,841,000","6,743,000",,,,,"2,866,000","2,746,000","8,179,000","27,230,000","1,832,000","1,417,000","1,105,000","43,874,000","868,000","1,285,000","1,101,000","1,208,000","1,734,000","2,377,000","2,554,000","2,770,000","2,686,000","3,162,000","3,294,000","1,721,000","-7,092,000","1,431,000","1,131,000","1,226,000","-500,000","200,000","700,000","500,000","700,000","1,100,000","1,500,000","1,100,000","-600,000","-700,000","-500,000","-1,700,000","-3,600,000","-4,300,000","-3,600,000","-2,800,000","-4,900,000","-4,500,000","-2,800,000","-1,700,000",,,,,,,"700,000",,,,,,"1,600,000","1,800,000","1,500,000",,,,,
TotalUnusualItems,,,,,,,,,,,,,,,,,,,,,,,"3,301,000","2,801,000","2,249,000","-184,000","2,582,000","-14,115,000","-861,000","-19,730,000","2,591,000","-9,110,000","937,000","-2,259,000","618,000","954,000","456,000","384,000","517,000","501,000","610,000","799,000","715,000","998,000","1,037,000","638,000","453,000","592,000","439,000","553,000","857,000","1,328,000","1,750,000","2,648,000","3,667,000","3,604,000","7,304,000","1,473,000","5,840,000","6,841,000","6,743,000",,,,,"2,866,000","2,746,000","8,179,000","27,230,000","1,832,000","1,417,000","1,105,000","43,874,000","868,000","1,285,000","1,101,000","1,208,000","1,734,000","2,377,000","2,554,000","2,770,000","2,686,000","3,162,000","3,294,000","1,721,000","-7,092,000","1,431,000","1,131,000","1,226,000","-500,000","200,000","700,000","500,000","700,000","1,100,000","1,500,000","1,100,000","-600,000","-700,000","-500,000","-1,700,000","-3,600,000","-4,300,000","-3,600,000","-2,800,000","-4,900,000","-4,500,000","-2,800,000","-1,700,000",,,,,,,"700,000",,,,,,"1,600,000","1,800,000","1,500,000",,,,,
NormalizedEBITDA,"9,669,300,000","2,592,000,000","1,904,000,000","3,838,300,000","1,335,000,000","1,301,100,000","1,083,900,000","987,400,000","730,800,000","950,800,000","829,200,000","284,800,000","604,800,000","726,275,000","678,796,000","696,634,000","628,195,000","595,309,000","609,506,000","566,377,000","477,905,000","373,821,000","390,641,000","316,657,000","352,285,000","253,992,000","413,096,000","360,157,000","299,580,000","261,502,000","196,724,000","235,422,000","197,469,000","223,365,000","247,605,000","167,805,000","162,457,000","155,448,000","211,693,000","96,895,000","30,617,000","-37,476,000","-50,181,000","-52,417,000","-34,003,000","-5,207,000","-27,653,000","-19,792,000","-24,476,000","-34,473,000","2,299,000","-14,596,000","-18,257,000","-17,398,000","-20,824,000","-20,052,000","-20,269,000","-10,108,000","-41,648,000","-34,571,000","-37,537,000","-30,090,000","-24,549,000","-20,559,000","-17,865,000","220,329,000","-33,198,000","-36,515,000","-51,712,000","6,058,000","-7,020,000","-9,951,000","-16,307,000","-13,693,000","-23,332,000","-25,354,000","-27,299,000","-34,319,000","-32,384,000","-30,276,000","-25,955,000","-30,469,000","-24,937,000","-19,960,000","-12,331,000","-1,122,000","-4,859,000","-4,061,000","-8,780,000","700,000","-4,400,000","-8,200,000","-9,100,000","-6,200,000","-2,800,000","0","-5,100,000","2,900,000","600,000","-2,000,000","-1,200,000","700,000","1,400,000","1,400,000","-400,000","3,500,000","3,700,000","3,000,000","1,200,000","-3,900,000","-2,600,000","-9,000,000","-9,500,000","-10,300,000","-8,500,000","-9,800,000","-8,500,000","-5,500,000","-5,100,000","-3,000,000","-2,800,000","-5,000,000","-4,100,000","-3,300,000","2,000,000","-7,000,000","1,300,000","1,200,000","1,200,000"
TaxRateForCalcs,"0.134","0.11","0.102","0.174","0.11","0.062","0.156","0.024","0.066","0.11","0.129","0.141","0.156","0.27","0.065","0.16","0.183","0.4","0.313","0.263","0.4","0.259","0.276","0.329","0.4","0.318","0.4","0.4","0.4","0.35","0.35","0.35","0.35","0.35","0.374","0.35","0.303","0.35","0","0.35","0.35","0.011","0.35","0.014","0.005","0.35","0.35","0.35","0.35","0.102","0","0.35","0.35","0.023","0.35","0.35","0.35","0.35","0.35","0.35","0.35","0.4","0.4","0.4","0.4","0.4","0.4","0.4","0.4","0.4","0.4","0.4","0.4","0.4","0.4","0.4","0.4","0.4","0.4","0.4","0.4","0.4","0.4","0.4","0.4","0.4","0.4","0.4","0.4","0.4","0.4","0.4","0.4","0.4","0.4","0.4","0.4","0.4","0.4","0.4","0.4","0.4","0.4","0.4","0.4","0.4","0.4","0.4","0.4","0.4","0.4","0.4","0.4","0.4","0.4","0.4","0.4","0.4","0.4","0.4","0.4","0.4","0.4","0.4",,,,,
TaxEffectOfUnusualItems,"0","0","0","0","0","0","0","0","0","0","0","0","0","0","0","0","0","0","0","0","0","0","911,076","921,529","899,600","-58,525.842","1,032,800","-5,646,000","-344,400","-6,905,500","906,850","-3,188,500","327,950","-790,650","231,132","333,900","138,168","134,400","0","175,350","213,500","9,089.959","250,250","13,591.624","5,130.019","223,300","158,550","207,200","153,650","56,129.275","0","464,800","612,500","59,782.423","1,283,450","1,261,400","2,556,400","515,550","2,044,000","2,394,350","2,360,050","0","0","0","0","1,146,400","1,098,400","3,271,600","10,892,000","732,800","566,800","442,000","17,549,600","347,200","514,000","440,400","483,200","693,600","950,800","1,021,600","1,108,000","1,074,400","1,264,800","1,317,600","688,400","-2,836,800","572,400","452,400","490,400","-200,000","80,000","280,000","200,000","280,000","440,000","600,000","440,000","-240,000","-280,000","-200,000","-680,000","-1,440,000","-1,720,000","-1,440,000","-1,120,000","-1,960,000","-1,800,000","-1,120,000","-680,000","0","0","0","0","0","0","280,000","0","0","0","0","0","640,000","720,000","600,000",,,,,