name,ttm,12/31/2021,09/30/2021,06/30/2021,03/31/2021,12/31/2020,09/30/2020,06/30/2020,03/31/2020,12/31/2019,09/30/2019,06/30/2019,03/31/2019,12/31/2018,09/30/2018,06/30/2018,03/31/2018,12/31/2017,09/30/2017,06/30/2017,03/31/2017,12/31/2016,09/30/2016,06/30/2016,03/31/2016,12/31/2015,09/30/2015,06/30/2015,03/31/2015,12/31/2014,09/30/2014,06/30/2014,03/31/2014,12/31/2013,09/30/2013,06/30/2013,03/31/2013,12/31/2012,09/30/2012,06/30/2012,03/31/2012,12/31/2011,09/30/2011,06/30/2011,03/31/2011,12/31/2010,09/30/2010,06/30/2010,03/31/2010,12/31/2009,09/30/2009,06/30/2009,03/31/2009,12/31/2008,09/30/2008,06/30/2008,03/31/2008,12/31/2007,09/30/2007,06/30/2007,03/31/2007,12/31/2006,09/30/2006,06/30/2006,03/31/2006,12/31/2005,09/30/2005,06/30/2005,03/31/2005,12/31/2004,09/30/2004,06/30/2004,03/31/2004,12/31/2003,09/30/2003,06/30/2003,03/31/2003,12/31/2002,09/30/2002,06/30/2002,03/31/2002,12/31/2001,09/30/2001,06/30/2001,03/31/2001,12/31/2000,09/30/2000,06/30/2000,03/31/2000,12/31/1999,09/30/1999,06/30/1999,03/31/1999,12/31/1998,09/30/1998,06/30/1998,03/31/1998,12/31/1997,09/30/1997,06/30/1997,03/31/1997,12/31/1996,09/30/1996,06/30/1996,03/31/1996,12/31/1995,09/30/1995,06/30/1995,03/31/1995,12/31/1994,09/30/1994,06/30/1994,03/31/1994,12/31/1993,09/30/1993,06/30/1993,03/31/1993,12/31/1992,09/30/1992,06/30/1992,03/31/1992,12/31/1991,09/30/1991,06/30/1991,03/31/1991,12/31/1990,09/30/1990,06/30/1990,03/31/1990,12/31/1989,09/30/1989,06/30/1989,03/31/1989,12/31/1988,09/30/1988,06/30/1988,03/31/1988,12/31/1987,09/30/1987,06/30/1987,03/31/1987,12/31/1986,09/30/1986,06/30/1986,03/31/1986,12/31/1985,09/30/1985
TotalRevenue,"6,461,444,000","1,769,917,000","1,712,566,000","1,580,581,000","1,398,380,000","1,304,086,000","1,189,897,000","1,108,326,000","1,506,691,000","1,537,385,000","1,552,132,000","1,516,385,000","1,468,530,000","1,481,658,000","1,466,226,000","1,457,054,000","1,395,333,000","1,346,282,000","1,324,709,000","1,308,428,000","1,287,370,000","1,265,073,000","1,338,541,000","1,344,160,000","1,302,625,000","1,304,594,000","1,312,718,000","1,272,058,000","1,205,563,000","1,221,450,000","1,224,308,000","1,164,914,000","1,084,342,000","1,083,864,000","1,075,119,000","1,063,228,000","1,023,684,000","1,034,213,000","1,033,173,000","1,028,383,000","1,015,444,000","973,473,000","984,668,000","937,966,000","880,869,000","851,572,000","817,258,000","769,090,000","737,173,000","737,423,000","725,912,000","749,887,000","823,325,000","989,837,000","1,160,086,000","1,224,641,000","1,225,990,000","1,220,068,000","1,179,045,000","1,149,128,000","1,097,425,000","1,060,234,000","1,027,563,000","981,825,000","943,924,000","884,765,000","867,015,000","816,711,000","769,948,000","754,197,000","707,987,000","641,230,000","572,282,000","517,664,000","501,137,000","482,962,000","473,228,000","478,581,000","484,778,000","473,121,000","468,471,000","510,483,000","574,690,000","648,404,000","719,273,000","705,888,000","689,585,000","671,000,000","632,846,000","569,800,000","529,500,000","497,100,000","485,000,000","478,900,000","470,700,000","442,200,000","401,300,000","368,500,000","339,800,000","311,600,000","283,000,000","258,800,000","233,000,000","210,600,000","196,200,000","175,900,000","159,300,000","148,600,000","144,700,000","125,000,000","114,900,000","106,500,000","99,900,000","87,100,000","77,100,000","72,400,000","69,600,000","59,000,000","55,100,000","53,400,000","52,700,000","50,900,000","50,900,000","51,400,000","56,300,000","59,100,000","60,100,000","62,800,000","66,600,000","60,200,000","58,600,000","57,600,000","58,100,000","47,400,000","45,600,000","44,000,000","45,100,000","26,500,000","26,400,000","26,400,000","26,400,000","1,900,000","1,800,000","1,800,000","1,800,000","4,800,000","9,400,000"
	OperatingRevenue,"6,461,444,000","1,769,917,000","1,712,566,000","1,580,581,000","1,398,380,000","1,304,086,000","1,189,897,000","1,108,326,000","1,506,691,000","1,537,385,000","1,552,132,000","1,516,385,000","1,468,530,000","1,481,658,000","1,466,226,000","1,457,054,000","1,395,333,000","1,346,282,000","1,324,709,000","1,308,428,000","1,287,370,000","1,265,073,000","1,338,541,000","1,344,160,000","1,302,625,000","1,304,594,000","1,312,718,000","1,272,058,000","1,205,563,000","1,221,450,000","1,224,308,000","1,164,914,000","1,084,342,000","1,083,864,000","1,075,119,000","1,063,228,000","1,023,684,000","1,034,213,000","1,033,173,000","1,028,383,000","1,015,444,000","973,473,000","984,668,000","937,966,000","880,869,000","851,572,000","817,258,000","769,090,000","737,173,000","737,423,000","725,912,000","749,887,000","823,325,000","989,837,000","1,160,086,000","1,224,641,000","1,225,990,000","1,220,068,000","1,179,045,000","1,149,128,000","1,097,425,000","1,060,234,000","1,027,563,000","981,825,000","943,924,000","884,765,000","867,015,000","816,711,000","769,948,000","754,197,000","707,987,000","641,230,000","572,282,000","517,664,000","501,137,000","482,962,000","473,228,000","478,581,000","484,778,000","473,121,000","468,471,000","510,483,000","574,690,000","648,404,000","719,273,000","705,888,000","689,585,000","671,000,000","632,846,000","569,800,000","529,500,000","497,100,000","485,000,000","478,900,000","470,700,000","442,200,000","401,300,000","368,500,000","339,800,000","311,600,000","283,000,000","258,800,000","233,000,000","210,600,000","196,200,000","175,900,000","159,300,000","148,600,000","144,700,000","125,000,000","114,900,000","106,500,000","99,900,000","87,100,000","77,100,000","72,400,000","69,600,000","59,000,000","55,100,000","53,400,000","52,700,000","50,900,000","50,900,000","51,400,000","56,300,000","59,100,000","60,100,000","62,800,000","66,600,000","60,200,000","58,600,000","57,600,000","58,100,000","47,400,000","45,600,000","44,000,000","45,100,000","26,500,000","26,400,000","26,400,000","26,400,000","1,900,000","1,800,000","1,800,000","1,800,000","4,800,000","9,400,000"
CostOfRevenue,"3,765,416,000","1,025,798,000","987,239,000","915,709,000","836,669,000","789,759,000","722,551,000","685,249,000","895,974,000","898,441,000","905,686,000","878,844,000","860,942,000","861,596,000","855,758,000","849,936,000","822,967,000","793,136,000","778,309,000","769,990,000","761,542,000","745,871,000","786,032,000","787,167,000","770,653,000","764,513,000","762,917,000","741,556,000","711,476,000","720,693,000","719,088,000","686,470,000","645,847,000","640,648,000","637,641,000","631,120,000","613,394,000","617,788,000","617,924,000","613,080,000","613,361,000","586,151,000","592,765,000","565,678,000","542,780,000","524,665,000","508,118,000","479,232,000","469,045,000","458,940,000","459,501,000","484,830,000","529,597,000","587,451,000","676,513,000","708,017,000","715,002,000","696,447,000","678,252,000","656,443,000","636,696,000","609,184,000","595,566,000","563,823,000","550,720,000","517,841,000","511,005,000","480,430,000","456,114,000","450,889,000","425,652,000","386,598,000","356,255,000","325,064,000","314,026,000","305,587,000","303,576,000","307,301,000","309,342,000","290,003,000","283,570,000","308,219,000","344,125,000","375,641,000","408,287,000","387,598,000","380,729,000","369,127,000","349,620,000","321,600,000","298,700,000","284,500,000","280,400,000","279,500,000","275,500,000","259,900,000","236,400,000","218,500,000","201,200,000","184,400,000","168,500,000","155,700,000","139,400,000","125,400,000","118,400,000","106,700,000","96,300,000","90,100,000","87,900,000","76,000,000","69,700,000","64,400,000","60,700,000","53,700,000","47,000,000","43,400,000","41,600,000","35,600,000","32,700,000","30,900,000","30,200,000","28,700,000","28,400,000","27,700,000","30,100,000","31,500,000","30,800,000","31,800,000","34,200,000","30,600,000","29,400,000",,,,,,,,,,,,,,,,
GrossProfit,"2,696,028,000","744,119,000","725,327,000","664,872,000","561,711,000","514,327,000","467,346,000","423,077,000","610,717,000","638,944,000","646,446,000","637,541,000","607,588,000","620,062,000","610,468,000","607,118,000","572,366,000","553,146,000","546,400,000","538,438,000","525,828,000","519,202,000","552,509,000","556,993,000","531,972,000","540,081,000","549,801,000","530,502,000","494,087,000","500,757,000","505,220,000","478,444,000","438,495,000","443,216,000","437,478,000","432,108,000","410,290,000","416,425,000","415,249,000","415,303,000","402,083,000","387,322,000","391,903,000","372,288,000","338,089,000","326,907,000","309,140,000","289,858,000","268,128,000","278,483,000","266,411,000","265,057,000","293,728,000","402,386,000","483,573,000","516,624,000","510,988,000","523,621,000","500,793,000","492,685,000","460,729,000","451,050,000","431,997,000","418,002,000","393,204,000","366,924,000","356,010,000","336,281,000","313,834,000","303,308,000","282,335,000","254,632,000","216,027,000","192,600,000","187,111,000","177,375,000","169,652,000","171,280,000","175,436,000","183,118,000","184,901,000","202,264,000","230,565,000","272,763,000","310,986,000","318,290,000","308,856,000","301,873,000","283,226,000","248,200,000","230,800,000","212,600,000","204,600,000","199,400,000","195,200,000","182,300,000","164,900,000","150,000,000","138,600,000","127,200,000","114,500,000","103,100,000","93,600,000","85,200,000","77,800,000","69,200,000","63,000,000","58,500,000","56,800,000","49,000,000","45,200,000","42,100,000","39,200,000","33,400,000","30,100,000","29,000,000","28,000,000","23,400,000","22,400,000","22,500,000","22,500,000","22,200,000","22,500,000","23,700,000","26,200,000","27,600,000","29,300,000","31,000,000","32,400,000","29,600,000","29,200,000",,,,,,,,,,,,,,,,
OperatingExpense,"1,953,523,000","545,068,000","496,148,000","488,669,000","423,638,000","425,379,000","391,133,000","365,158,000","479,911,000","486,054,000","483,894,000","478,480,000","461,701,000","466,524,000","459,759,000","458,049,000","438,462,000","424,799,000","414,660,000","408,086,000","400,550,000","394,814,000","406,468,000","407,810,000","398,362,000","395,916,000","390,735,000","381,355,000","365,985,000","367,590,000","366,967,000","355,015,000","336,719,000","339,551,000","333,998,000","331,748,000","321,218,000","319,513,000","321,130,000","343,316,000","322,053,000","315,514,000","319,856,000","311,242,000","293,725,000","282,759,000","272,024,000","267,565,000","255,937,000","256,253,000","249,151,000","255,287,000","277,668,000","335,674,000","374,738,000","394,011,000","395,072,000","394,665,000","381,779,000","375,454,000","348,653,000","331,811,000","316,963,000","308,401,000","287,628,000","263,751,000","253,538,000","244,145,000","230,389,000","222,218,000","212,254,000","199,715,000","191,220,000","185,294,000","178,888,000","177,761,000","175,683,000","183,473,000","181,416,000","179,423,000","171,511,000","183,315,000","195,293,000","213,885,000","236,320,000","244,154,000","234,119,000","228,410,000","214,374,000","187,100,000","175,300,000","158,200,000","146,900,000","141,300,000","138,400,000","129,400,000","117,200,000","105,500,000","98,000,000","90,500,000","81,400,000","73,900,000","67,200,000","61,600,000","55,700,000","49,800,000","45,400,000","42,500,000","41,200,000","35,900,000","33,300,000","30,800,000","28,900,000","26,300,000","23,300,000","22,700,000","22,500,000","20,600,000","19,200,000","19,200,000","19,500,000","18,800,000","19,000,000","20,200,000","22,000,000","24,500,000","23,700,000","24,300,000","24,200,000","21,900,000","21,700,000",,,,,,,,,,,,,,,,
	SellingGeneralAndAdministration,"1,951,282,000","544,551,000","495,576,000","488,093,000","423,062,000","425,162,000","390,799,000","364,828,000","479,573,000","485,715,000","483,555,000","478,139,000","461,359,000","466,153,000","459,330,000","457,607,000","437,999,000","424,383,000","414,179,000","407,721,000","400,249,000","394,505,000","406,142,000","407,496,000","398,074,000","395,724,000","390,735,000","381,355,000","365,985,000","367,590,000","366,967,000","354,791,000","336,386,000","339,151,000","333,565,000","331,314,000","320,785,000","319,302,000","321,030,000","343,264,000","322,018,000","315,479,000","319,817,000","311,202,000","293,686,000","283,868,000","271,978,000","267,519,000","255,668,000","255,972,000","248,870,000","255,007,000","277,050,000","334,895,000","374,120,000","393,393,000","394,431,000","393,911,000","381,031,000","374,636,000","348,379,000","331,565,000","316,732,000","308,173,000","287,482,000","263,657,000","253,445,000","244,071,000","230,315,000","222,119,000","212,155,000","198,977,000","191,131,000","183,342,000","176,097,000","175,002,000","172,908,000","180,736,000","178,731,000","178,564,000","171,511,000","181,982,000","193,960,000","212,552,000","234,984,000","228,842,000","219,880,000","214,752,000","200,944,000","176,000,000","164,700,000","148,700,000","139,000,000","134,100,000","132,000,000","123,600,000","112,000,000","100,500,000","93,400,000","86,200,000","77,600,000","70,400,000","64,000,000","58,900,000","53,200,000","47,400,000","43,400,000","40,600,000","39,300,000","34,100,000","31,500,000","28,900,000","27,200,000","24,500,000","21,600,000","21,100,000","20,900,000","19,000,000","17,600,000","17,600,000","17,900,000","17,200,000","17,400,000","18,600,000","20,400,000","22,900,000","22,300,000","22,700,000","22,800,000","20,400,000","20,300,000",,,,,,,,,,,,,,,,
	DepreciationAmortizationDepletionIncomeStatement,"2,241,000","517,000","572,000","576,000","576,000","217,000","334,000","330,000","338,000","339,000","339,000","341,000","342,000","371,000","429,000","442,000","463,000","416,000","481,000","365,000","301,000","309,000","326,000","314,000","288,000","192,000","0","0","0","0","0","224,000","333,000","400,000","433,000","434,000","433,000","211,000","100,000","52,000","35,000","35,000","39,000","40,000","39,000","49,000","46,000","46,000","269,000","281,000","281,000","280,000","618,000","740,000","618,000","618,000","641,000","754,000","748,000","818,000","274,000","246,000","231,000","228,000","146,000","94,000","93,000","74,000","74,000","99,000","99,000","738,000","89,000","1,952,000","2,791,000","2,759,000","2,775,000","2,737,000","2,685,000","859,000",,"1,333,000","1,333,000","1,333,000","1,336,000","15,312,000","14,239,000","13,658,000","13,430,000","11,100,000","10,600,000","9,500,000","7,900,000","7,200,000","6,400,000","5,800,000","5,200,000","5,000,000","4,600,000","4,300,000","3,800,000","3,500,000","3,200,000","2,700,000","2,500,000","2,400,000","2,000,000","1,900,000","1,900,000","1,800,000","1,800,000","1,900,000","1,700,000","1,800,000","1,700,000","1,600,000","1,600,000","1,600,000","1,600,000","1,600,000","1,600,000","1,600,000","1,600,000","1,600,000","1,600,000","1,600,000","1,400,000","1,600,000","1,400,000","1,500,000","1,400,000",,,,,,,,,,,,,,,,
		DepreciationAndAmortizationInIncomeStatement,"2,241,000","517,000","572,000","576,000","576,000","217,000","334,000","330,000","338,000","339,000","339,000","341,000","342,000","371,000","429,000","442,000","463,000","416,000","481,000","365,000","301,000","309,000","326,000","314,000","288,000","192,000","0","0","0","0","0","224,000","333,000","400,000","433,000","434,000","433,000","211,000","100,000","52,000","35,000","35,000","39,000","40,000","39,000","49,000","46,000","46,000","269,000","281,000","281,000","280,000","618,000","740,000","618,000","618,000","641,000","754,000","748,000","818,000","274,000","246,000","231,000","228,000","146,000","94,000","93,000","74,000","74,000","99,000","99,000","738,000","89,000","1,952,000","2,791,000","2,759,000","2,775,000","2,737,000","2,685,000","859,000",,"1,333,000","1,333,000","1,333,000","1,336,000","15,312,000","14,239,000","13,658,000","13,430,000","11,100,000","10,600,000","9,500,000","7,900,000","7,200,000","6,400,000","5,800,000","5,200,000","5,000,000","4,600,000","4,300,000","3,800,000","3,500,000","3,200,000","2,700,000","2,500,000","2,400,000","2,000,000","1,900,000","1,900,000","1,800,000","1,800,000","1,900,000","1,700,000","1,800,000","1,700,000","1,600,000","1,600,000","1,600,000","1,600,000","1,600,000","1,600,000","1,600,000","1,600,000","1,600,000","1,600,000","1,600,000","1,400,000","1,600,000","1,400,000","1,500,000","1,400,000",,,,,,,,,,,,,,,,
			Amortization,"2,241,000","517,000","572,000","576,000","576,000","217,000","334,000","330,000","338,000","339,000","339,000","341,000","342,000","371,000","429,000","442,000","463,000","416,000","481,000","365,000","301,000","309,000","326,000","314,000","288,000","192,000","0","0","0","0","0","224,000","333,000","400,000","433,000","434,000","433,000","211,000","100,000","52,000","35,000","35,000","39,000","40,000","39,000","49,000","46,000","46,000","269,000","281,000","281,000","280,000","618,000","740,000","618,000","618,000","641,000","754,000","748,000","818,000","274,000","246,000","231,000","228,000","146,000","94,000","93,000","74,000","74,000","99,000","99,000","738,000","89,000","1,952,000","2,791,000","2,759,000","2,775,000","2,737,000","2,685,000","859,000",,"1,333,000","1,333,000","1,333,000","1,336,000",,,,,,,,,,,,,,,,,,,,,,,,,,,,,,,,,,,,,,,,,,,,,,,,,,,,,,,,,,,,,,
				AmortizationOfIntangiblesIncomeStatement,"2,241,000","517,000","572,000","576,000","576,000","217,000","334,000","330,000","338,000","339,000","339,000","341,000","342,000","371,000","429,000","442,000","463,000","416,000","481,000","365,000","301,000","309,000","326,000","314,000","288,000","192,000","0","0","0","0","0","224,000","333,000","400,000","433,000","434,000","433,000","211,000","100,000","52,000","35,000","35,000","39,000","40,000","39,000","49,000","46,000","46,000","269,000","281,000","281,000","280,000","618,000","740,000","618,000","618,000","641,000","754,000","748,000","818,000","274,000","246,000","231,000","228,000","146,000","94,000","93,000","74,000","74,000","99,000","99,000","738,000","89,000","1,952,000","2,791,000","2,759,000","2,775,000","2,737,000","2,685,000","859,000",,"1,333,000","1,333,000","1,333,000","1,336,000",,,,,,,,,,,,,,,,,,,,,,,,,,,,,,,,,,,,,,,,,,,,,,,,,,,,,,,,,,,,,,
OperatingIncome,"742,505,000","199,051,000","229,179,000","176,203,000","138,073,000","88,948,000","76,213,000","57,919,000","130,806,000","152,890,000","162,552,000","159,061,000","145,887,000","153,538,000","150,709,000","149,069,000","133,904,000","128,347,000","131,740,000","130,352,000","125,278,000","124,388,000","146,041,000","149,183,000","133,610,000","144,165,000","159,066,000","149,147,000","128,102,000","133,167,000","138,253,000","123,429,000","101,776,000","103,665,000","103,480,000","100,360,000","89,072,000","96,912,000","94,119,000","71,987,000","80,030,000","71,808,000","72,047,000","61,046,000","44,364,000","44,148,000","37,116,000","22,293,000","12,191,000","22,230,000","17,260,000","9,770,000","16,060,000","66,712,000","108,835,000","122,613,000","115,916,000","128,956,000","119,014,000","117,231,000","112,076,000","119,239,000","115,034,000","109,601,000","105,576,000","103,173,000","102,472,000","92,136,000","83,445,000","81,090,000","70,081,000","54,917,000","24,807,000","7,306,000","8,223,000","-386,000","-6,031,000","-12,193,000","-5,980,000","3,695,000","13,390,000","18,949,000","35,272,000","58,878,000","74,666,000","74,136,000","74,737,000","73,463,000","68,852,000","61,100,000","55,500,000","54,400,000","57,700,000","58,100,000","56,800,000","52,900,000","47,700,000","44,500,000","40,600,000","36,700,000","33,100,000","29,200,000","26,400,000","23,600,000","22,100,000","19,400,000","17,600,000","16,000,000","15,600,000","13,100,000","11,900,000","11,300,000","10,300,000","7,100,000","6,800,000","6,300,000","5,500,000","2,800,000","3,200,000","3,300,000","3,000,000","3,400,000","3,500,000","3,500,000","4,200,000","3,100,000","5,600,000","6,700,000","8,200,000","7,700,000","7,500,000","57,600,000","58,100,000","-107,300,000","45,600,000","44,000,000","45,100,000","-61,900,000","26,400,000","26,400,000","26,400,000","-3,500,000","1,800,000","1,800,000","1,800,000","-14,900,000","9,400,000"
NetNonOperatingInterestIncomeExpense,"197,000","52,000","238,000","-151,000","45,000","79,000","202,000","105,000","957,000","1,357,000","1,230,000","1,042,000","1,496,000","1,445,000","1,196,000","1,006,000","735,000","691,000","530,000","355,000","223,000","193,000","283,000","231,000","181,000","150,000","240,000","88,000","72,000","154,000","108,000","224,000","238,000","229,000","233,000","236,000","304,000","330,000","348,000","285,000","-234,000","353,000","148,000","238,000","212,000","-900,000","153,000","94,000","74,000","209,000","159,000","455,000","620,000",,,,,,,,,,,,,,,,,,,,,,,,,,,,,,,,,,,,,,,,,,,,,,,,,,,,,,,,,,,,,,,,,,,,,,,,,,,,,,,,,,,,,,,,,,,,,,
	InterestIncomeNonOperating,"197,000","52,000","238,000",,"45,000","79,000","202,000","105,000","957,000","1,357,000","1,230,000","1,042,000","1,496,000","1,445,000","1,196,000","1,006,000","735,000","691,000","530,000","355,000","223,000","193,000","283,000","231,000","181,000","150,000","240,000","88,000","72,000","154,000","108,000","224,000","238,000","229,000","233,000","236,000","304,000",,"348,000","285,000","234,000",,"148,000","238,000","212,000","400,000","300,000","200,000","200,000","400,000","300,000","500,000","700,000",,,,,,,,,,,,,,,,,,,,,,,,,,,,,,,,,,,,,,,,,,,,,,,,,,,,,,,,,,,,,,,,,,,,,,,,,,,,,,,,,,,,,,,,,,,,,,
	InterestExpenseNonOperating,,,,,,,,,,,,,,,,,,,,,,,,,,,,,,,,,,,,,,,,,"234,000",,,,,"1,300,000","147,000","106,000","126,000","191,000","141,000","45,000","80,000",,,,,,,,,,,,,,,,,,,,,,,,,,,,,,,,,,,,,,,,,,,,,,,,,,,,,,,,,,,,,,,,,,,,,,,,,,,,,,,,,,,,,,,,,,,,,,
	TotalOtherFinanceCost,,,,"151,000",,,,,"-957,000","-1,357,000","-1,230,000","-1,042,000","-1,496,000","-1,445,000","-1,196,000","-1,006,000","-735,000","-691,000","-530,000","-355,000","-223,000","-193,000","-283,000","-231,000","-181,000","-150,000","-240,000","-88,000","-72,000","-154,000","-108,000","-224,000","-238,000","-229,000","-233,000","-236,000","-304,000","-330,000","-348,000","-285,000",,"-353,000","-148,000","-238,000",,,,,,,,,,,,,,,,,,,,,,,,,,,,,,,,,,,,,,,,,,,,,,,,,,,,,,,,,,,,,,,,,,,,,,,,,,,,,,,,,,,,,,,,,,,,,,,,,,,,,,,
OtherIncomeExpense,"61,078,000","23,039,000","-1,759,000","27,810,000","11,988,000","40,558,000","26,095,000",,,,,,,,,,,,,,,,,,,,,,,,,,,,,,,,,,,,,,,,,,,,,,,,,,,,,,,,,,,,,,,,,,,,,,,,,,,,,,,,,,,,,"1,500,000","1,300,000","1,200,000","1,700,000","1,500,000","1,200,000","1,400,000","1,200,000","900,000","700,000","600,000","600,000","600,000","400,000",,"400,000","100,000",,,,,,,,,,,,,,,,,,,,,,,,,,,,,,,,,,,,,,,
	GainOnSaleOfSecurity,"61,078,000","23,039,000","-1,759,000","27,810,000","11,988,000","40,558,000","26,095,000",,,,,,,,,,,,,,,,,,,,,,,,,,,,,,,,,,,,,,,,,,,,,,,,,,,,,,,,,,,,,,,,,,,,,,,,,,,,,,,,,,,,,,,,,,,,,,,,,,,,,,,,,,,,,,,,,,,,,,,,,,,,,,,,,,,,,,,,,,,,
	SpecialIncomeCharges,,,,,,,,,,,,,,,,,,,,,,,,,,,,,,,,,,,,,,,,,,,,,,,,,,,,,,,,,,,,,,,,,,,,,,,,,,,,,,,,,,,,,,,,,,,,"1,500,000","1,300,000","1,200,000","1,700,000","1,500,000","1,200,000","1,400,000","1,200,000","900,000","700,000","600,000","600,000","600,000","400,000",,"400,000","100,000",,,,,,,,,,,,,,,,,,,,,,,,,,,,,,,,,,,,,,,
	OtherNonOperatingIncomeExpenses,,,,,,"40,558,000","26,095,000",,,,,,,,,,,,,,,,,,,,,,,,,,,,,,,,,,,,,,,,,,,,,,,,,,,,,,,,,,,,,,,,,,,,,,,,,,,,,,,,,,,,,,,,,,,,,,,,,,,,,,,,,,,,,,,,,,,,,,,,,,,,,,,,,,,,,,,,,,,,
PretaxIncome,"803,780,000","222,142,000","227,658,000","203,862,000","150,106,000","129,585,000","102,510,000","58,024,000","131,763,000","154,247,000","163,782,000","160,103,000","147,383,000","154,983,000","151,905,000","150,075,000","134,639,000","129,038,000","132,270,000","130,707,000","125,501,000","124,581,000","146,324,000","149,414,000","133,791,000","144,315,000","159,306,000","149,235,000","128,174,000","133,321,000","138,361,000","123,653,000","102,014,000","103,894,000","103,713,000","100,596,000","89,376,000","97,242,000","94,467,000","72,272,000","80,264,000","72,161,000","72,195,000","61,284,000","44,576,000","43,248,000","37,269,000","22,387,000","12,265,000","22,439,000","17,419,000","10,225,000","16,680,000","67,074,000","110,153,000","124,119,000","117,930,000","131,868,000","122,139,000","120,304,000","116,093,000","123,491,000","119,908,000","113,730,000","109,073,000","106,973,000","105,641,000","94,283,000","85,277,000","82,355,000","71,208,000","55,661,000","25,441,000","7,948,000","8,813,000","204,000","-5,250,000","-11,399,000","-4,954,000","5,153,000","14,697,000","20,563,000","37,516,000","61,128,000","77,077,000","77,542,000","77,856,000","75,921,000","70,308,000","62,500,000","57,200,000","55,900,000","59,000,000","59,300,000","58,600,000","54,400,000","49,000,000","45,700,000","41,700,000","37,600,000","33,800,000","29,800,000","27,000,000","24,200,000","22,400,000","19,700,000","17,900,000","16,100,000","15,500,000","12,900,000","11,600,000","10,900,000","9,800,000","5,800,000","5,900,000","5,400,000","4,400,000","1,800,000","2,200,000","2,100,000","1,700,000","1,900,000","1,900,000","1,800,000","2,400,000","700,000","3,500,000","4,600,000","6,000,000","5,900,000","5,500,000",,,,,,,,,,,,,,,,
TaxProvision,"205,154,000","54,198,000","56,787,000","54,649,000","39,508,000","35,169,000","26,761,000","11,828,000","41,848,000","41,405,000","46,601,000","45,491,000","37,585,000","41,419,000","36,663,000","40,760,000","38,472,000","81,991,000","47,570,000","50,391,000","46,980,000","46,793,000","55,755,000","57,798,000","50,375,000","50,872,000","62,581,000","59,529,000","50,252,000","49,268,000","53,177,000","48,513,000","40,463,000","37,009,000","37,355,000","37,507,000","33,513,000","38,623,000","36,807,000","26,943,000","31,930,000","29,537,000","28,027,000","24,859,000","17,871,000","18,458,000","16,645,000","10,206,000","3,790,000","8,911,000","7,888,000","4,809,000","7,892,000","28,066,000","44,332,000","49,551,000","47,146,000","53,052,000","48,176,000","47,578,000","45,386,000","48,118,000","46,261,000","45,075,000","43,570,000","42,364,000","41,202,000","37,054,000","33,684,000","32,688,000","28,128,000","23,220,000","10,025,000","3,100,000","3,966,000","70,000","-1,811,000","-4,332,000","-1,882,000","1,958,000","5,585,000","7,876,000","14,369,000","23,412,000","29,520,000","29,699,000","29,819,000","29,078,000","26,928,000","24,900,000","22,700,000","22,000,000","23,700,000","24,000,000","23,600,000","22,100,000","19,900,000","18,800,000","17,100,000","15,400,000","13,900,000","12,100,000","11,100,000","10,000,000","9,200,000","8,200,000","7,400,000","6,700,000","6,500,000","5,400,000","4,900,000","4,600,000","4,200,000","2,500,000","2,800,000","2,500,000","2,000,000","500,000","1,100,000","1,000,000","900,000","900,000","1,000,000","900,000","1,100,000","200,000","1,300,000","1,900,000","2,600,000","2,500,000","2,400,000",,,,,,,,,,,,,,,,
NetIncomeCommonStockholders,"598,626,000","167,944,000","170,871,000","149,213,000","110,598,000","94,416,000","75,749,000","46,196,000","89,915,000","112,842,000","117,181,000","114,612,000","109,798,000","113,564,000","115,242,000","109,315,000","96,167,000","47,047,000","84,700,000","80,316,000","78,521,000","77,788,000","90,569,000","91,616,000","83,416,000","93,443,000","96,725,000","89,706,000","77,922,000","84,053,000","85,184,000","75,140,000","61,551,000","66,885,000","66,358,000","63,088,000","55,861,000","58,310,000","57,383,000","45,101,000","48,070,000","42,032,000","43,556,000","35,890,000","26,293,000","24,299,000","20,099,000","11,660,000","7,626,000","12,969,000","8,988,000","4,801,000","8,308,000","39,008,000","65,821,000","74,568,000","70,784,000","78,816,000","73,963,000","72,726,000","70,707,000","75,373,000","73,647,000","68,655,000","65,503,000","64,609,000","64,439,000","57,229,000","51,593,000","49,667,000","43,080,000","32,441,000","15,416,000","4,848,000","4,847,000","134,000","-3,439,000","-7,067,000","-3,072,000","3,195,000","9,112,000","12,687,000","23,147,000","37,716,000","47,557,000","47,843,000","48,037,000","46,843,000","43,380,000","37,600,000","34,500,000","33,900,000","35,300,000","35,300,000","35,000,000","32,300,000","29,100,000","26,900,000","24,600,000","22,200,000","19,900,000","17,700,000","15,900,000","14,200,000","13,200,000","11,500,000","10,500,000","9,400,000","9,000,000","7,500,000","6,700,000","6,300,000","5,600,000","3,300,000","3,100,000","2,900,000","2,400,000","1,300,000","1,100,000","1,100,000","800,000","1,000,000","900,000","900,000","1,300,000","500,000","2,200,000","2,700,000","3,400,000","3,400,000","3,100,000",,,,,,,,,,,,,,,,
	NetIncome,"598,626,000","167,944,000","170,871,000","149,213,000","110,598,000","94,416,000","75,749,000","46,196,000","89,915,000","112,842,000","117,181,000","114,612,000","109,798,000","113,564,000","115,242,000","109,315,000","96,167,000","47,047,000","84,700,000","80,316,000","78,521,000","77,788,000","90,569,000","91,616,000","83,416,000","93,443,000","96,725,000","89,706,000","77,922,000","84,053,000","85,184,000","75,140,000","61,551,000","66,885,000","66,358,000","63,089,000","55,863,000","58,619,000","57,660,000","45,329,000","48,334,000","42,624,000","44,168,000","36,425,000","26,705,000","24,790,000","20,624,000","12,181,000","8,475,000","13,528,000","9,531,000","5,416,000","8,788,000","39,008,000","65,821,000","74,568,000","70,784,000","78,816,000","73,963,000","72,726,000","70,707,000","75,373,000","73,647,000","68,655,000","65,503,000","64,609,000","64,439,000","57,229,000","51,593,000","49,667,000","43,080,000","32,441,000","15,416,000","4,848,000","4,847,000","134,000","-3,439,000","-7,067,000","-3,072,000","3,195,000","9,112,000","12,687,000","23,147,000","37,716,000","47,557,000","47,843,000","48,037,000","46,843,000","43,380,000","37,600,000","34,500,000","33,900,000","35,300,000","35,300,000","35,000,000","32,300,000","29,100,000","26,900,000","24,600,000","22,200,000","19,900,000","17,700,000","15,900,000","14,200,000","13,200,000","11,500,000","10,500,000","9,400,000","9,000,000","7,500,000","6,700,000","6,300,000","5,600,000","3,300,000","3,100,000","2,900,000","2,400,000","1,300,000","1,100,000","1,100,000","800,000","1,000,000","900,000","900,000","1,300,000","500,000","2,200,000","2,700,000","3,400,000","3,400,000","3,100,000",,,,,,,,,,,,,,,,
		NetIncomeIncludingNoncontrollingInterests,"598,626,000","167,944,000","170,871,000","149,213,000","110,598,000","94,416,000","75,749,000","46,196,000","89,915,000","112,842,000","117,181,000","114,612,000","109,798,000","113,564,000","115,242,000","109,315,000","96,167,000","47,047,000","84,700,000","80,316,000","78,521,000","77,788,000","90,569,000","91,616,000","83,416,000","93,443,000","96,725,000","89,706,000","77,922,000","84,053,000","85,184,000","75,140,000","61,551,000","66,885,000","66,358,000","63,089,000","55,863,000","58,619,000","57,660,000","45,329,000","48,334,000","42,624,000","44,168,000","36,425,000","26,705,000","24,790,000","20,624,000","12,181,000","8,475,000","13,528,000","9,531,000","5,416,000","8,788,000","39,008,000","65,821,000","74,568,000","70,784,000","78,816,000","73,963,000","72,726,000","70,707,000","75,373,000","73,647,000","68,655,000","65,503,000","64,609,000","64,439,000","57,229,000","51,593,000","49,667,000","43,080,000","32,441,000","15,416,000","4,848,000","4,847,000","134,000","-3,439,000","-7,067,000","-3,072,000","3,195,000","9,112,000","12,687,000","23,147,000","37,716,000","47,557,000","47,843,000","48,037,000","46,843,000","43,380,000","37,600,000","34,500,000","33,900,000","35,300,000","35,300,000","35,000,000","32,300,000","29,100,000","26,900,000","24,600,000","22,200,000","19,900,000","17,700,000","15,900,000","14,200,000","13,200,000","11,500,000","10,500,000","9,400,000","9,000,000","7,500,000","6,700,000","6,300,000","5,600,000","3,300,000","3,100,000","2,900,000","2,400,000","1,300,000","1,100,000","1,100,000","800,000","1,000,000","900,000","900,000","1,300,000","500,000","2,200,000","2,700,000","3,400,000","3,400,000","3,100,000","3,200,000","3,800,000","3,100,000","3,100,000","3,100,000","2,700,000","2,000,000","1,900,000","1,900,000","1,900,000","1,000,000","1,000,000","1,000,000","900,000","1,000,000","1,100,000"
			NetIncomeContinuousOperations,"598,626,000","167,944,000","170,871,000","149,213,000","110,598,000","94,416,000","75,749,000","46,196,000","89,915,000","112,842,000","117,181,000","114,612,000","109,798,000","113,564,000","115,242,000","109,315,000","96,167,000","47,047,000","84,700,000","80,316,000","78,521,000","77,788,000","90,569,000","91,616,000","83,416,000","93,443,000","96,725,000","89,706,000","77,922,000","84,053,000","85,184,000","75,140,000","61,551,000","66,885,000","66,358,000","63,089,000","55,863,000","58,619,000","57,660,000","45,329,000","48,334,000","42,624,000","44,168,000","36,425,000","26,705,000","24,790,000","20,624,000","12,181,000","8,475,000","13,528,000","9,531,000","5,416,000","8,788,000","39,008,000","65,821,000","74,568,000","70,784,000","78,816,000","73,963,000","72,726,000","70,707,000","75,373,000","73,647,000","68,655,000","65,503,000","64,609,000","64,439,000","57,229,000","51,593,000","49,667,000","43,080,000","32,441,000","15,416,000","4,848,000","4,847,000","134,000","-3,439,000","-7,067,000","-3,072,000","3,195,000","9,112,000","12,687,000","23,147,000","37,716,000","47,557,000","47,843,000","48,037,000","46,843,000","43,380,000","37,600,000","34,500,000","33,900,000","35,300,000","35,300,000","35,000,000","32,300,000","29,100,000","26,900,000","24,600,000","22,200,000","19,900,000","17,700,000","15,900,000","14,200,000","13,200,000","11,500,000","10,500,000","9,400,000","9,000,000","7,500,000","6,700,000","6,300,000","5,600,000","3,300,000","3,100,000","2,900,000","2,400,000","1,300,000","1,100,000","1,100,000","800,000","1,000,000","900,000","900,000","1,300,000","500,000","2,200,000","2,700,000","3,400,000","3,400,000","3,100,000","3,200,000","3,800,000","3,100,000","3,100,000","3,100,000","2,700,000","1,900,000","1,800,000","1,800,000","1,800,000","1,100,000","1,100,000","1,100,000","1,000,000","1,000,000","1,100,000"
			NetIncomeDiscontinuousOperations,,,,,,,,,,,,,,,,,,,,,,,,,,,,,,,,,,,,,,,,,,,,,,,,,,,,,,,,,,,,,,,,,,,,,,,,,,,,,,,,,,,,,,,,,,,,,,,,,,,,,,,,,,,,,,,,,,,,,,,,,,,,,,,,,,,,,,,,,,"100,000","100,000","100,000","100,000","-100,000","-100,000","-100,000","-100,000",,
	PreferredStockDividends,,,,,,,,,,,,,,,,,,,,,,,,,,,,,,,,,,,,,,,"277,000",,"264,000",,,,,,"525,000",,"849,000",,,,,,,,,,,,,,,,,,,,,,,,,,,,,,,,,,,,,,,,,,,,,,,,,,,,,,,,,,,,,,,,,,,,,,,,,,,,,,,,,,,,,,,,,,,,,,,,,,
	OtherunderPreferredStockDividend,,,,,,,,,,,,,,,,,,,,,,,,,,,,,,"0","0",,,"0","0","1,000","2,000",,,"228,000",,,"612,000","535,000","412,000","491,000","525,000","521,000","849,000","559,000","543,000","615,000","480,000",,,,,,,,,,,,,,,,,,,,,,,,,,,,,,,,,,,,,,,,,,,,,,,,,,,,,,,,,,,,,,,,,,,,,,,,,,,,,,,,,,,,,,,,,,,,,,
AverageDilutionEarnings,,,,,,,,,,,,,,,,,,,,,,,,,,,,,,,,,,"0","0",,,,,,,,,,,,,,,,,,,,,,,,,,,,,,,,,,,,,,,,,,,,,,,,,,,,,,,,,,,,,,,,,,,,,,,,,,,,,,,,,,,,,,,,,,,,,,,,,,,,,,,,,,,,,,,,
DilutedNIAvailtoComStockholders,"598,626,000","167,944,000","170,871,000","149,213,000","110,598,000","94,416,000","75,749,000","46,196,000","89,915,000","112,842,000","117,181,000","114,612,000","109,798,000","113,564,000","115,242,000","109,315,000","96,167,000","47,047,000","84,700,000","80,316,000","78,521,000","77,788,000","90,569,000","91,616,000","83,416,000","93,443,000","96,725,000","89,706,000","77,922,000","84,053,000","85,184,000","75,140,000","61,551,000","66,885,000","66,358,000","63,088,000","55,861,000","58,310,000","57,383,000","45,101,000","48,070,000","42,032,000","43,556,000","35,890,000","26,293,000","24,299,000","20,099,000","11,660,000","7,626,000","12,969,000","8,988,000","4,801,000","8,308,000","39,008,000","65,821,000","74,568,000","70,784,000","78,816,000","73,963,000","72,726,000","70,707,000","75,373,000","73,647,000","68,655,000","65,503,000","64,609,000","64,439,000","57,229,000","51,593,000","49,667,000","43,080,000","32,441,000","15,416,000","4,848,000","4,847,000","134,000","-3,439,000","-7,067,000","-3,072,000","3,195,000","9,112,000","12,687,000","23,147,000","37,716,000","47,557,000","47,843,000","48,037,000","46,843,000","43,380,000","37,600,000","34,500,000","33,900,000","35,300,000","35,300,000","35,000,000","32,300,000","29,100,000","26,900,000","24,600,000","22,200,000","19,900,000","17,700,000","15,900,000","14,200,000","13,200,000","11,500,000","10,500,000","9,400,000","9,000,000","7,500,000","6,700,000","6,300,000","5,600,000","3,300,000","3,100,000","2,900,000","2,400,000","1,300,000","1,100,000","1,100,000","800,000","1,000,000","900,000","900,000","1,300,000","500,000","2,200,000","2,700,000","3,400,000","3,400,000","3,100,000",,,,,,,,,,,,,,,,
BasicEPS,,"1.534","1.551","1.346","0.993","0.843","0.671","0.409","0.794","0.99","1.017","0.985","0.938","0.956","0.959","0.901","0.789","0.383","0.685","0.645","0.625","0.615","0.71","0.712","0.645","0.718","0.737","0.677","0.586","0.63","0.635","0.558","0.455","0.495","0.489","0.463","0.407",,"0.416","0.325","0.35",,"0.312","0.254","0.184",,"0.14","0.08","0.053",,"0.061","0.1","0.06",,"0.44","0.49","0.46",,"0.47","0.45","0.43",,"0.45","0.41","0.39",,"0.39","0.34","0.3",,"0.25","0.19","0.09",,"0.03","0.001","-0.02",,"-0.02","0.02","0.05",,"0.13","0.22","0.27",,"0.27","0.26","0.245",,"0.19","0.19","0.2",,"0.19","0.18","0.16",,"0.14","0.12","0.11",,"0.09","0.08","0.08",,"0.06","0.06","0.06",,"0.04","0.04","0.04",,"0.02","0.02","0.02",,"0.01","0.01","0.01",,"0.01","0.01","0.01",,"0.02","0.02","0.03",,"0.03","0.03","0.03",,"0.03","0.03","0.02",,"0.03","0.03","0.02",,"0","0","0.01",,"0.01"
DilutedEPS,,"1.51","1.53","1.33","0.98","0.84","0.67","0.409","0.79","0.98","1.01","0.98","0.93","0.95","0.95","0.89","0.78","0.38","0.68","0.64","0.62","0.61","0.71","0.71","0.64","0.71","0.73","0.67","0.58","0.62","0.63","0.55","0.45","0.49","0.48","0.46","0.4",,"0.41","0.32","0.34",,"0.31","0.25","0.18",,"0.14","0.08","0.05",,"0.06","0.09","0.06",,"0.43","0.48","0.45",,"0.46","0.44","0.42",,"0.43","0.39","0.38",,"0.37","0.33","0.29",,"0.24","0.18","0.09",,"0.03","0.001","-0.02",,"-0.02","0.02","0.05",,"0.13","0.21","0.26",,"0.26","0.25","0.235",,"0.19","0.19","0.19",,"0.19","0.17","0.16",,"0.13","0.12","0.11",,"0.09","0.08","0.08",,"0.06","0.06","0.06",,"0.04","0.04","0.04",,"0.02","0.02","0.02",,"0.01","0.01","0.01",,"0.01","0.01","0.01",,"0.02","0.02","0.03",,"0.03","0.03","0.03",,"0.03","0.03","0.02",,"0.03","0.03","0.02",,"0","0","0.01",,"0.01"
BasicAverageShares,,"109,488,000","110,176,000","110,861,000","111,424,000","112,059,000","112,809,000","112,865,000","113,187,000","114,034,000","115,181,000","116,381,000","117,068,000","118,736,000","120,115,000","121,307,000","121,934,000","122,921,000","123,569,000","124,617,000","125,537,000","126,505,000","127,615,000","128,586,000","129,281,000","130,172,000","131,285,000","132,499,000","133,077,000","133,372,000","134,054,000","134,699,000","135,333,000","135,219,000","135,727,000","136,385,000","137,311,000",,"137,918,000","138,588,000","139,384,000",,"139,449,000","141,286,000","142,653,000",,"142,230,000","143,100,000","144,239,000",,"146,227,000","146,660,000","146,878,000",,"150,839,000","152,877,000","154,567,000",,"158,480,000","160,781,000","163,841,000",,"165,177,000","167,799,000","167,390,000",,"166,553,000","167,285,000","169,898,000",,"170,041,000","170,742,105","171,288,889",,"161,566,667","171,950,000","171,950,000",,"153,600,000","159,750,000","182,240,000",,"178,053,846","171,436,364","176,137,037",,"177,914,815","180,165,385","177,061,224",,"181,578,947","178,421,053","176,500,000",,"184,210,526","179,444,444","181,875,000",,"175,714,286","185,000,000","180,909,091",,"176,666,667","177,500,000","165,000,000",,"175,000,000","156,666,667","150,000,000",,"167,500,000","157,500,000","140,000,000",,"155,000,000","145,000,000","120,000,000",,"110,000,000","110,000,000","140,246,000",,"110,000,000","130,000,000","130,000,000",,"110,000,000","135,000,000","113,333,333",,"103,333,333","137,044,000","135,904,000",,"135,904,000","135,016,000","134,464,000",,"135,016,000","135,016,000","135,016,000",,"124,846,000","124,846,000","124,846,000",,"163,922,000"
DilutedAverageShares,,"111,020,000","111,490,000","111,889,000","112,496,000","112,941,000","113,355,000","113,121,000","113,858,000","114,862,000","115,868,000","116,988,000","117,966,000","119,851,000","121,443,000","122,268,000","122,887,000","123,883,000","124,200,000","125,104,000","126,418,000","127,428,000","128,191,000","129,329,000","130,137,000","131,430,000","132,488,000","133,553,000","134,286,000","134,956,000","135,366,000","135,708,000","136,161,000","136,813,000","137,241,000","137,659,000","138,394,000",,"139,141,000","139,739,000","140,443,000",,"140,433,000","142,585,000","144,136,000",,"143,000,000","144,331,000","145,673,000",,"147,123,000","147,092,000","147,142,000",,"152,786,000","154,520,000","156,398,000",,"161,903,000","164,770,000","168,883,000",,"169,983,000","174,096,000","173,974,000",,"174,219,000","172,387,000","176,207,000",,"176,636,000","180,227,778","171,288,889",,"161,566,667","171,950,000","171,950,000",,"153,600,000","159,750,000","182,240,000",,"178,053,846","179,600,000","182,911,538",,"184,757,692","187,372,000","184,595,745",,"181,578,947","178,421,053","185,789,474",,"184,210,526","190,000,000","181,875,000",,"189,230,769","185,000,000","180,909,091",,"176,666,667","177,500,000","165,000,000",,"175,000,000","156,666,667","150,000,000",,"167,500,000","157,500,000","140,000,000",,"155,000,000","145,000,000","120,000,000",,"110,000,000","110,000,000","140,246,000",,"110,000,000","130,000,000","130,000,000",,"110,000,000","135,000,000","113,333,333",,"103,333,333","137,044,000","135,904,000",,"135,904,000","135,016,000","134,464,000",,"135,016,000","135,016,000","135,016,000",,"124,846,000","124,846,000","124,846,000",,"163,922,000"
TotalExpenses,"5,718,939,000","1,570,866,000","1,483,387,000","1,404,378,000","1,260,307,000","1,215,138,000","1,113,684,000","1,050,407,000","1,375,885,000","1,384,495,000","1,389,580,000","1,357,324,000","1,322,643,000","1,328,120,000","1,315,517,000","1,307,985,000","1,261,429,000","1,217,935,000","1,192,969,000","1,178,076,000","1,162,092,000","1,140,685,000","1,192,500,000","1,194,977,000","1,169,015,000","1,160,429,000","1,153,652,000","1,122,911,000","1,077,461,000","1,088,283,000","1,086,055,000","1,041,485,000","982,566,000","980,199,000","971,639,000","962,868,000","934,612,000","937,301,000","939,054,000","956,396,000","935,414,000","901,665,000","912,621,000","876,920,000","836,505,000","807,424,000","780,142,000","746,797,000","724,982,000","715,193,000","708,652,000","740,117,000","807,265,000","923,125,000","1,051,251,000","1,102,028,000","1,110,074,000","1,091,112,000","1,060,031,000","1,031,897,000","985,349,000","940,995,000","912,529,000","872,224,000","838,348,000","781,592,000","764,543,000","724,575,000","686,503,000","673,107,000","637,906,000","586,313,000","547,475,000","510,358,000","492,914,000","483,348,000","479,259,000","490,774,000","490,758,000","469,426,000","455,081,000","491,534,000","539,418,000","589,526,000","644,607,000","631,752,000","614,848,000","597,537,000","563,994,000","508,700,000","474,000,000","442,700,000","427,300,000","420,800,000","413,900,000","389,300,000","353,600,000","324,000,000","299,200,000","274,900,000","249,900,000","229,600,000","206,600,000","187,000,000","174,100,000","156,500,000","141,700,000","132,600,000","129,100,000","111,900,000","103,000,000","95,200,000","89,600,000","80,000,000","70,300,000","66,100,000","64,100,000","56,200,000","51,900,000","50,100,000","49,700,000","47,500,000","47,400,000","47,900,000","52,100,000","56,000,000","54,500,000","56,100,000","58,400,000","52,500,000","51,100,000",,,,,,,,,,,,,,,,
NetIncomeFromContinuingAndDiscontinuedOperation,"598,626,000","167,944,000","170,871,000","149,213,000","110,598,000","94,416,000","75,749,000","46,196,000","89,915,000","112,842,000","117,181,000","114,612,000","109,798,000","113,564,000","115,242,000","109,315,000","96,167,000","47,047,000","84,700,000","80,316,000","78,521,000","77,788,000","90,569,000","91,616,000","83,416,000","93,443,000","96,725,000","89,706,000","77,922,000","84,053,000","85,184,000","75,140,000","61,551,000","66,885,000","66,358,000","63,089,000","55,863,000","58,619,000","57,660,000","45,329,000","48,334,000","42,624,000","44,168,000","36,425,000","26,705,000","24,790,000","20,624,000","12,181,000","8,475,000","13,528,000","9,531,000","5,416,000","8,788,000","39,008,000","65,821,000","74,568,000","70,784,000","78,816,000","73,963,000","72,726,000","70,707,000","75,373,000","73,647,000","68,655,000","65,503,000","64,609,000","64,439,000","57,229,000","51,593,000","49,667,000","43,080,000","32,441,000","15,416,000","4,848,000","4,847,000","134,000","-3,439,000","-7,067,000","-3,072,000","3,195,000","9,112,000","12,687,000","23,147,000","37,716,000","47,557,000","47,843,000","48,037,000","46,843,000","43,380,000","37,600,000","34,500,000","33,900,000","35,300,000","35,300,000","35,000,000","32,300,000","29,100,000","26,900,000","24,600,000","22,200,000","19,900,000","17,700,000","15,900,000","14,200,000","13,200,000","11,500,000","10,500,000","9,400,000","9,000,000","7,500,000","6,700,000","6,300,000","5,600,000","3,300,000","3,100,000","2,900,000","2,400,000","1,300,000","1,100,000","1,100,000","800,000","1,000,000","900,000","900,000","1,300,000","500,000","2,200,000","2,700,000","3,400,000","3,400,000","3,100,000",,,,,,,,,,,,,,,,
NormalizedIncome,"553,122,890","150,526,033.942","172,192,009","128,856,080","101,762,844","64,865,325.709","56,464,795","46,196,000","89,915,000","112,842,000","117,181,000","114,612,000","109,798,000","113,564,000","115,242,000","109,315,000","96,167,000","47,047,000","84,700,000","80,316,000","78,521,000","77,788,000","90,569,000","91,616,000","83,416,000","93,443,000","96,725,000","89,706,000","77,922,000","84,053,000","85,184,000","75,140,000","61,551,000","66,885,000","66,358,000","63,089,000","55,863,000","58,619,000","57,660,000","45,329,000","48,334,000","42,624,000","44,168,000","36,425,000","26,705,000","24,790,000","20,624,000","12,181,000","8,475,000","13,528,000","9,531,000","5,416,000","8,788,000","39,008,000","65,821,000","74,568,000","70,784,000","78,816,000","73,963,000","72,726,000","70,707,000","75,373,000","73,647,000","68,655,000","65,503,000","64,609,000","64,439,000","57,229,000","51,593,000","49,667,000","43,080,000","32,441,000","15,416,000","4,848,000","4,847,000","134,000","-3,439,000","-7,067,000","-3,072,000","3,195,000","9,112,000","12,687,000","23,147,000","37,716,000","47,557,000","47,843,000","48,037,000","46,843,000","43,380,000","37,600,000","34,500,000","32,990,339.893","34,520,000","34,580,000","33,980,000","31,400,000","28,380,000","26,060,000","23,880,000","21,660,000","19,480,000","17,340,000","15,540,000","13,840,000","12,960,000","11,500,000","10,260,000","9,340,000","9,000,000","7,500,000","6,700,000","6,300,000","5,600,000","3,300,000","3,100,000","2,900,000","2,400,000","1,300,000","1,100,000","1,100,000","800,000","1,000,000","900,000","900,000","1,300,000","500,000","2,200,000","2,700,000","3,400,000","3,400,000","3,100,000",,,,,,,,,,,,,,,,
InterestIncome,"197,000","52,000","238,000",,"45,000","79,000","202,000","105,000","957,000","1,357,000","1,230,000","1,042,000","1,496,000","1,445,000","1,196,000","1,006,000","735,000","691,000","530,000","355,000","223,000","193,000","283,000","231,000","181,000","150,000","240,000","88,000","72,000","154,000","108,000","224,000","238,000","229,000","233,000","236,000","304,000",,"348,000","285,000","234,000",,"148,000","238,000","212,000","400,000","300,000","200,000","200,000","400,000","300,000","500,000","700,000",,,,,,,,,,,,,,,,,,,,,,,,,,,,,,,,,,,,,,,,,,,,,,,,,,,,,,,,,,,,,,,,,,,,,,,,,,,,,,,,,,,,,,,,,,,,,,
InterestExpense,,,,,,,,,,,,,,,,,,,,,,,,,,,,,,,,,,,,,,,,,"234,000",,,,,"1,300,000","147,000","106,000","126,000","191,000","141,000","45,000","80,000",,,,,,,,,,,,,,,,,,,,,,,,,,,,,,,,,,,,,,,,,,,,,,,,,,,,,,,,,,,,,,,,,,,,,,,,,,,,,,,,,,,,,,,,,,,,,,
NetInterestIncome,"197,000","52,000","238,000","-151,000","45,000","79,000","202,000","105,000","957,000","1,357,000","1,230,000","1,042,000","1,496,000","1,445,000","1,196,000","1,006,000","735,000","691,000","530,000","355,000","223,000","193,000","283,000","231,000","181,000","150,000","240,000","88,000","72,000","154,000","108,000","224,000","238,000","229,000","233,000","236,000","304,000","330,000","348,000","285,000","-234,000","353,000","148,000","238,000","212,000","-900,000","153,000","94,000","74,000","209,000","159,000","455,000","620,000",,,,,,,,,,,,,,,,,,,,,,,,,,,,,,,,,,,,,,,,,,,,,,,,,,,,,,,,,,,,,,,,,,,,,,,,,,,,,,,,,,,,,,,,,,,,,,
EBIT,"742,505,000","199,051,000","229,179,000","176,203,000","138,073,000","88,948,000","76,213,000","57,919,000","130,806,000","152,890,000","162,552,000","159,061,000","145,887,000","153,538,000","150,709,000","149,069,000","133,904,000","128,347,000","131,740,000","130,352,000","125,278,000","124,388,000","146,041,000","149,183,000","133,610,000","144,165,000","159,066,000","149,147,000","128,102,000","133,167,000","138,253,000","123,429,000","101,776,000","103,665,000","103,480,000","100,360,000","89,072,000","96,912,000","94,119,000","71,987,000","80,498,000","71,808,000","72,047,000","61,046,000","44,364,000","44,548,000","37,416,000","22,493,000","12,391,000","22,630,000","17,560,000","10,270,000","16,760,000","77,212,000","108,835,000","122,613,000","115,916,000","128,956,000","119,014,000","117,231,000","112,076,000","119,239,000","115,034,000","109,601,000","105,576,000","103,173,000","102,472,000","92,136,000","83,445,000","81,090,000","70,081,000","54,917,000","24,807,000","7,306,000","8,223,000","-386,000","-6,031,000","-12,193,000","-5,980,000","3,695,000","13,390,000","18,949,000","35,272,000","58,878,000","74,666,000","74,136,000","74,737,000","73,463,000","68,852,000","61,100,000","55,500,000","54,400,000","57,700,000","58,100,000","56,800,000","52,900,000","47,700,000","44,500,000","40,600,000","36,700,000","33,100,000","29,200,000","26,400,000","23,600,000","22,100,000","19,400,000","17,600,000","16,000,000","15,600,000","13,100,000","11,900,000","11,300,000","10,300,000","7,100,000","6,800,000","6,300,000","5,500,000","2,800,000","3,200,000","3,300,000","3,000,000","3,400,000","3,500,000","3,500,000","4,200,000","3,100,000","5,600,000","6,700,000","8,200,000","7,700,000","7,500,000","57,600,000","58,100,000","-107,300,000","45,600,000","44,000,000","45,100,000","-61,900,000","26,400,000","26,400,000","26,400,000","-3,500,000","1,800,000","1,800,000","1,800,000","-14,900,000","9,400,000"
EBITDA,"796,956,000"
ReconciledCostOfRevenue,"3,713,206,000","1,014,124,000","974,418,000","901,956,000","822,707,000","774,575,000","706,963,000","669,653,000","880,061,000","882,662,000","888,941,000","862,756,000","845,290,000","845,696,000","839,817,000","833,786,000","806,714,000","777,122,000","762,238,000","754,044,000","745,643,000","729,564,000","769,971,000","771,580,000","755,530,000","750,727,000","749,998,000","727,994,000","698,470,000","707,739,000","706,981,000","674,607,000","633,647,000","628,571,000","625,972,000","619,541,000","601,647,000","605,785,000","605,881,000","601,046,000","601,115,000","573,398,000","579,959,000","552,731,000","530,024,000","511,488,000","494,657,000","465,245,000","454,122,000","443,380,000","444,043,000","468,305,000","513,334,000","570,743,000","658,532,000","689,723,000","697,392,000","678,685,000","660,417,000","639,112,000","620,777,000","593,920,000","580,397,000","548,983,000","535,759,000","495,273,000","489,147,000","462,946,000","438,545,000","432,597,000","407,803,000","369,759,000","337,952,000","311,140,000","299,826,000","291,846,000","289,814,000","292,208,000","293,191,000","272,442,000","283,570,000","290,522,000","326,262,000","358,640,000","393,067,000","387,598,000","380,729,000","369,127,000","349,620,000","321,600,000","298,700,000","284,500,000","280,400,000","279,500,000","275,500,000","259,900,000","236,400,000","218,500,000","201,200,000","184,400,000","168,500,000","155,700,000","139,400,000","125,400,000","118,400,000","106,700,000","96,100,000","90,100,000","87,900,000","76,000,000","69,700,000","64,400,000","60,700,000","53,700,000","47,100,000","43,300,000","41,600,000","35,600,000","32,700,000","30,900,000","30,200,000","28,700,000","28,400,000","27,700,000","30,100,000","31,500,000","30,800,000","31,800,000","34,200,000","30,600,000","29,400,000",,,,,,,,,,,,,,,,
ReconciledDepreciation,"54,451,000","12,191,000","13,393,000","14,329,000","14,538,000","15,401,000","15,922,000","15,926,000","16,251,000","16,118,000","17,084,000","16,429,000","15,994,000","16,271,000","16,370,000","16,592,000","16,716,000","16,430,000","16,552,000","16,311,000","16,200,000","16,616,000","16,387,000","15,901,000","15,411,000","13,978,000","12,919,000","13,562,000","13,006,000","12,954,000","12,107,000","12,087,000","12,533,000","12,477,000","12,102,000","12,013,000","12,180,000","12,214,000","12,143,000","12,086,000","12,281,000","12,788,000","12,845,000","12,987,000","12,795,000","13,226,000","13,507,000","14,033,000","15,192,000","15,841,000","15,739,000","16,805,000","16,881,000","17,448,000","18,599,000","18,912,000","18,251,000","18,516,000","18,583,000","18,149,000","16,193,000","15,510,000","15,400,000","15,068,000","15,107,000","22,662,000","21,951,000","17,558,000","17,643,000","18,391,000","17,948,000","17,577,000","18,392,000","15,876,000","16,991,000","16,500,000","16,537,000","17,830,000","18,836,000","18,420,000","17,222,000","19,030,000","19,196,000","18,334,000","16,556,000","15,312,000","14,239,000","13,658,000","13,430,000","11,100,000","10,600,000","9,500,000","7,900,000","7,200,000","6,400,000","5,800,000","5,200,000","5,000,000","4,600,000","4,300,000","3,800,000","3,500,000","3,200,000","2,700,000","2,500,000","2,400,000","2,200,000","1,900,000","1,900,000","1,800,000","1,800,000","1,900,000","1,700,000","1,800,000","1,600,000","1,700,000","1,600,000","1,600,000","1,600,000","1,600,000","1,600,000","1,600,000","1,600,000","1,600,000","1,600,000","1,600,000","1,400,000","1,600,000","1,400,000","1,500,000","1,400,000",,,,,,,,,,,,,,,,
NetIncomeFromContinuingOperationNetMinorityInterest,"598,626,000","167,944,000","170,871,000","149,213,000","110,598,000","94,416,000","75,749,000","46,196,000","89,915,000","112,842,000","117,181,000","114,612,000","109,798,000","113,564,000","115,242,000","109,315,000","96,167,000","47,047,000","84,700,000","80,316,000","78,521,000","77,788,000","90,569,000","91,616,000","83,416,000","93,443,000","96,725,000","89,706,000","77,922,000","84,053,000","85,184,000","75,140,000","61,551,000","66,885,000","66,358,000","63,089,000","55,863,000","58,619,000","57,660,000","45,329,000","48,334,000","42,624,000","44,168,000","36,425,000","26,705,000","24,790,000","20,624,000","12,181,000","8,475,000","13,528,000","9,531,000","5,416,000","8,788,000","39,008,000","65,821,000","74,568,000","70,784,000","78,816,000","73,963,000","72,726,000","70,707,000","75,373,000","73,647,000","68,655,000","65,503,000","64,609,000","64,439,000","57,229,000","51,593,000","49,667,000","43,080,000","32,441,000","15,416,000","4,848,000","4,847,000","134,000","-3,439,000","-7,067,000","-3,072,000","3,195,000","9,112,000","12,687,000","23,147,000","37,716,000","47,557,000","47,843,000","48,037,000","46,843,000","43,380,000","37,600,000","34,500,000","33,900,000","35,300,000","35,300,000","35,000,000","32,300,000","29,100,000","26,900,000","24,600,000","22,200,000","19,900,000","17,700,000","15,900,000","14,200,000","13,200,000","11,500,000","10,500,000","9,400,000","9,000,000","7,500,000","6,700,000","6,300,000","5,600,000","3,300,000","3,100,000","2,900,000","2,400,000","1,300,000","1,100,000","1,100,000","800,000","1,000,000","900,000","900,000","1,300,000","500,000","2,200,000","2,700,000","3,400,000","3,400,000","3,100,000",,,,,,,,,,,,,,,,
TotalUnusualItemsExcludingGoodwill,"61,078,000","23,039,000","-1,759,000","27,810,000","11,988,000","40,558,000","26,095,000",,,,,,,,,,,,,,,,,,,,,,,,,,,,,,,,,,,,,,,,,,,,,,,,,,,,,,,,,,,,,,,,,,,,,,,,,,,,,,,,,,,,,"1,500,000","1,300,000","1,200,000","1,700,000","1,500,000","1,200,000","1,400,000","1,200,000","900,000","700,000","600,000","600,000","600,000","400,000",,"400,000","100,000",,,,,,,,,,,,,,,,,,,,,,,,,,,,,,,,,,,,,,,
TotalUnusualItems,"61,078,000","23,039,000","-1,759,000","27,810,000","11,988,000","40,558,000","26,095,000",,,,,,,,,,,,,,,,,,,,,,,,,,,,,,,,,,,,,,,,,,,,,,,,,,,,,,,,,,,,,,,,,,,,,,,,,,,,,,,,,,,,,"1,500,000","1,300,000","1,200,000","1,700,000","1,500,000","1,200,000","1,400,000","1,200,000","900,000","700,000","600,000","600,000","600,000","400,000",,"400,000","100,000",,,,,,,,,,,,,,,,,,,,,,,,,,,,,,,,,,,,,,,
NormalizedEBITDA,"735,878,000","188,203,000","244,331,000","162,722,000","140,623,000","63,791,000","66,040,000","73,845,000","147,057,000","169,008,000","179,636,000","175,490,000","161,881,000","169,809,000","167,079,000","165,661,000","150,620,000","144,777,000","148,292,000","146,663,000","141,478,000","141,004,000","162,428,000","165,084,000","149,021,000","158,143,000","171,985,000","162,709,000","141,108,000","146,121,000","150,360,000","135,516,000","114,309,000","116,142,000","115,582,000","112,373,000","101,252,000","109,126,000","106,262,000","84,073,000","92,779,000","84,596,000","84,892,000","74,033,000","57,159,000","57,774,000","50,923,000","36,526,000","27,583,000","38,471,000","33,299,000","27,075,000","33,641,000","94,660,000","127,434,000","141,525,000","134,167,000","147,472,000","137,597,000","135,380,000","128,269,000","134,749,000","130,434,000","124,669,000","120,683,000","125,835,000","124,423,000","109,694,000","101,088,000","99,481,000","88,029,000","72,494,000","43,199,000","23,182,000","25,214,000","16,114,000","10,506,000","5,637,000","12,856,000","22,115,000","30,612,000","37,979,000","54,468,000","77,212,000","91,222,000","89,448,000","88,976,000","87,121,000","82,282,000","72,200,000","66,100,000","62,400,000","64,300,000","64,100,000","61,500,000","57,200,000","51,700,000","48,100,000","44,000,000","40,100,000","36,200,000","32,100,000","29,000,000","25,700,000","24,200,000","21,800,000","19,400,000","17,800,000","17,500,000","14,900,000","13,700,000","13,200,000","12,000,000","8,900,000","8,500,000","8,000,000","7,100,000","4,400,000","4,800,000","4,900,000","4,600,000","5,000,000","5,100,000","5,100,000","5,800,000","4,700,000","7,000,000","8,300,000","9,600,000","9,200,000","8,900,000","57,600,000","58,100,000","-107,300,000","45,600,000","44,000,000","45,100,000","-61,900,000","26,400,000","26,400,000","26,400,000","-3,500,000","1,800,000","1,800,000","1,800,000","-14,900,000","9,400,000"
TaxRateForCalcs,"0.255","0.244","0.249","0.268","0.263","0.271","0.261","0.204","0.318","0.268","0.285","0.284","0.255","0.267","0.241","0.272","0.286","0.4","0.36","0.386","0.374","0.376","0.381","0.387","0.377","0.353","0.393","0.399","0.392","0.37","0.384","0.39","0.397","0.356","0.36","0.37","0.37","0.397","0.39","0.373","0.398","0.35","0.388","0.35","0.4","0.35","0.35","0.35","0.309","0.397","0.35","0.35","0.35","0.35","0.4","0.399","0.4","0.4","0.394","0.395","0.391","0.39","0.386","0.396","0.399","0.396","0.39","0.393","0.395","0.397","0.395","0.4","0.394","0.39","0.4","0.343","0.345","0.38","0.38","0.38","0.38","0.383","0.383","0.383","0.383","0.383","0.383","0.383","0.383","0.398","0.397","0.394","0.4","0.4","0.4","0.4","0.4","0.4","0.4","0.4","0.4","0.4","0.4","0.4","0.4","0.4","0.4","0.4","0.4","0.4","0.4","0.4","0.4","0.4","0.4","0.4","0.4","0.278","0.4","0.4","0.4","0.4","0.4","0.4","0.4","0.286","0.371","0.4","0.4","0.4","0.4",,,,,,,,,,,,,,,,
TaxEffectOfUnusualItems,"15,574,890","5,621,033.942","-437,991","7,453,080","3,152,844","11,007,325.709","6,810,795","0","0","0","0","0","0","0","0","0","0","0","0","0","0","0","0","0","0","0","0","0","0","0","0","0","0","0","0","0","0","0","0","0","0","0","0","0","0","0","0","0","0","0","0","0","0","0","0","0","0","0","0","0","0","0","0","0","0","0","0","0","0","0","0","0","0","0","0","0","0","0","0","0","0","0","0","0","0","0","0","0","0","0","0","590,339.893","520,000","480,000","680,000","600,000","480,000","560,000","480,000","360,000","280,000","240,000","240,000","240,000","160,000","0","160,000","40,000","0","0","0","0","0","0","0","0","0","0","0","0","0","0","0","0","0","0","0","0","0","0","0",,,,,,,,,,,,,,,,