name,ttm,12/31/2021,09/30/2021,06/30/2021,03/31/2021,12/31/2020,09/30/2020,06/30/2020,03/31/2020,12/31/2019,09/30/2019,06/30/2019,03/31/2019,12/31/2018,09/30/2018,06/30/2018,03/31/2018,12/31/2017,09/30/2017,06/30/2017,03/31/2017,12/31/2016,09/30/2016,06/30/2016,03/31/2016,12/31/2015,09/30/2015,06/30/2015,03/31/2015,12/31/2014,09/30/2014,06/30/2014,03/31/2014,12/31/2013,09/30/2013,06/30/2013,03/31/2013,12/31/2012,09/30/2012,06/30/2012,03/31/2012,12/31/2011,09/30/2011,06/30/2011,03/31/2011,12/31/2010,09/30/2010,06/30/2010,03/31/2010,12/31/2009,09/30/2009,06/30/2009,03/31/2009,12/31/2008,09/30/2008,06/30/2008,03/31/2008,12/31/2007,09/30/2007,06/30/2007,03/31/2007,12/31/2006,09/30/2006,06/30/2006,03/31/2006,12/31/2005,09/30/2005,06/30/2005,03/31/2005,12/31/2004,09/30/2004,06/30/2004,03/31/2004,12/31/2003,09/30/2003,06/30/2003,03/31/2003,12/31/2002,09/30/2002,06/30/2002,03/31/2002,12/31/2001,09/30/2001,06/30/2001,03/31/2001,12/31/2000,09/30/2000,06/30/2000,03/31/2000,12/31/1999,09/30/1999,06/30/1999,03/31/1999,12/31/1998,09/30/1998,06/30/1998,03/31/1998,12/31/1997,09/30/1997,06/30/1997
TotalRevenue,"5,982,800,000","1,815,400,000","1,504,100,000","1,376,300,000","1,287,000,000","1,432,800,000","1,193,500,000","487,500,000","1,274,100,000","1,750,700,000","1,706,200,000","1,428,800,000","1,505,700,000","1,725,800,000","1,690,900,000","1,390,600,000","1,529,200,000","1,641,800,000","1,664,200,000","1,347,100,000","1,565,800,000","1,714,000,000","1,821,000,000","1,552,000,000","1,871,000,000","1,946,000,000","1,970,000,000","1,618,000,000","1,885,000,000","2,033,000,000","1,994,000,000","1,708,000,000","1,867,000,000","2,015,000,000","1,915,000,000","1,653,000,000","1,643,300,000","1,846,100,000","1,862,000,000","1,593,400,000","1,622,900,000","1,805,600,000","1,904,600,000","1,526,400,000","1,426,900,000","1,548,000,000","1,532,100,000","1,153,300,000","1,337,100,000","1,243,900,000","1,374,200,000","1,023,700,000","1,224,400,000","1,252,000,000","1,428,900,000","1,113,600,000","1,240,900,000","1,269,800,000","1,299,100,000","1,070,300,000","1,031,300,000","1,143,700,000","1,166,800,000","953,600,000","971,492,000","995,482,000","1,027,384,000","751,942,000","940,992,000","887,993,000","883,680,000","592,750,000","818,781,000","645,365,000","707,777,000","477,731,000","692,331,000","639,170,000","640,839,000","467,000,000","633,088,000","617,095,000","595,695,000","517,829,000","542,426,000","612,518,000","584,667,000","486,163,000","465,777,000","508,800,000","541,800,000","432,300,000","443,100,000","444,600,000","471,000,000","354,500,000","356,100,000","405,700,000","421,100,000","287,900,000"
	OperatingRevenue,"5,982,800,000","1,815,400,000","1,504,100,000","1,376,300,000","1,287,000,000","1,432,800,000","1,193,500,000","487,500,000","1,274,100,000","1,750,700,000","1,706,200,000","1,428,800,000","1,505,700,000","1,725,800,000","1,690,900,000","1,390,600,000","1,529,200,000","1,641,800,000","1,664,200,000","1,347,100,000","1,565,800,000","1,714,000,000","1,821,000,000","1,552,000,000","1,871,000,000","1,946,000,000","1,970,000,000","1,618,000,000","1,885,000,000","2,033,000,000","1,994,000,000","1,708,000,000","1,867,000,000","2,015,000,000","1,915,000,000","1,653,000,000","1,643,300,000","1,846,100,000","1,862,000,000","1,593,400,000","1,622,900,000","1,805,600,000","1,904,600,000","1,526,400,000","1,426,900,000","1,548,000,000","1,532,100,000","1,153,300,000","1,337,100,000","1,243,900,000","1,374,200,000","1,023,700,000","1,224,400,000","1,252,000,000","1,428,900,000","1,113,600,000","1,240,900,000","1,269,800,000","1,299,100,000","1,070,300,000","1,031,300,000","1,143,700,000","1,166,800,000","953,600,000","971,492,000","995,482,000","1,027,384,000","751,942,000","940,992,000","887,993,000","883,680,000","592,750,000","818,781,000","645,365,000","707,777,000","477,731,000","692,331,000","639,170,000","640,839,000","467,000,000","633,088,000","617,095,000","595,695,000","517,829,000","542,426,000","612,518,000","584,667,000","486,163,000","465,777,000","508,800,000","541,800,000","432,300,000","443,100,000","444,600,000","471,000,000","354,500,000","356,100,000","405,700,000","421,100,000","287,900,000"
CostOfRevenue,"2,018,500,000","617,300,000","488,900,000","408,200,000","504,100,000","502,400,000","394,100,000","138,800,000","679,700,000","661,600,000","657,200,000","508,000,000","604,200,000","666,300,000","661,600,000","494,900,000","620,700,000","645,600,000","668,400,000","495,900,000","746,700,000","731,000,000","867,000,000","657,000,000","857,000,000","852,000,000","857,000,000","652,000,000","841,000,000","874,000,000","862,000,000","665,000,000","817,000,000","843,000,000","831,000,000","649,000,000","669,000,000","752,000,000","766,700,000","601,300,000","696,500,000","774,000,000","826,000,000","564,900,000","616,600,000","640,100,000","644,200,000","441,100,000","547,700,000","520,200,000","589,400,000","422,500,000","590,000,000","582,300,000","640,700,000","475,200,000","566,600,000","593,300,000","603,900,000","478,300,000","473,200,000","529,700,000","534,200,000","422,100,000","446,530,000","464,017,000","475,839,000","337,514,000","439,334,000","449,960,000","445,925,000","285,650,000","427,782,000","312,363,000","357,211,000","228,979,000","346,510,000","331,260,000","319,573,000","234,396,000","321,296,000","330,086,000","310,055,000","255,468,000","257,158,000","297,281,000","315,266,000","214,423,000","226,510,000","249,900,000","253,600,000","206,000,000","233,600,000","229,500,000","229,800,000","165,400,000","177,600,000","206,500,000","207,500,000","136,600,000"
GrossProfit,"3,964,300,000","1,198,100,000","1,015,200,000","968,100,000","782,900,000","930,400,000","799,400,000","348,700,000","594,400,000","1,089,100,000","1,049,000,000","920,800,000","901,500,000","1,059,500,000","1,029,300,000","895,700,000","908,500,000","996,200,000","995,800,000","851,200,000","819,100,000","983,000,000","954,000,000","895,000,000","1,014,000,000","1,094,000,000","1,113,000,000","966,000,000","1,044,000,000","1,159,000,000","1,132,000,000","1,043,000,000","1,050,000,000","1,172,000,000","1,084,000,000","1,004,000,000","974,300,000","1,094,100,000","1,095,300,000","992,100,000","926,400,000","1,031,600,000","1,078,600,000","961,500,000","810,300,000","907,900,000","887,900,000","712,200,000","789,400,000","723,700,000","784,800,000","601,200,000","634,400,000","669,700,000","788,200,000","638,400,000","674,300,000","676,500,000","695,200,000","592,000,000","558,100,000","614,000,000","632,600,000","531,500,000","524,962,000","531,465,000","551,545,000","414,428,000","501,658,000","438,033,000","437,755,000","307,100,000","390,999,000","333,002,000","350,566,000","248,752,000","345,821,000","307,910,000","321,266,000","232,604,000","311,792,000","287,009,000","285,640,000","262,361,000","285,268,000","315,237,000","269,401,000","271,740,000","239,267,000","258,900,000","288,200,000","226,300,000","209,500,000","215,100,000","241,200,000","189,100,000","178,500,000","199,200,000","213,600,000","151,300,000"
OperatingExpense,"3,146,100,000","910,200,000","760,000,000","728,200,000","755,200,000","747,500,000","628,200,000","507,600,000","852,200,000","843,300,000","795,300,000","746,700,000","809,400,000","823,400,000","793,600,000","741,900,000","828,600,000","779,800,000","772,700,000","714,400,000","765,500,000","778,000,000","809,000,000","821,000,000","902,000,000","838,000,000","845,000,000","828,000,000","844,000,000","843,000,000","844,000,000","795,000,000","822,000,000","824,000,000","789,000,000","744,000,000","777,400,000","775,700,000","747,000,000","700,100,000","775,400,000","761,500,000","727,800,000","679,400,000","689,400,000","661,700,000","579,100,000","537,900,000","618,000,000","545,700,000","530,900,000","484,100,000","517,500,000","501,600,000","545,300,000","491,800,000","530,100,000","505,800,000","502,600,000","446,200,000","437,400,000","429,800,000","415,900,000","395,900,000","400,208,000","387,823,000","374,562,000","334,207,000","460,589,000","322,981,000","313,186,000","285,764,000","262,504,000","256,614,000","267,613,000","243,226,000","222,816,000","230,391,000","236,618,000","214,916,000","216,747,000","212,561,000","199,507,000","208,773,000","128,999,000","227,111,000","239,435,000","226,727,000","181,307,000","202,500,000","193,200,000","178,500,000","164,400,000","174,200,000","160,100,000","155,800,000","132,700,000","149,900,000","137,700,000","122,600,000"
	SellingGeneralAndAdministration,"3,146,100,000","910,200,000","760,000,000","728,200,000","755,200,000","747,500,000","628,200,000","507,600,000","852,200,000","843,300,000","795,300,000","746,700,000","809,400,000","823,400,000","793,600,000","741,900,000","846,600,000","773,800,000","766,700,000","708,400,000","759,400,000","772,000,000","803,000,000","815,000,000","895,000,000","833,000,000","839,000,000","822,000,000","838,000,000","837,000,000","837,000,000","789,000,000","815,000,000","815,000,000","779,000,000","735,000,000","770,900,000","768,900,000","689,700,000","693,400,000","768,300,000","754,300,000","720,300,000","672,300,000","682,500,000","655,400,000","572,900,000","531,900,000","612,000,000","540,400,000","525,700,000","478,900,000","519,400,000","496,500,000","533,200,000","486,900,000","513,600,000","492,200,000","488,200,000","438,500,000","434,200,000","426,800,000","412,100,000","390,300,000","394,008,000","381,615,000","368,019,000","334,207,000","460,589,000","322,981,000","313,186,000","285,764,000","262,504,000","256,614,000","267,613,000","243,226,000","222,816,000","230,391,000","236,618,000","214,916,000","216,747,000","212,561,000","199,507,000","208,773,000","189,083,000","208,172,000","218,617,000","206,400,000","168,127,000","181,700,000","172,300,000","167,100,000","151,300,000","163,000,000","148,800,000","145,000,000","125,300,000","142,400,000","131,100,000","116,700,000"
		GeneralAndAdministrativeExpense,,"910,200,000","760,000,000",,,,,,,,,,,,,,,,,,,,,,,,,,,,,,,,,,,,,,,,,,,,,,,,,,,,,,,,,,,,,,,,,,,,,,,,,,,,,,,,,,,,,,,,,,,,,,,,,
			RentAndLandingFees,,"1,400,000","5,100,000",,,,,,,,,,,,,,,,,,,,,,,,,,,,,,,,,,,,,,,,,,,,,,,,,,,,,,,,,,,,,,,,,,,,,,,,,,,,,,,,,,,,,,,,,,,,,,,,,
			OtherGandA,,"908,800,000","754,900,000",,,,,,,,,,,,,,,,,,,,,,,,,,,,,,,,,,,,,,,,,,,,,,,,,,,,,,,,,,,,,,,,,,,,,,,,,,,,,,,,,,,,,,,,,,,,,,,,,
	DepreciationAmortizationDepletionIncomeStatement,,,,,,,,,,,,,,,,,,"6,000,000","6,000,000","6,000,000","6,100,000","6,000,000","6,000,000","6,000,000","7,000,000","5,000,000","6,000,000","6,000,000","6,000,000","6,000,000","7,000,000","6,000,000","7,000,000","9,000,000","10,000,000","9,000,000","6,500,000","6,800,000","57,300,000","6,700,000","7,100,000","7,200,000","7,500,000","7,100,000","6,900,000","6,300,000","6,200,000","6,000,000","6,000,000","5,300,000","5,200,000","5,200,000","5,200,000","5,100,000","5,000,000","4,900,000","11,500,000","13,600,000","14,400,000","7,700,000","3,200,000","3,000,000","3,800,000","5,600,000","4,758,000","1,765,000","1,628,000",,,,,,,,,,,,,,,,,,"18,515,000","18,939,000","20,818,000","20,327,000","13,180,000","20,800,000","20,900,000","11,400,000","13,100,000","11,200,000","11,300,000","10,800,000","7,400,000","7,500,000","6,600,000","5,900,000"
		DepreciationAndAmortizationInIncomeStatement,,,,,,,,,,,,,,,,,,"6,000,000","6,000,000","6,000,000","6,100,000","6,000,000","6,000,000","6,000,000","7,000,000","5,000,000","6,000,000","6,000,000","6,000,000","6,000,000","7,000,000","6,000,000","7,000,000","9,000,000","10,000,000","9,000,000","6,500,000","6,800,000","57,300,000","6,700,000","7,100,000","7,200,000","7,500,000","7,100,000","6,900,000","6,300,000","6,200,000","6,000,000","6,000,000","5,300,000","5,200,000","5,200,000","5,200,000","5,100,000","5,000,000","4,900,000","11,500,000","13,600,000","14,400,000","7,700,000","3,200,000","3,000,000","3,800,000","5,600,000","4,758,000","1,765,000","1,628,000",,,,,,,,,,,,,,,,,,"18,515,000","18,939,000","20,818,000","20,327,000","13,180,000","20,800,000","20,900,000","11,400,000","13,100,000","11,200,000","11,300,000","10,800,000","7,400,000","7,500,000","6,600,000","5,900,000"
			DepreciationIncomeStatement,,,,,,,,,,,,,,,,,,,,,,,,,,,,,,,,,,,,,,,"50,500,000",,,,,,,,,,,,,,,,,,,,,,,,,,,,,,,,,,,,,,,,,,,,,,,,,,,,,,,,,,,,,
			Amortization,,,,,,,,,,,,,,,,,,"6,000,000","6,000,000","6,000,000","6,100,000","6,000,000","6,000,000","6,000,000","7,000,000","5,000,000","6,000,000","6,000,000","6,000,000","6,000,000","7,000,000","6,000,000","7,000,000","9,000,000","10,000,000","9,000,000","6,500,000","6,800,000","6,800,000","6,700,000","7,100,000","7,200,000","7,500,000","7,100,000","6,900,000","6,300,000","6,200,000","6,000,000","6,000,000","5,300,000","5,200,000","5,200,000","5,200,000","5,100,000","5,000,000","4,900,000","11,500,000","13,600,000","14,400,000","7,700,000","3,200,000","3,000,000","3,800,000","5,600,000","4,758,000","1,765,000","1,628,000",,,,,,,,,,,,,,,,,,,,,,,,,,,,,,,,,
				AmortizationOfIntangiblesIncomeStatement,,,,,,,,,,,,,,,,,,"6,000,000","6,000,000","6,000,000","6,100,000","6,000,000","6,000,000","6,000,000","7,000,000","5,000,000","6,000,000","6,000,000","6,000,000","6,000,000","7,000,000","6,000,000","7,000,000","9,000,000","10,000,000","9,000,000","6,500,000","6,800,000","6,800,000","6,700,000","7,100,000","7,200,000","7,500,000","7,100,000","6,900,000","6,300,000","6,200,000","6,000,000","6,000,000","5,300,000","5,200,000","5,200,000","5,200,000","5,100,000","5,000,000","4,900,000","11,500,000","13,600,000","14,400,000","7,700,000","3,200,000","3,000,000","3,800,000","5,600,000","4,758,000","1,765,000","1,628,000",,,,,,,,,,,,,,,,,,,,,,,,,,,,,,,,,
	OtherOperatingExpenses,,,,,,,,,,,,,,,,,,,,,,,,,,,,,,,,,,,,,,,,,,,,,,,,,,,,,,,"7,100,000",,,,,,,,,,"1,442,000","4,443,000","4,915,000",,,,,,,,,,,,,,,,,,,,,,,,,,,,,,,,,
OperatingIncome,"818,200,000","287,900,000","255,200,000","239,900,000","27,700,000","182,900,000","171,200,000","-158,900,000","-257,800,000","245,800,000","253,700,000","174,100,000","92,100,000","236,100,000","235,700,000","153,800,000","79,900,000","216,400,000","223,100,000","136,800,000","53,600,000","205,000,000","145,000,000","74,000,000","112,000,000","256,000,000","268,000,000","138,000,000","200,000,000","316,000,000","288,000,000","248,000,000","228,000,000","348,000,000","295,000,000","260,000,000","196,900,000","318,400,000","348,300,000","292,000,000","151,000,000","270,100,000","350,800,000","282,100,000","120,900,000","246,200,000","308,800,000","174,300,000","171,400,000","178,000,000","253,900,000","117,100,000","116,900,000","168,100,000","242,900,000","146,600,000","144,200,000","170,700,000","192,600,000","145,800,000","120,700,000","184,200,000","216,700,000","135,600,000","124,754,000","143,642,000","176,983,000","80,221,000","41,069,000","115,052,000","124,569,000","21,336,000","128,495,000","76,388,000","82,953,000","5,526,000","123,005,000","77,519,000","84,648,000","17,688,000","95,045,000","74,448,000","86,133,000","53,588,000","156,269,000","88,126,000","29,966,000","45,013,000","57,960,000","56,400,000","95,000,000","47,800,000","45,100,000","40,900,000","81,100,000","33,300,000","45,800,000","49,300,000","75,900,000","28,700,000"
NetNonOperatingInterestIncomeExpense,"-47,600,000","-12,000,000","-12,400,000","-11,500,000","-11,700,000","-9,800,000","-10,600,000","-6,700,000","1,100,000","3,100,000","5,200,000","7,400,000","6,200,000","4,700,000","4,400,000","4,800,000","1,400,000","-2,000,000","-2,600,000","-2,700,000","-1,000,000","-1,000,000","-2,000,000","-2,000,000","-6,000,000","-4,000,000","-3,000,000","-2,000,000","-3,000,000","-3,000,000","-2,000,000","-3,000,000","-5,000,000","-4,000,000","-5,000,000","-3,000,000","-4,000,000","-4,100,000","-4,100,000","-4,200,000","-4,000,000","-3,600,000","-4,000,000","-1,900,000","-2,600,000","-2,500,000","-2,800,000","-2,700,000","-3,400,000","-3,400,000","800,000","-3,800,000",,,,,,,,,,,,,,,,,,,,,,,,,,,,,,,,,,,,,,,,,,,,,,,,
	InterestIncomeNonOperating,"6,600,000","1,400,000","1,200,000","1,800,000","2,200,000","2,400,000","2,200,000","2,900,000","5,900,000","7,300,000","9,600,000","11,600,000","11,300,000","9,900,000","10,400,000","9,200,000","5,200,000","2,800,000","2,000,000","2,300,000","400,000","3,000,000","2,000,000","1,000,000","1,000,000","2,000,000","1,000,000","2,000,000","2,000,000","0","3,000,000","1,000,000","-1,000,000","0","2,000,000","2,000,000","1,600,000","1,500,000","1,300,000","1,300,000","1,700,000","2,700,000","2,400,000","4,200,000","2,500,000","1,800,000","1,600,000","1,800,000","2,000,000","1,200,000","6,400,000","2,800,000",,,,,,,,,,,,,,,,,,,,,,,,,,,,,,,,,,,,,,,,,,,,,,,,
	InterestExpenseNonOperating,"54,200,000","13,400,000","13,600,000","13,300,000","13,900,000","12,200,000","12,800,000","9,600,000","4,800,000","4,200,000","4,400,000","4,200,000","5,100,000","5,200,000","6,000,000","4,400,000","3,800,000","4,800,000","4,600,000","5,000,000","1,400,000","4,000,000","4,000,000","3,000,000","7,000,000","6,000,000","4,000,000","4,000,000","5,000,000","3,000,000","5,000,000","4,000,000","4,000,000","4,000,000","7,000,000","5,000,000","5,600,000","5,600,000","5,400,000","5,500,000","5,700,000","6,300,000","6,400,000","6,100,000","5,100,000","4,300,000","4,400,000","4,500,000","5,400,000","4,600,000","5,600,000","6,600,000",,,,,,,,,,,,,,,,,,,,,,,,,,,,,,,,,,,,,,,,,,,,,,,,
OtherIncomeExpense,"-80,600,000","1,300,000","-4,700,000","-18,400,000","-51,300,000","-10,900,000","-189,700,000","-7,000,000","-30,500,000","-18,500,000","-22,300,000","-34,900,000","-63,000,000","-41,300,000","-25,300,000","-25,700,000","-56,400,000","-28,100,000","-29,300,000","-47,300,000","-321,500,000","-80,000,000","-70,000,000","-105,000,000","-44,000,000","-71,000,000","-46,000,000","-46,000,000","-24,000,000","-12,000,000","-8,000,000","-10,000,000","-4,000,000","-20,000,000","-2,000,000","8,000,000","-24,300,000","-19,700,000","-2,000,000","-3,900,000","-16,000,000","-4,400,000","700,000","-5,700,000","-6,800,000","-5,300,000",,"-2,100,000","-600,000","-9,100,000","-12,400,000","800,000","-68,600,000","-8,000,000","-5,200,000","-600,000","-7,700,000","-2,800,000","-1,500,000","-1,300,000","-1,000,000","100,000","300,000","-2,500,000","-2,565,000","-5,504,000","-13,527,000","396,000","-2,582,000","1,985,000","2,177,000","546,000","-6,306,000","-18,666,000","3,381,000","4,238,000","-4,482,000","-6,738,000","-220,000","-3,531,000","-14,379,000","3,036,000","-5,664,000","2,827,000","6,957,000","1,222,000","-127,021,000","1,134,000","1,151,000","1,500,000","2,000,000","2,100,000","-55,900,000","2,900,000","3,800,000","5,000,000",,"400,000","300,000",
	GainOnSaleOfSecurity,,,,,,,,,,,,,,,,,,"600,000","1,700,000","100,000","100,000","-2,000,000","1,000,000","2,000,000","5,000,000","-3,000,000","-5,000,000","-1,000,000","-12,000,000","-8,000,000","-3,000,000","-3,000,000","1,000,000","-4,000,000","1,000,000","-6,000,000","-4,500,000","-3,900,000","-500,000","-2,600,000",,,"1,800,000","-3,800,000","-200,000",,,,,,,,,,,,,,,,,,,,,,,,,,,,,,,,,,,,,,,,,,,,,,,,,,,,,,,
	EarningsFromEquityInterest,,,,,,,,,,,,,,,,,,"-1,500,000","-1,200,000","-900,000","-200,000","-1,000,000","-2,000,000","-2,000,000","-4,000,000","-1,000,000","-3,000,000","-3,000,000","-2,000,000","-3,000,000","-3,000,000","-3,000,000","-2,000,000","-2,000,000","-3,000,000","-2,000,000","-4,900,000","-1,800,000","-1,500,000","-1,300,000","-4,100,000","-2,200,000","-1,100,000","-1,900,000","-2,900,000","-2,800,000","-800,000","-1,200,000","-1,700,000","-2,400,000","-1,800,000","300,000","-2,300,000","-1,100,000","-800,000","-700,000","-600,000","-600,000","-600,000",,"-100,000","1,400,000","900,000","800,000",,,,,,,,,,,,,,,,,,,,,,,,,,,,,,,,,,,,
	SpecialIncomeCharges,"-82,300,000","1,200,000","-3,300,000","-19,300,000","-53,400,000","-12,500,000","-191,500,000","-9,100,000","-26,000,000","-21,400,000","-20,600,000","-30,800,000","-64,200,000","-42,300,000","-25,700,000","-23,700,000","-54,500,000","-27,200,000","-29,800,000","-46,500,000","-321,400,000","-77,000,000","-69,000,000","-105,000,000","-45,000,000","-67,000,000","-38,000,000","-42,000,000","-10,000,000","-1,000,000","-2,000,000","-4,000,000","-3,000,000","-14,000,000","0","16,000,000","-14,900,000","-14,000,000",,,"-10,400,000","-2,200,000",,,"-2,500,000","-2,500,000","800,000","-900,000","1,100,000","-6,700,000","-10,600,000","500,000","-66,300,000","-6,900,000","-4,400,000","100,000","-7,100,000","-2,200,000","-900,000","-1,300,000","-900,000","-1,300,000","-600,000","-3,300,000","-6,865,000","-5,504,000","-13,527,000","396,000","-2,582,000","1,985,000","2,177,000","546,000","-6,306,000","-18,666,000","3,381,000","4,238,000","-4,482,000","-6,738,000","-220,000","-3,531,000","-14,379,000","3,036,000","-5,664,000","2,827,000","6,957,000","1,222,000","-127,021,000","1,134,000","1,151,000","1,500,000","2,000,000","2,100,000","-55,900,000","2,900,000","3,800,000","5,000,000",,"400,000","300,000",
		RestructuringAndMergernAcquisition,"2,700,000","-1,200,000","2,600,000","700,000","-6,900,000","9,900,000","160,500,000","7,000,000","16,100,000","7,000,000","14,500,000","29,600,000","51,700,000","40,100,000","15,900,000","22,400,000","29,300,000","23,300,000","18,600,000","36,800,000","124,600,000","66,000,000","42,000,000","86,000,000","20,000,000","58,000,000","31,000,000","34,000,000","3,000,000","1,000,000","2,000,000","4,000,000","2,000,000","14,000,000","0","-16,000,000","8,300,000","2,600,000",,,,,,,"1,200,000","-100,000","1,400,000","100,000","-400,000","600,000","6,300,000","400,000","22,100,000","1,500,000",,,,,,,"600,000",,"1,800,000","2,200,000",,,,,"495,000","218,000","897,000","731,000","3,636,000","15,930,000",,,"6,443,000","8,000,000",,,,,,,,,,,,,,,,,,,,,,
		ImpairmentOfCapitalAssets,"79,600,000","0","700,000","18,600,000","60,300,000","2,600,000","31,000,000","2,100,000","9,900,000","14,400,000","6,100,000","1,200,000","12,500,000","2,200,000","9,800,000","1,300,000","25,200,000","3,900,000","11,200,000","9,700,000","196,800,000","11,000,000","27,000,000","19,000,000","25,000,000","9,000,000","7,000,000","8,000,000","5,000,000",,,,"1,000,000","0",,,"6,600,000","11,400,000",,,,,,,"2,500,000","0","0",,"0","4,900,000","1,700,000",,,,,,,,,,,,,,,,,,,,,,,,,,,,,,,,,,,,,,,,,,,,,,,,,
		WriteOff,,,"700,000","18,600,000","60,300,000","2,600,000","31,000,000","2,100,000","9,900,000","14,400,000","6,100,000","1,200,000","12,500,000","2,200,000","9,800,000","1,300,000","25,200,000","3,900,000","11,200,000","9,700,000","196,800,000","11,000,000","27,000,000","19,000,000","25,000,000","9,000,000","7,000,000","8,000,000","5,000,000",,,,"1,000,000","0",,,,"11,400,000",,,,,,,,,,,,,,,,,,,,,,,,,,,,,,,,,,,,,,,,,,,,,,,,,,,,,,,,,,,,,,
		OtherSpecialCharges,,,,,,,,,,,,,,,,,,,,,,,,,,,,,,,,,,,,,,,,,,,,,,"2,600,000","-2,200,000","800,000","-700,000","1,200,000","2,600,000","-900,000","-11,200,000","5,400,000",,,,,,,"300,000",,"-1,200,000","1,100,000",,,,,"2,087,000","-2,203,000","-3,074,000","-1,277,000","2,670,000","2,736,000",,,"-1,961,000","-1,262,000",,,,,,,,,,,,,,,,,,,,,,
	OtherNonOperatingIncomeExpenses,"1,700,000","100,000","-1,400,000","900,000","2,100,000","1,600,000","1,800,000","2,100,000","-4,500,000","2,900,000","-1,700,000","-4,100,000","1,200,000","1,000,000","400,000","-2,000,000","-1,500,000",,,,,,,,,,,,,,,,,,,,,,,,,,,,,,,,,,,,,,,,,,,,,,,,,,,,,,,,,,,,,,,,,,,,,,,,,,,,,,,,,,,
PretaxIncome,"690,000,000","277,200,000","238,100,000","210,000,000","-35,300,000","162,200,000","-29,100,000","-172,600,000","-287,200,000","230,400,000","236,600,000","146,600,000","35,300,000","199,500,000","214,800,000","132,900,000","24,900,000","186,300,000","191,200,000","86,800,000","-268,900,000","124,000,000","73,000,000","-33,000,000","62,000,000","181,000,000","219,000,000","90,000,000","173,000,000","301,000,000","278,000,000","235,000,000","219,000,000","324,000,000","288,000,000","265,000,000","168,600,000","294,600,000","342,200,000","283,900,000","131,000,000","262,100,000","347,500,000","274,500,000","111,500,000","238,400,000","306,000,000","169,500,000","167,400,000","165,500,000","242,300,000","114,100,000","38,600,000","158,100,000","244,600,000","146,200,000","143,200,000","163,500,000","190,300,000","145,100,000","120,400,000","180,800,000","213,600,000","128,500,000","107,607,000","143,525,000","171,073,000","80,695,000","39,372,000","115,041,000","124,701,000","18,764,000","115,736,000","55,212,000","84,138,000","6,846,000","115,306,000","67,422,000","81,486,000","10,173,000","76,837,000","72,983,000","75,690,000","50,491,000","78,506,000","83,644,000","-103,838,000","39,642,000","53,586,000","54,500,000","93,400,000","47,400,000","-12,500,000","42,800,000","84,200,000","38,300,000","47,800,000","49,700,000","76,100,000","25,900,000"
TaxProvision,"188,400,000","59,500,000","44,800,000","45,300,000","38,800,000","42,400,000","10,000,000","-44,900,000","-38,200,000","-103,700,000","54,500,000","29,500,000","3,700,000","79,500,000","44,500,000","23,900,000","-16,400,000","268,100,000","47,400,000","27,300,000","-64,600,000","42,000,000","28,000,000","-11,000,000","21,000,000","50,000,000","59,000,000","26,000,000","49,000,000","86,000,000","77,000,000","73,000,000","66,000,000","87,000,000","83,000,000","84,000,000","41,400,000","78,900,000","128,500,000","90,500,000","36,600,000","93,100,000","114,000,000","90,400,000","38,300,000","70,000,000","100,800,000","48,700,000","53,300,000","54,400,000","64,800,000","37,300,000","-5,900,000","52,800,000","83,600,000","51,000,000","39,700,000","50,800,000","75,000,000","56,800,000","47,200,000","70,300,000","76,600,000","48,300,000","47,908,000","52,368,000","64,281,000","30,343,000","15,994,000","40,199,000","44,294,000","6,849,000","43,282,000","19,854,000","30,128,000","1,791,000","42,087,000","24,610,000","29,742,000","3,713,000","28,814,000","27,369,000","27,880,000","19,440,000","31,009,000","33,041,000","-41,017,000","15,659,000","21,822,000","22,200,000","38,100,000","19,300,000","-5,100,000","17,400,000","34,300,000","15,600,000","19,100,000","20,400,000","31,200,000","-18,700,000"
NetIncomeCommonStockholders,"501,600,000","217,700,000","193,300,000","164,700,000","-74,100,000","119,800,000","-39,100,000","-127,700,000","-249,000,000","334,100,000","182,100,000","117,100,000","31,600,000","120,000,000","170,300,000","109,000,000","41,300,000","-81,800,000","143,800,000","59,500,000","-204,300,000","82,000,000","45,000,000","-22,000,000","41,000,000","131,000,000","160,000,000","64,000,000","124,000,000","215,000,000","201,000,000","162,000,000","153,000,000","237,000,000","205,000,000","181,000,000","127,200,000","215,700,000","213,700,000","193,400,000","94,400,000","169,000,000","233,500,000","184,100,000","73,200,000","168,400,000","205,200,000","120,800,000","114,100,000","111,100,000","177,500,000","76,800,000","44,500,000","105,300,000","161,000,000","95,200,000","103,500,000","112,700,000","115,300,000","88,300,000","73,200,000","110,500,000","137,000,000","80,200,000","62,415,000","90,673,000","104,205,000","50,707,000","21,773,000","74,842,000","80,407,000","13,403,000","76,531,000","35,358,000","54,010,000","5,055,000","73,219,000","42,812,000","51,744,000","6,460,000","48,023,000","45,614,000","47,810,000","31,051,000","47,497,000","50,603,000","-62,821,000","23,983,000","31,797,000","32,300,000","55,300,000","24,100,000","-7,400,000","25,400,000","49,900,000","22,700,000","28,700,000","29,300,000","44,900,000","44,600,000"
	NetIncome,"501,600,000","217,700,000","193,300,000","164,700,000","-74,100,000","119,800,000","-39,100,000","-127,700,000","-249,000,000","334,100,000","182,100,000","117,100,000","31,600,000","120,000,000","170,300,000","109,000,000","41,300,000","-81,800,000","143,800,000","59,500,000","-204,300,000","82,000,000","45,000,000","-22,000,000","41,000,000","131,000,000","160,000,000","64,000,000","124,000,000","215,000,000","201,000,000","162,000,000","153,000,000","237,000,000","205,000,000","181,000,000","127,200,000","215,700,000","213,700,000","193,400,000","94,400,000","169,000,000","233,500,000","184,100,000","73,200,000","168,400,000","205,200,000","120,800,000","114,100,000","111,100,000","177,500,000","76,800,000","44,500,000","105,300,000","161,000,000","95,200,000","103,500,000","112,700,000","115,300,000","88,300,000","73,200,000","110,500,000","137,000,000","80,200,000","62,415,000","90,673,000","104,205,000","50,707,000","21,773,000","74,842,000","80,407,000","13,403,000","76,531,000","35,358,000","54,010,000","5,055,000","73,219,000","42,812,000","51,744,000","6,460,000","48,023,000","45,614,000","47,810,000","31,051,000","47,497,000","50,603,000","-62,821,000","23,983,000","31,797,000","32,300,000","55,300,000","24,100,000","-7,400,000","25,400,000","49,900,000","22,700,000","28,700,000","29,300,000","44,900,000","44,600,000"
		NetIncomeIncludingNoncontrollingInterests,"501,600,000","217,700,000","193,300,000","164,700,000","-74,100,000","119,800,000","-39,100,000","-127,700,000","-249,000,000","334,100,000","182,100,000","117,100,000","31,600,000","120,000,000","170,300,000","109,000,000","41,300,000","-81,800,000","143,800,000","59,500,000","-204,300,000","82,000,000","45,000,000","-22,000,000","41,000,000","131,000,000","160,000,000","64,000,000","124,000,000","215,000,000","201,000,000","162,000,000","153,000,000","237,000,000","205,000,000","181,000,000","127,200,000","215,700,000","213,700,000","193,400,000","94,400,000","169,000,000","233,500,000","184,100,000","73,200,000","168,400,000","205,200,000","120,800,000","114,100,000","111,100,000","177,500,000","76,800,000","44,500,000","105,300,000","161,000,000","95,200,000","103,500,000","112,800,000","115,400,000","90,100,000","77,600,000","113,800,000","140,600,000","84,200,000","75,915,000","90,673,000","104,205,000","50,707,000","21,773,000","74,842,000","80,407,000","13,403,000","76,531,000","35,358,000","54,010,000","5,055,000","73,219,000","42,812,000","51,744,000","6,460,000","48,023,000","45,614,000","47,810,000","31,051,000","47,497,000","50,603,000","-62,821,000","23,983,000","31,797,000","32,300,000","55,300,000","24,100,000","-7,400,000","25,400,000","49,900,000","22,700,000","28,700,000","29,300,000","44,900,000","44,600,000"
			NetIncomeContinuousOperations,"501,600,000","217,700,000","193,300,000","164,700,000","-74,100,000","119,800,000","-39,100,000","-127,700,000","-249,000,000","334,100,000","182,100,000","117,100,000","31,600,000","120,000,000","170,300,000","109,000,000","41,300,000","-81,800,000","143,800,000","59,500,000","-204,300,000","82,000,000","45,000,000","-22,000,000","41,000,000","131,000,000","160,000,000","64,000,000","124,000,000","215,000,000","201,000,000","162,000,000","153,000,000","237,000,000","205,000,000","181,000,000","127,200,000","215,700,000","213,700,000","193,400,000","94,400,000","169,000,000","233,500,000","184,100,000","73,200,000","168,400,000","205,200,000","120,800,000","114,100,000","111,100,000","177,500,000","76,800,000","44,500,000","105,300,000","161,000,000","95,200,000","103,500,000","112,700,000","115,300,000","88,300,000","73,200,000","110,500,000","137,000,000","80,200,000","62,415,000","90,673,000","104,205,000","50,707,000","21,773,000","74,842,000","80,407,000","13,403,000","76,531,000","35,358,000","54,010,000","5,055,000","73,219,000","42,812,000","51,744,000","6,460,000","48,023,000","45,614,000","47,810,000","31,051,000","47,497,000","50,603,000","-62,821,000","23,983,000","31,764,000","32,300,000","55,300,000","28,100,000","-7,400,000","25,400,000","49,900,000","22,700,000","28,700,000","29,300,000","44,900,000","44,600,000"
			NetIncomeExtraordinary,,,,,,,,,,,,,,,,,,,,,,,,,,,,,,,,,,,,,,,,,,,,,,,,,,,,,,,,,,,,,,,,,,,,,,,,,,,,,,,,,,,,,,,,,"33,000",,,"-4,000,000",,,,,,,,
		MinorityInterests,,,,,,,,,,,,,,,,,,,,,,,,,,,,,,,,,,,,,,,,,,,,,,,,,,,,,,,,,"0","-100,000","-100,000","-1,800,000","-4,400,000","-3,300,000","-3,600,000","-4,000,000",,,,,,,,,,,,,,,,,,,,,,,,,,,,,,,,,,,,
DilutedNIAvailtoComStockholders,"501,600,000","217,700,000","193,300,000","164,700,000","-74,100,000","119,800,000","-39,100,000","-127,700,000","-249,000,000","334,100,000","182,100,000","117,100,000","31,600,000","120,000,000","170,300,000","109,000,000","41,300,000","-81,800,000","143,800,000","59,500,000","-204,300,000","82,000,000","45,000,000","-22,000,000","41,000,000","131,000,000","160,000,000","64,000,000","124,000,000","215,000,000","201,000,000","162,000,000","153,000,000","237,000,000","205,000,000","181,000,000","127,200,000","215,700,000","213,700,000","193,400,000","94,400,000","169,000,000","233,500,000","184,100,000","73,200,000","168,400,000","205,200,000","120,800,000","114,100,000","111,100,000","177,500,000","76,800,000","44,500,000","105,300,000","161,000,000","95,200,000","103,500,000","112,700,000","115,300,000","88,300,000","73,200,000","110,500,000","137,000,000","80,200,000","62,415,000","90,673,000","104,205,000","50,707,000","21,773,000","74,842,000","80,407,000","13,403,000","76,531,000","35,358,000","54,010,000","5,055,000","73,219,000","42,812,000","51,744,000","6,460,000","48,023,000","45,614,000","47,810,000","31,051,000","47,497,000","50,603,000","-62,821,000","23,983,000","31,797,000","32,300,000","55,300,000","24,100,000","-7,400,000","25,400,000","49,900,000","22,700,000","28,700,000","29,300,000","44,900,000","44,600,000"
BasicEPS,,"2.98","2.61","2.23","-1.01","1.63","-0.53","-1.75","-3.38","4.47","2.37","1.5","0.4","1.5","2.09","1.33","0.51","-1","1.76","0.73",,"0.98","0.55","-0.27","0.49","1.55","1.87","0.74","1.43","2.44","2.27","1.82","1.71","2.62","2.28","1.99",,"2.37","2.34","2.1",,"1.83","2.53","1.96","0.76","1.76","2.15","1.24",,"1.12","1.79","0.77",,"1.07","1.62","0.96",,"1.11","1.12","0.85",,"1.06","1.31","0.76",,"0.87","1","0.49",,"0.73","0.79","0.13",,"0.36","0.55","0.05",,"0.44","0.53","0.07",,"0.47","0.49","0.32",,"0.52","-0.65","0.25",,"0.33","0.56","0.24",,"0.25","0.5","0.23",,"0.29","0.45","0.17"
DilutedEPS,,"2.93","2.57","2.18","-1.01","1.61","-0.53","-1.75","-3.38","4.41","2.34","1.47","0.39","1.48","2.07","1.31","0.5","-1","1.75","0.72",,"0.98","0.55","-0.27","0.49","1.54","1.86","0.73","1.41","2.41","2.25","1.8","1.68","2.57","2.23","1.94",,"2.31","2.29","2.03",,"1.78","2.46","1.9","0.74","1.72","2.09","1.21",,"1.1","1.75","0.76",,"1.05","1.58","0.93",,"1.08","1.09","0.82",,"1.03","1.28","0.74",,"0.84","0.97","0.48",,"0.72","0.78","0.13",,"0.35","0.54","0.05",,"0.43","0.52","0.07",,"0.46","0.49","0.315",,"0.52","-0.65","0.246",,"0.326","0.56","0.24",,"0.25","0.5","0.23",,"0.29","0.45","0.17"
BasicAverageShares,,"73,200,000","74,000,000","73,800,000","73,600,000","73,600,000","73,500,000","73,100,000","73,700,000","74,700,000","76,700,000","78,200,000","79,000,000","80,200,000","81,300,000","81,900,000","81,700,000","81,700,000","81,700,000","81,600,000",,"82,600,000","82,700,000","83,300,000","83,900,000","84,900,000","85,600,000","86,500,000","87,300,000","88,100,000","88,400,000","88,900,000","89,200,000","90,100,000","90,400,000","90,800,000",,"91,100,000","91,300,000","92,200,000",,"92,200,000","92,200,000","93,900,000","95,800,000","95,500,000","95,500,000","97,200,000",,"98,800,000","99,400,000","99,200,000",,"98,800,000","99,300,000","99,500,000",,"101,600,000","102,600,000","103,900,000",,"104,200,000","104,500,000","105,100,000",,"104,688,000","104,198,000","103,048,000",,"101,896,000","101,192,000","100,481,000",,"99,072,270","98,703,840","98,377,228",,"98,412,022","98,301,441","98,161,220",,"97,506,076","97,437,461","97,108,788",,"96,530,102","96,713,414","97,092,017",,"98,807,754","98,750,000","100,416,667",,"101,600,000","99,800,000","98,695,652",,"101,034,483","99,777,778","100,274,000"
DilutedAverageShares,,"74,300,000","75,300,000","75,400,000","73,600,000","74,600,000","73,500,000","73,100,000","73,700,000","75,800,000","77,900,000","79,900,000","80,100,000","81,200,000","82,300,000","83,300,000","82,800,000","81,700,000","82,300,000","82,500,000",,"83,300,000","83,200,000","83,300,000","84,500,000","85,500,000","86,000,000","87,500,000","88,200,000","89,000,000","89,200,000","90,200,000","90,900,000","91,800,000","92,200,000","93,100,000",,"93,300,000","93,400,000","95,100,000",,"94,900,000","94,900,000","96,800,000","98,600,000","98,100,000","98,000,000","99,900,000",,"101,400,000","101,600,000","101,500,000",,"100,700,000","101,800,000","102,100,000",,"104,300,000","105,400,000","107,300,000",,"107,600,000","107,300,000","108,100,000",,"107,780,000","107,416,000","105,491,000",,"104,325,000","103,571,000","102,802,000",,"101,291,472","100,781,395","99,544,131",,"99,311,085","99,319,019","99,333,199",,"98,504,094","98,483,031","98,493,077",,"97,347,194","97,256,321","97,350,907",,"98,938,341","98,750,000","100,416,667",,"101,600,000","99,800,000","98,695,652",,"101,034,483","99,777,778","100,274,000"
TotalOperatingIncomeAsReported,"735,900,000","289,100,000","251,900,000","220,600,000","-25,700,000","170,400,000","-20,300,000","-168,000,000","-283,800,000","224,400,000","233,100,000","143,300,000","27,900,000","193,800,000","210,000,000","130,100,000","25,400,000","189,200,000","193,300,000","90,300,000","-267,800,000","128,000,000","76,000,000","-31,000,000","67,000,000","189,000,000","230,000,000","96,000,000","190,000,000","315,000,000","286,000,000","244,000,000","225,000,000","334,000,000","295,000,000","276,000,000","182,000,000","304,400,000","348,300,000","292,000,000","136,400,000","270,100,000","350,800,000","282,100,000","117,200,000","246,300,000","307,400,000","174,200,000","171,800,000","172,500,000","245,900,000","116,700,000","39,400,000","166,600,000","242,900,000","146,600,000","144,200,000","170,700,000","192,600,000","145,800,000","120,100,000","184,200,000","214,900,000","133,400,000","115,754,000","143,642,000","176,983,000","80,221,000","-883,203,000","114,834,000","123,672,000","20,605,000","124,859,000","60,458,000","82,953,000","5,526,000","116,562,000","69,519,000","84,648,000","17,688,000","79,045,000","74,448,000","86,133,000","53,588,000","-45,884,000","88,126,000","29,966,000","45,013,000","57,960,000","56,400,000","95,000,000","47,800,000","45,100,000","40,900,000","81,100,000","33,300,000","45,800,000","49,300,000","75,900,000","28,700,000"
RentExpenseSupplemental,,"1,400,000","5,100,000",,,,,,,,,,,,,,,,,,,,,,,,,,,,,,,,,,,,,,,,,,,,,,,,,,,,,,,,,,,,,,,,,,,,,,,,,,,,,,,,,,,,,,,,,,,,,,,,,
TotalExpenses,"5,164,600,000","1,527,500,000","1,248,900,000","1,136,400,000","1,259,300,000","1,249,900,000","1,022,300,000","646,400,000","1,531,900,000","1,504,900,000","1,452,500,000","1,254,700,000","1,413,600,000","1,489,700,000","1,455,200,000","1,236,800,000","1,449,300,000","1,425,400,000","1,441,100,000","1,210,300,000","1,512,200,000","1,509,000,000","1,676,000,000","1,478,000,000","1,759,000,000","1,690,000,000","1,702,000,000","1,480,000,000","1,685,000,000","1,717,000,000","1,706,000,000","1,460,000,000","1,639,000,000","1,667,000,000","1,620,000,000","1,393,000,000","1,446,400,000","1,527,700,000","1,513,700,000","1,301,400,000","1,471,900,000","1,535,500,000","1,553,800,000","1,244,300,000","1,306,000,000","1,301,800,000","1,223,300,000","979,000,000","1,165,700,000","1,065,900,000","1,120,300,000","906,600,000","1,107,500,000","1,083,900,000","1,186,000,000","967,000,000","1,096,700,000","1,099,100,000","1,106,500,000","924,500,000","910,600,000","959,500,000","950,100,000","818,000,000","846,738,000","851,840,000","850,401,000","671,721,000","899,923,000","772,941,000","759,111,000","571,414,000","690,286,000","568,977,000","624,824,000","472,205,000","569,326,000","561,651,000","556,191,000","449,312,000","538,043,000","542,647,000","509,562,000","464,241,000","386,157,000","524,392,000","554,701,000","441,150,000","407,817,000","452,400,000","446,800,000","384,500,000","398,000,000","403,700,000","389,900,000","321,200,000","310,300,000","356,400,000","345,200,000","259,200,000"
NetIncomeFromContinuingAndDiscontinuedOperation,"501,600,000","217,700,000","193,300,000","164,700,000","-74,100,000","119,800,000","-39,100,000","-127,700,000","-249,000,000","334,100,000","182,100,000","117,100,000","31,600,000","120,000,000","170,300,000","109,000,000","41,300,000","-81,800,000","143,800,000","59,500,000","-204,300,000","82,000,000","45,000,000","-22,000,000","41,000,000","131,000,000","160,000,000","64,000,000","124,000,000","215,000,000","201,000,000","162,000,000","153,000,000","237,000,000","205,000,000","181,000,000","127,200,000","215,700,000","213,700,000","193,400,000","94,400,000","169,000,000","233,500,000","184,100,000","73,200,000","168,400,000","205,200,000","120,800,000","114,100,000","111,100,000","177,500,000","76,800,000","44,500,000","105,300,000","161,000,000","95,200,000","103,500,000","112,700,000","115,300,000","88,300,000","73,200,000","110,500,000","137,000,000","80,200,000","62,415,000","90,673,000","104,205,000","50,707,000","21,773,000","74,842,000","80,407,000","13,403,000","76,531,000","35,358,000","54,010,000","5,055,000","73,219,000","42,812,000","51,744,000","6,460,000","48,023,000","45,614,000","47,810,000","31,051,000","47,497,000","50,603,000","-62,821,000","23,983,000","31,764,000","32,300,000","55,300,000","28,100,000","-7,400,000","25,400,000","49,900,000","22,700,000","28,700,000","29,300,000","44,900,000","44,600,000"
NormalizedIncome,"561,428,521.739","216,756,800","195,979,600","179,831,200","-35,118,000","129,025,000","100,695,000","-120,966,000","-226,458,217.27","349,722,000","197,941,400","141,709,200","89,070,821.53","145,464,600","190,680,100","128,434,000","82,837,000","-65,840,000","164,931,200","91,330,400","39,811,528.449","134,140,000","87,160,000","47,216,000","67,451,612.903","181,750,000","191,347,000","94,530,000","139,768,786.127","221,426,000","204,610,000","166,823,000","154,397,260.274","250,158,000","204,288,000","174,170,000","141,836,298.932","228,802,800","214,012,000","195,170,600","102,975,267.176","170,418,542.541","232,290,503.597","186,648,561.02","75,760,358.744","170,165,939.597","204,663,529.412","121,441,415.929","113,350,238.949","115,597,703.927","185,265,167.148","76,463,453.111","87,595,000","109,895,635.674","163,896,156.991","95,134,883.721","108,631,634.078","114,216,452.599","115,845,296.9","89,091,109.58","73,747,176.08","111,294,524.336","137,384,831.461","82,259,610.895","66,534,000","94,168,754.245","112,649,204.427","50,459,904.244","23,322,200","73,550,622.404","79,003,273.975","13,056,294.074","80,478,733.843","47,311,785.916","51,839,663.054","1,925,714.286","76,065,057.95","47,090,533.06","51,883,701.053","8,702,235.329","57,009,851.608","43,716,515.6","51,387,696.393","29,312,449.031","43,287,937.903","49,863,713.667","14,025,493.971","23,296,941.728","31,073,400","31,400,000","54,100,000","26,840,000","26,140,000","23,660,000","47,620,000","19,700,000","28,700,000","29,060,000","44,720,000","44,600,000"
InterestIncome,"6,600,000","1,400,000","1,200,000","1,800,000","2,200,000","2,400,000","2,200,000","2,900,000","5,900,000","7,300,000","9,600,000","11,600,000","11,300,000","9,900,000","10,400,000","9,200,000","5,200,000","2,800,000","2,000,000","2,300,000","400,000","3,000,000","2,000,000","1,000,000","1,000,000","2,000,000","1,000,000","2,000,000","2,000,000","0","3,000,000","1,000,000","-1,000,000","0","2,000,000","2,000,000","1,600,000","1,500,000","1,300,000","1,300,000","1,700,000","2,700,000","2,400,000","4,200,000","2,500,000","1,800,000","1,600,000","1,800,000","2,000,000","1,200,000","6,400,000","2,800,000",,,,,,,,,,,,,,,,,,,,,,,,,,,,,,,,,,,,,,,,,,,,,,,,
InterestExpense,"54,200,000","13,400,000","13,600,000","13,300,000","13,900,000","12,200,000","12,800,000","9,600,000","4,800,000","4,200,000","4,400,000","4,200,000","5,100,000","5,200,000","6,000,000","4,400,000","3,800,000","4,800,000","4,600,000","5,000,000","1,400,000","4,000,000","4,000,000","3,000,000","7,000,000","6,000,000","4,000,000","4,000,000","5,000,000","3,000,000","5,000,000","4,000,000","4,000,000","4,000,000","7,000,000","5,000,000","5,600,000","5,600,000","5,400,000","5,500,000","5,700,000","6,300,000","6,400,000","6,100,000","5,100,000","4,300,000","4,400,000","4,500,000","5,400,000","4,600,000","5,600,000","6,600,000",,,,,,,,,,,,,,,,,,,,,,,,,,,,,,,,,,,,,,,,,,,,,,,,
NetInterestIncome,"-47,600,000","-12,000,000","-12,400,000","-11,500,000","-11,700,000","-9,800,000","-10,600,000","-6,700,000","1,100,000","3,100,000","5,200,000","7,400,000","6,200,000","4,700,000","4,400,000","4,800,000","1,400,000","-2,000,000","-2,600,000","-2,700,000","-1,000,000","-1,000,000","-2,000,000","-2,000,000","-6,000,000","-4,000,000","-3,000,000","-2,000,000","-3,000,000","-3,000,000","-2,000,000","-3,000,000","-5,000,000","-4,000,000","-5,000,000","-3,000,000","-4,000,000","-4,100,000","-4,100,000","-4,200,000","-4,000,000","-3,600,000","-4,000,000","-1,900,000","-2,600,000","-2,500,000","-2,800,000","-2,700,000","-3,400,000","-3,400,000","800,000","-3,800,000",,,,,,,,,,,,,,,,,,,,,,,,,,,,,,,,,,,,,,,,,,,,,,,,
EBIT,"744,200,000","290,600,000","251,700,000","223,300,000","-21,400,000","174,400,000","-16,300,000","-163,000,000","-282,400,000","234,600,000","241,000,000","150,800,000","40,400,000","204,700,000","220,800,000","137,300,000","28,700,000","191,100,000","195,800,000","91,800,000","-267,500,000","128,000,000","77,000,000","-30,000,000","69,000,000","187,000,000","223,000,000","94,000,000","178,000,000","304,000,000","283,000,000","239,000,000","223,000,000","328,000,000","295,000,000","270,000,000","174,200,000","300,200,000","347,600,000","289,400,000","136,700,000","268,400,000","353,900,000","280,600,000","116,600,000","242,700,000","310,400,000","174,000,000","172,800,000","170,100,000","247,900,000","120,700,000","56,500,000","168,100,000","242,900,000","146,600,000","144,200,000","170,700,000","192,600,000","145,800,000","120,700,000","184,200,000","216,700,000","135,600,000","124,754,000","143,642,000","176,983,000","80,221,000","41,069,000","115,052,000","124,569,000","21,336,000","128,495,000","76,388,000","82,953,000","5,526,000","123,005,000","77,519,000","84,648,000","17,688,000","95,045,000","74,448,000","86,133,000","53,588,000","156,269,000","88,126,000","29,966,000","45,013,000","57,960,000","56,400,000","95,000,000","47,800,000","45,100,000","40,900,000","81,100,000","33,300,000","45,800,000","49,300,000","75,900,000","28,700,000"
EBITDA,"975,600,000"
ReconciledCostOfRevenue,"2,018,500,000","617,300,000","488,900,000","408,200,000","504,100,000","502,400,000","394,100,000","138,800,000","679,700,000","661,600,000","657,200,000","508,000,000","604,200,000","666,300,000","661,600,000","494,900,000","620,700,000","578,900,000","600,600,000","429,000,000","677,300,000","659,000,000","797,000,000","585,000,000","781,000,000","781,000,000","786,000,000","584,000,000","772,000,000","802,000,000","797,000,000","602,000,000","759,000,000","785,000,000","775,000,000","598,000,000","617,200,000","698,200,000","766,700,000","551,900,000","646,600,000","724,400,000","777,500,000","516,600,000","572,200,000","596,000,000","604,000,000","401,100,000","506,000,000","481,400,000","549,500,000","383,400,000","548,800,000","542,500,000","598,700,000","434,000,000","524,400,000","553,900,000","566,800,000","442,900,000","435,900,000","499,900,000","504,400,000","389,900,000","418,849,000","429,453,000","446,896,000","337,514,000","439,334,000","449,960,000","445,925,000","285,650,000","427,782,000","312,363,000","357,211,000","228,979,000","346,510,000","331,260,000","319,573,000","234,396,000","321,296,000","330,086,000","310,055,000","255,468,000","257,158,000","297,281,000","315,266,000","214,423,000","226,510,000","249,900,000","253,600,000","206,000,000","233,600,000","229,500,000","229,800,000","165,400,000","177,600,000","206,500,000","207,500,000","136,600,000"
ReconciledDepreciation,"231,400,000","56,200,000","55,900,000","57,200,000","62,100,000","60,300,000","61,500,000","63,700,000","68,500,000","68,200,000","66,600,000","66,200,000","69,300,000","72,000,000","69,700,000","70,300,000","75,800,000","72,700,000","73,800,000","72,900,000","75,500,000","78,000,000","76,000,000","78,000,000","83,000,000","76,000,000","77,000,000","74,000,000","75,000,000","78,000,000","72,000,000","69,000,000","65,000,000","67,000,000","66,000,000","60,000,000","58,300,000","60,600,000","57,300,000","56,100,000","57,000,000","56,800,000","56,000,000","55,400,000","51,300,000","50,400,000","46,400,000","46,000,000","47,700,000","44,100,000","45,100,000","44,300,000","46,400,000","44,900,000","47,000,000","46,100,000","53,700,000","53,000,000","51,500,000","43,100,000","40,500,000","32,800,000","33,600,000","37,800,000","32,439,000","36,329,000","30,571,000","27,661,000","30,291,000","26,868,000","24,023,000","22,451,000","24,085,000","18,603,000","19,059,000","21,442,000","15,626,000","20,904,000","23,653,000","18,462,000","20,685,000","18,497,000","23,814,000","20,923,000","18,515,000","18,939,000","20,818,000","20,327,000","13,180,000","20,800,000","20,900,000","11,400,000","13,100,000","11,200,000","11,300,000","10,800,000","7,400,000","7,500,000","6,600,000","5,900,000"
NetIncomeFromContinuingOperationNetMinorityInterest,"501,600,000","217,700,000","193,300,000","164,700,000","-74,100,000","119,800,000","-39,100,000","-127,700,000","-249,000,000","334,100,000","182,100,000","117,100,000","31,600,000","120,000,000","170,300,000","109,000,000","41,300,000","-81,800,000","143,800,000","59,500,000","-204,300,000","82,000,000","45,000,000","-22,000,000","41,000,000","131,000,000","160,000,000","64,000,000","124,000,000","215,000,000","201,000,000","162,000,000","153,000,000","237,000,000","205,000,000","181,000,000","127,200,000","215,700,000","213,700,000","193,400,000","94,400,000","169,000,000","233,500,000","184,100,000","73,200,000","168,400,000","205,200,000","120,800,000","114,100,000","111,100,000","177,500,000","76,800,000","44,500,000","105,300,000","161,000,000","95,200,000","103,500,000","112,700,000","115,300,000","88,300,000","73,200,000","110,500,000","137,000,000","80,200,000","62,415,000","90,673,000","104,205,000","50,707,000","21,773,000","74,842,000","80,407,000","13,403,000","76,531,000","35,358,000","54,010,000","5,055,000","73,219,000","42,812,000","51,744,000","6,460,000","48,023,000","45,614,000","47,810,000","31,051,000","47,497,000","50,603,000","-62,821,000","23,983,000","31,764,000","32,300,000","55,300,000","28,100,000","-7,400,000","25,400,000","49,900,000","22,700,000","28,700,000","29,300,000","44,900,000","44,600,000"
TotalUnusualItemsExcludingGoodwill,"-82,300,000","1,200,000","-3,300,000","-19,300,000","-53,400,000","-12,500,000","-191,500,000","-9,100,000","-26,000,000","-21,400,000","-20,600,000","-30,800,000","-64,200,000","-42,300,000","-25,700,000","-23,700,000","-56,900,000","-26,600,000","-28,100,000","-46,400,000","-321,300,000","-79,000,000","-68,000,000","-103,000,000","-40,000,000","-70,000,000","-43,000,000","-43,000,000","-22,000,000","-9,000,000","-5,000,000","-7,000,000","-2,000,000","-18,000,000","1,000,000","10,000,000","-19,400,000","-17,900,000","-500,000","-2,600,000","-11,900,000","-2,200,000","1,800,000","-3,800,000","-3,900,000","-2,500,000","800,000","-900,000","1,100,000","-6,700,000","-10,600,000","500,000","-66,300,000","-6,900,000","-4,400,000","100,000","-7,100,000","-2,200,000","-900,000","-1,300,000","-900,000","-1,300,000","-600,000","-3,300,000","-6,865,000","-5,504,000","-13,527,000","396,000","-2,582,000","1,985,000","2,177,000","546,000","-6,306,000","-18,666,000","3,381,000","4,238,000","-4,482,000","-6,738,000","-220,000","-3,531,000","-14,379,000","3,036,000","-5,664,000","2,827,000","6,957,000","1,222,000","-127,021,000","1,134,000","1,151,000","1,500,000","2,000,000","2,100,000","-55,900,000","2,900,000","3,800,000","5,000,000",,"400,000","300,000",
TotalUnusualItems,"-82,300,000","1,200,000","-3,300,000","-19,300,000","-53,400,000","-12,500,000","-191,500,000","-9,100,000","-26,000,000","-21,400,000","-20,600,000","-30,800,000","-64,200,000","-42,300,000","-25,700,000","-23,700,000","-56,900,000","-26,600,000","-28,100,000","-46,400,000","-321,300,000","-79,000,000","-68,000,000","-103,000,000","-40,000,000","-70,000,000","-43,000,000","-43,000,000","-22,000,000","-9,000,000","-5,000,000","-7,000,000","-2,000,000","-18,000,000","1,000,000","10,000,000","-19,400,000","-17,900,000","-500,000","-2,600,000","-11,900,000","-2,200,000","1,800,000","-3,800,000","-3,900,000","-2,500,000","800,000","-900,000","1,100,000","-6,700,000","-10,600,000","500,000","-66,300,000","-6,900,000","-4,400,000","100,000","-7,100,000","-2,200,000","-900,000","-1,300,000","-900,000","-1,300,000","-600,000","-3,300,000","-6,865,000","-5,504,000","-13,527,000","396,000","-2,582,000","1,985,000","2,177,000","546,000","-6,306,000","-18,666,000","3,381,000","4,238,000","-4,482,000","-6,738,000","-220,000","-3,531,000","-14,379,000","3,036,000","-5,664,000","2,827,000","6,957,000","1,222,000","-127,021,000","1,134,000","1,151,000","1,500,000","2,000,000","2,100,000","-55,900,000","2,900,000","3,800,000","5,000,000",,"400,000","300,000",
NormalizedEBITDA,"1,057,900,000","345,600,000","310,900,000","299,800,000","94,100,000","247,200,000","236,700,000","-90,200,000","-187,900,000","324,200,000","328,200,000","247,800,000","173,900,000","319,000,000","316,200,000","231,300,000","161,400,000","290,400,000","297,700,000","211,100,000","129,300,000","285,000,000","221,000,000","151,000,000","192,000,000","333,000,000","343,000,000","211,000,000","275,000,000","391,000,000","360,000,000","315,000,000","290,000,000","413,000,000","360,000,000","320,000,000","251,900,000","378,700,000","405,400,000","348,100,000","205,600,000","327,400,000","408,100,000","339,800,000","171,800,000","295,600,000","356,000,000","220,900,000","219,400,000","220,900,000","303,600,000","164,500,000","169,200,000","219,900,000","294,300,000","192,600,000","205,000,000","225,900,000","245,000,000","190,200,000","162,100,000","218,300,000","250,900,000","176,700,000","164,058,000","185,475,000","221,081,000","107,486,000","73,942,000","139,935,000","146,415,000","43,241,000","158,886,000","113,657,000","98,631,000","22,730,000","143,113,000","105,161,000","108,521,000","39,681,000","130,109,000","89,909,000","115,611,000","71,684,000","167,827,000","105,843,000","177,805,000","64,206,000","69,989,000","75,700,000","113,900,000","57,100,000","114,100,000","49,200,000","88,600,000","39,100,000","53,200,000","56,400,000","82,200,000","34,600,000"
TaxRateForCalcs,"0.273","0.214","0.188","0.216","0.27","0.262","0.27","0.26","0.133","0.27","0.231","0.201","0.105","0.398","0.207","0.18","0.27","0.4","0.248","0.314","0.24","0.34","0.38","0.328","0.339","0.275","0.271","0.29","0.283","0.286","0.278","0.311","0.301","0.269","0.288","0.317","0.246","0.268","0.376","0.319","0.279","0.355","0.328","0.329","0.343","0.294","0.329","0.287","0.318","0.329","0.267","0.327","0.35","0.334","0.342","0.349","0.277","0.311","0.394","0.391","0.392","0.389","0.359","0.376","0.4","0.365","0.376","0.376","0.4","0.349","0.355","0.365","0.374","0.36","0.358","0.262","0.365","0.365","0.365","0.365","0.375","0.375","0.368","0.385","0.395","0.395","0.395","0.395","0.4","0.4","0.4","0.4","0.4","0.4","0.4","0.4","0.4","0.4","0.4","0.4"
TaxEffectOfUnusualItems,"-22,471,478.261","256,800","-620,400","-4,168,800","-14,418,000","-3,275,000","-51,705,000","-2,366,000","-3,458,217.27","-5,778,000","-4,758,600","-6,190,800","-6,729,178.47","-16,835,400","-5,319,900","-4,266,000","-15,363,000","-10,640,000","-6,968,800","-14,569,600","-77,188,471.551","-26,860,000","-25,840,000","-33,784,000","-13,548,387.097","-19,250,000","-11,653,000","-12,470,000","-6,231,213.873","-2,574,000","-1,390,000","-2,177,000","-602,739.726","-4,842,000","288,000","3,170,000","-4,763,701.068","-4,797,200","-188,000","-829,400","-3,324,732.824","-781,457.459","590,503.597","-1,251,438.98","-1,339,641.256","-734,060.403","263,529.412","-258,584.071","350,238.949","-2,202,296.073","-2,834,832.852","163,453.111","-23,205,000","-2,304,364.326","-1,503,843.009","34,883.721","-1,968,365.922","-683,547.401","-354,703.1","-508,890.42","-352,823.92","-505,475.664","-215,168.539","-1,240,389.105","-2,746,000","-2,008,245.755","-5,082,795.573","148,904.244","-1,032,800","693,622.404","773,273.975","199,294.074","-2,358,266.157","-6,712,214.084","1,210,663.054","1,108,714.286","-1,635,942.05","-2,459,466.94","-80,298.947","-1,288,764.671","-5,392,148.392","1,138,515.6","-2,086,303.607","1,088,449.031","2,747,937.903","482,713.667","-50,174,506.029","447,941.728","460,400","600,000","800,000","840,000","-22,360,000","1,160,000","1,520,000","2,000,000","0","160,000","120,000","0"