name,ttm,12/31/2021,09/30/2021,06/30/2021,03/31/2021,12/31/2020,09/30/2020,06/30/2020,03/31/2020,12/31/2019,09/30/2019,06/30/2019,03/31/2019,12/31/2018,09/30/2018,06/30/2018,03/31/2018,12/31/2017,09/30/2017,06/30/2017,03/31/2017,12/31/2016,09/30/2016,06/30/2016,03/31/2016,12/31/2015,09/30/2015,06/30/2015,03/31/2015,12/31/2014,09/30/2014,06/30/2014,03/31/2014,12/31/2013,09/30/2013,06/30/2013,03/31/2013,12/31/2012,09/30/2012,06/30/2012,03/31/2012,12/31/2011,09/30/2011,06/30/2011,03/31/2011,12/31/2010,09/30/2010,06/30/2010,03/31/2010,12/31/2009,09/30/2009,06/30/2009,03/31/2009,12/31/2008,09/30/2008,06/30/2008,03/31/2008,12/31/2007,09/30/2007,06/30/2007,03/31/2007,12/31/2006,09/30/2006,06/30/2006,03/31/2006,12/31/2005,09/30/2005,06/30/2005,03/31/2005,12/31/2004,09/30/2004,06/30/2004,03/31/2004,12/31/2003,09/30/2003,06/30/2003,03/31/2003,12/31/2002,09/30/2002,06/30/2002,03/31/2002,12/31/2001,09/30/2001,06/30/2001,03/31/2001,12/31/2000,09/30/2000,06/30/2000,03/31/2000,12/31/1999,09/30/1999,06/30/1999,03/31/1999,12/31/1998,09/30/1998,06/30/1998,03/31/1998,12/31/1997,09/30/1997,06/30/1997,03/31/1997,12/31/1996,09/30/1996,06/30/1996,03/31/1996,12/31/1995,09/30/1995,06/30/1995,03/31/1995,12/31/1994,09/30/1994,06/30/1994,03/31/1994,12/31/1993,09/30/1993,06/30/1993,03/31/1993,12/31/1992,09/30/1992,06/30/1992,03/31/1992,12/31/1991,09/30/1991,06/30/1991,03/31/1991,12/31/1990,09/30/1990,06/30/1990,03/31/1990,12/31/1989,09/30/1989,06/30/1989,03/31/1989,12/31/1988,09/30/1988,06/30/1988,03/31/1988,12/31/1987,09/30/1987,06/30/1987,03/31/1987,12/31/1986,09/30/1986,06/30/1986,03/31/1986,12/31/1985,09/30/1985
TotalRevenue,"7,289,400,000","1,857,300,000","1,807,800,000","1,848,200,000","1,776,100,000","1,565,300,000","1,570,000,000","1,394,000,000","1,681,300,000","1,684,500,000","1,730,200,000","1,665,100,000","1,657,200,000","1,642,300,000","1,729,500,000","1,698,700,000","1,651,200,000","1,586,600,000","1,667,500,000","1,599,200,000","1,554,300,000","1,490,300,000","1,538,600,000","1,474,000,000","1,440,300,000","1,426,600,000","1,607,500,000","1,575,200,000","1,550,800,000","1,574,400,000","1,781,800,000","1,649,500,000","1,600,500,000","1,591,700,000","1,715,700,000","1,624,200,000","1,522,800,000","1,489,200,000","1,664,000,000","1,560,400,000","1,561,100,000","1,473,900,000","1,654,300,000","1,516,200,000","1,464,100,000","1,365,800,000","1,356,900,000","1,268,100,000","1,164,500,000","1,067,500,000","1,074,400,000","1,010,800,000","1,058,100,000","1,189,200,000","1,484,300,000","1,475,000,000","1,406,600,000","1,331,900,000","1,370,500,000","1,280,600,000","1,206,500,000","1,146,300,000","1,453,700,000","1,428,400,000","1,377,900,000","1,301,400,000","1,335,200,000","1,264,700,000","1,218,400,000","1,184,900,000","1,119,000,000","1,163,500,000","1,112,900,000","1,015,700,000","1,058,000,000","1,033,000,000","1,029,000,000","984,000,000","1,017,000,000","995,000,000","965,000,000","938,000,000","1,005,000,000","1,027,000,000","1,163,000,000","1,107,000,000","1,887,000,000","1,820,000,000","1,784,000,000","1,660,000,000","1,926,000,000","1,808,000,000","1,701,000,000","1,608,000,000","1,812,000,000","1,664,000,000","1,941,000,000","1,979,000,000","2,081,000,000","1,929,000,000","1,899,000,000","2,608,000,000","400,000,000","3,489,000,000","3,464,000,000","3,094,000,000","3,662,700,000","3,452,400,000","3,361,000,000","2,623,000,000","2,970,000,000","2,872,300,000","2,761,500,000","2,601,000,000","2,843,900,000","2,813,400,000","2,694,000,000","2,488,600,000","2,888,600,000","2,702,900,000","2,758,000,000","2,560,400,000","3,021,100,000","2,978,100,000","2,990,300,000","2,937,900,000","3,216,800,000","3,126,300,000","3,150,700,000","2,884,900,000","3,275,000,000","3,212,100,000","3,161,700,000","2,869,300,000","3,156,800,000","3,072,600,000","3,035,400,000","2,681,500,000","3,066,400,000","3,021,000,000","3,168,000,000","2,868,000,000","3,325,700,000","3,126,000,000","3,077,000,000","2,767,000,000","3,183,500,000"
	OperatingRevenue,"7,289,400,000","1,857,300,000","1,807,800,000","1,848,200,000","1,776,100,000","1,565,300,000","1,570,000,000","1,394,000,000","1,681,300,000","1,684,500,000","1,730,200,000","1,665,100,000","1,657,200,000","1,642,300,000","1,729,500,000","1,698,700,000","1,651,200,000","1,586,600,000","1,667,500,000","1,599,200,000","1,554,300,000","1,490,300,000","1,538,600,000","1,474,000,000","1,440,300,000","1,426,600,000","1,607,500,000","1,575,200,000","1,550,800,000","1,574,400,000","1,781,800,000","1,649,500,000","1,600,500,000","1,591,700,000","1,715,700,000","1,624,200,000","1,522,800,000","1,489,200,000","1,664,000,000","1,560,400,000","1,561,100,000","1,473,900,000","1,654,300,000","1,516,200,000","1,464,100,000","1,365,800,000","1,356,900,000","1,268,100,000","1,164,500,000","1,067,500,000","1,074,400,000","1,010,800,000","1,058,100,000","1,189,200,000","1,484,300,000","1,475,000,000","1,406,600,000","1,331,900,000","1,370,500,000","1,280,600,000","1,206,500,000","1,146,300,000","1,453,700,000","1,428,400,000","1,377,900,000","1,301,400,000","1,335,200,000","1,264,700,000","1,218,400,000","1,184,900,000","1,119,000,000","1,163,500,000","1,112,900,000","1,015,700,000","1,058,000,000","1,033,000,000","1,029,000,000","984,000,000","1,017,000,000","995,000,000","958,000,000","938,000,000","988,000,000","1,021,000,000","1,163,000,000","1,107,000,000","1,887,000,000","1,820,000,000","1,784,000,000","1,660,000,000","1,926,000,000","1,808,000,000","1,701,000,000","1,608,000,000","1,812,000,000","1,664,000,000","1,941,000,000","1,979,000,000","2,081,000,000","1,929,000,000","1,899,000,000","2,608,000,000","400,000,000","3,489,000,000","3,464,000,000","3,094,000,000","3,662,700,000","3,452,400,000","3,361,000,000","2,623,000,000","2,970,000,000","2,872,300,000","2,761,500,000","2,601,000,000","2,843,900,000","2,813,400,000","2,694,000,000","2,488,600,000","2,888,600,000","2,702,900,000","2,758,000,000","2,560,400,000","3,021,100,000","2,978,100,000","2,990,300,000","2,937,900,000","3,216,800,000","3,126,300,000","3,150,700,000","2,884,900,000","3,275,000,000","3,212,100,000","3,161,700,000","2,869,300,000","3,156,800,000","3,072,600,000","3,035,400,000","2,681,500,000","3,066,400,000","3,021,000,000","3,168,000,000","2,868,000,000","3,325,700,000","3,126,000,000","3,077,000,000","2,767,000,000","3,183,500,000"
CostOfRevenue,"4,289,100,000","1,108,200,000","1,088,400,000","1,083,800,000","1,008,700,000","918,800,000","930,700,000","839,800,000","982,500,000","981,600,000","1,007,300,000","934,800,000","949,000,000","903,600,000","996,900,000","957,000,000","950,400,000","889,500,000","1,019,800,000","921,500,000","897,800,000","848,000,000","886,700,000","857,200,000","846,200,000","813,900,000","943,300,000","897,000,000","877,600,000","886,900,000","1,028,900,000","968,000,000","944,700,000","928,000,000","1,018,500,000","971,300,000","906,400,000","881,900,000","1,009,800,000","928,900,000","942,800,000","855,200,000","991,100,000","909,400,000","887,600,000","821,900,000","827,700,000","760,800,000","691,400,000","640,700,000","709,100,000","640,600,000","694,500,000","718,800,000","896,000,000","869,400,000","835,300,000","756,400,000","796,400,000","729,500,000","732,000,000","648,700,000","887,900,000","863,200,000","829,000,000","786,900,000","827,100,000","783,700,000","762,500,000","735,800,000","719,300,000","740,400,000","713,100,000","675,500,000","707,000,000","689,000,000","693,000,000","663,000,000","698,000,000","670,000,000","659,000,000","646,000,000","718,000,000","791,000,000","778,000,000","744,000,000","1,213,000,000","1,161,000,000","1,135,000,000","1,038,000,000","1,243,000,000","1,160,000,000","1,100,000,000","1,067,000,000","739,000,000","1,657,000,000","1,281,000,000","1,284,000,000","1,349,000,000","1,252,000,000","1,244,000,000","1,801,000,000","261,000,000","2,455,000,000","2,444,000,000","2,175,000,000","2,569,100,000","2,512,600,000","2,433,000,000","1,911,300,000","2,138,400,000","2,092,500,000","2,039,000,000","1,911,400,000","2,089,300,000","2,089,700,000","2,010,500,000","1,858,100,000","2,169,800,000","2,042,100,000","2,115,200,000","1,924,300,000","2,284,300,000","2,225,800,000","2,231,600,000","2,200,800,000","2,409,800,000","2,255,100,000","2,364,200,000","2,168,000,000","2,536,800,000","2,379,200,000",,,,,,,,,,,,,,,
GrossProfit,"3,000,300,000","749,100,000","719,400,000","764,400,000","767,400,000","646,500,000","639,300,000","554,200,000","698,800,000","702,900,000","722,900,000","730,300,000","708,200,000","738,700,000","732,600,000","741,700,000","700,800,000","697,100,000","647,700,000","677,700,000","656,500,000","642,300,000","651,900,000","616,800,000","594,100,000","612,700,000","664,200,000","678,200,000","673,200,000","687,500,000","752,900,000","681,500,000","655,800,000","663,700,000","697,200,000","652,900,000","616,400,000","607,300,000","654,200,000","631,500,000","618,300,000","618,700,000","663,200,000","606,800,000","576,500,000","543,900,000","529,200,000","507,300,000","473,100,000","426,800,000","365,300,000","370,200,000","363,600,000","470,400,000","588,300,000","605,600,000","571,300,000","575,500,000","574,100,000","551,100,000","474,500,000","497,600,000","565,800,000","565,200,000","548,900,000","514,500,000","508,100,000","481,000,000","455,900,000","449,100,000","399,700,000","423,100,000","399,800,000","340,200,000","351,000,000","344,000,000","336,000,000","321,000,000","319,000,000","325,000,000","306,000,000","292,000,000","287,000,000","236,000,000","385,000,000","363,000,000","674,000,000","659,000,000","649,000,000","622,000,000","683,000,000","648,000,000","601,000,000","541,000,000","1,073,000,000","7,000,000","660,000,000","695,000,000","732,000,000","677,000,000","655,000,000","807,000,000","139,000,000","1,034,000,000","1,020,000,000","919,000,000","1,093,600,000","939,800,000","928,000,000","711,700,000","831,600,000","779,800,000","722,500,000","689,600,000","754,600,000","723,700,000","683,500,000","630,500,000","718,800,000","660,800,000","642,800,000","636,100,000","736,800,000","752,300,000","758,700,000","737,100,000","807,000,000","871,200,000","786,500,000","716,900,000","738,200,000","832,900,000",,,,,,,,,,,,,,,
OperatingExpense,"1,752,900,000","447,500,000","447,200,000","436,900,000","421,300,000","374,600,000","354,400,000","370,200,000","352,000,000","403,200,000","405,100,000","361,700,000","385,000,000","386,700,000","418,300,000","402,200,000","389,200,000","389,300,000","425,500,000","386,800,000","409,200,000","370,000,000","402,100,000","346,700,000","358,700,000","359,900,000","360,700,000","376,400,000","382,400,000","386,900,000","397,800,000","394,400,000","392,500,000","385,400,000","403,700,000","383,700,000","376,800,000","373,500,000","386,400,000","369,800,000","373,100,000","362,400,000","390,200,000","370,000,000","356,100,000","347,000,000","354,300,000","333,300,000","323,200,000","312,500,000","316,800,000","305,000,000","292,800,000","313,400,000","397,600,000","377,600,000","358,300,000","348,600,000","340,200,000","319,700,000","325,600,000","293,100,000","326,500,000","330,700,000","322,600,000","295,500,000","307,900,000","286,600,000","263,300,000","263,000,000","245,600,000","277,400,000","278,400,000","257,200,000","249,000,000","253,000,000","254,000,000","251,000,000","234,000,000","244,000,000","235,000,000","240,000,000","250,000,000","272,000,000","263,000,000","256,000,000","438,000,000","421,000,000","416,000,000","382,000,000","452,000,000","415,000,000","381,000,000","359,000,000","384,000,000","472,000,000","508,000,000","577,000,000","549,000,000","497,000,000","420,000,000","532,000,000","343,000,000","638,000,000","620,000,000","556,000,000","660,900,000","594,100,000","583,600,000","438,400,000","526,600,000","494,300,000","454,300,000","430,300,000","536,300,000","467,900,000","450,100,000","410,800,000","492,000,000","467,100,000","477,100,000","453,700,000","509,900,000","496,500,000","499,800,000","480,400,000","556,200,000","582,300,000","483,200,000","447,400,000","572,200,000","525,500,000",,,,,,,,,,,,,,,
	SellingGeneralAndAdministration,"1,752,900,000","447,500,000","447,200,000","436,900,000","421,300,000","374,600,000","354,400,000","370,200,000","352,000,000","403,200,000","405,100,000","361,700,000","385,000,000","386,700,000","418,300,000","402,200,000","389,200,000","389,300,000","425,500,000","386,800,000","409,200,000","370,000,000","402,100,000","346,700,000","358,700,000","359,900,000","360,700,000","376,400,000","382,400,000","386,900,000","397,800,000","394,400,000","392,500,000","385,400,000","403,700,000","383,700,000","376,800,000","373,500,000","386,400,000","369,800,000","373,100,000","362,400,000","388,100,000","370,000,000","356,100,000","347,000,000","354,300,000","333,300,000","323,200,000","312,500,000","316,800,000","305,000,000","292,800,000","313,400,000","397,600,000","377,600,000","358,300,000","348,600,000","340,200,000","319,700,000","325,600,000","293,100,000","326,500,000","330,700,000","322,600,000","295,500,000","307,900,000","286,600,000","263,300,000","263,000,000","245,600,000","277,400,000","278,400,000","257,200,000","249,000,000","253,000,000","254,000,000","251,000,000","234,000,000","244,000,000","235,000,000","240,000,000","250,000,000","272,000,000","263,000,000","256,000,000","340,000,000","327,000,000","324,000,000","297,000,000","351,000,000","330,000,000","298,000,000","291,000,000","212,000,000","472,000,000","381,000,000","356,000,000","384,000,000","348,000,000","339,000,000","390,000,000","267,000,000","464,000,000","473,000,000","411,000,000","496,400,000","445,800,000","444,700,000","319,100,000","393,500,000","369,200,000","335,400,000","313,500,000","409,600,000","345,200,000","328,100,000","291,300,000","345,800,000","334,000,000","335,100,000","316,900,000","353,600,000","347,000,000","351,600,000","333,000,000","384,600,000","431,300,000","304,200,000","329,000,000","404,700,000","376,500,000",,,,,,,,,,,,,,,
	ResearchAndDevelopment,,,,,,,,,,,,,,,,,,,,,,,,,,,,,,,,,,,,,,,,,,,,,,,,,,,,,,,,,,,,,,,,,,,,,,,,,,,,,,,,,,,,,,,,,,,,,,,,,,"103,000,000","23,000,000","30,000,000",,,,,,,,,,,,,,,,,,,,,,,,,,,,,,,,,,,,,,,,,,,,,,,
	DepreciationAmortizationDepletionIncomeStatement,,,,,,,,,,,,,,,,,,,,,,,,,,,,,,,,,,,,,,,,,,,,,,,,,,,,,,,,,,,,,,,,,,,,,,,,,,,,,,,,,,,,,,,"98,000,000","94,000,000","92,000,000","85,000,000","101,000,000","85,000,000","83,000,000","68,000,000","69,000,000",,"127,000,000","118,000,000","142,000,000","119,000,000","81,000,000","142,000,000","76,000,000","174,000,000","147,000,000","145,000,000","164,500,000","148,300,000","138,900,000","119,300,000","133,100,000","125,100,000","118,900,000","116,800,000","126,700,000","122,700,000","122,000,000","119,500,000","146,200,000","133,100,000","142,000,000","136,800,000","156,300,000","149,500,000","148,200,000","147,400,000","171,600,000","151,000,000","179,000,000","118,400,000","167,500,000","149,000,000",,,,,,,,,,,,,,,
		DepreciationAndAmortizationInIncomeStatement,,,,,,,,,,,,,,,,,,,,,,,,,,,,,,,,,,,,,,,,,,,,,,,,,,,,,,,,,,,,,,,,,,,,,,,,,,,,,,,,,,,,,,,"98,000,000","94,000,000","92,000,000","85,000,000","101,000,000","85,000,000","83,000,000","68,000,000","69,000,000",,"127,000,000","118,000,000","142,000,000","119,000,000","81,000,000","142,000,000","76,000,000","174,000,000","147,000,000","145,000,000","164,500,000","148,300,000","138,900,000","119,300,000","133,100,000","125,100,000","118,900,000","116,800,000","126,700,000","122,700,000","122,000,000","119,500,000","146,200,000","133,100,000","142,000,000","136,800,000","156,300,000","149,500,000","148,200,000","147,400,000","171,600,000","151,000,000","179,000,000","118,400,000","167,500,000","149,000,000",,,,,,,,,,,,,,,
	OtherOperatingExpenses,,,,,,,,,,,,,,,,,,,,,,,,,,,,,,,,,,,,,,,,,,,,,,,,,,"1,600,000",,,,,,,,,,,,,,,,,,,,,,,,,,,,,,,,,,,,,,,,,,,,,,,,,,,,,,,,,,,,,,,,,,,,,,,,,,,,,,,,,,,,,,,,,,,,,,,,,
OperatingIncome,"1,247,400,000","301,600,000","272,200,000","327,500,000","346,100,000","271,900,000","284,900,000","184,000,000","346,800,000","299,700,000","317,800,000","368,600,000","323,200,000","352,000,000","314,300,000","339,500,000","311,600,000","307,800,000","222,200,000","290,900,000","247,300,000","272,300,000","249,800,000","270,100,000","235,400,000","252,800,000","303,500,000","301,800,000","290,800,000","300,600,000","355,100,000","287,100,000","263,300,000","278,300,000","293,500,000","269,200,000","239,600,000","233,800,000","267,800,000","261,700,000","245,200,000","256,300,000","273,000,000","236,800,000","220,400,000","196,900,000","174,900,000","174,000,000","149,900,000","114,300,000","48,500,000","65,200,000","70,800,000","157,000,000","190,700,000","228,000,000","213,000,000","226,900,000","233,900,000","231,400,000","148,900,000","204,500,000","239,300,000","234,500,000","226,300,000","219,000,000","200,200,000","194,400,000","192,600,000","186,100,000","154,100,000","145,700,000","121,400,000","83,000,000","102,000,000","91,000,000","82,000,000","70,000,000","85,000,000","81,000,000","71,000,000","52,000,000","37,000,000","-36,000,000","122,000,000","107,000,000","236,000,000","238,000,000","233,000,000","240,000,000","231,000,000","233,000,000","220,000,000","182,000,000","689,000,000","-465,000,000","152,000,000","118,000,000","183,000,000","180,000,000","235,000,000","275,000,000","-204,000,000","396,000,000","400,000,000","363,000,000","432,700,000","345,700,000","344,400,000","273,300,000","305,000,000","285,500,000","268,200,000","259,300,000","218,300,000","255,800,000","233,400,000","219,700,000","226,800,000","193,700,000","165,700,000","182,400,000","226,900,000","255,800,000","258,900,000","256,700,000","250,800,000","288,900,000","303,300,000","269,500,000","166,000,000","307,400,000","3,161,700,000","2,869,300,000","-7,787,400,000","3,072,600,000","3,035,400,000","2,681,500,000","-7,857,000,000","3,021,000,000","3,168,000,000","2,868,000,000","-7,905,400,000","3,126,000,000","3,077,000,000","2,767,000,000","-7,125,500,000"
NetNonOperatingInterestIncomeExpense,"-99,800,000","-29,100,000","-24,700,000","-22,400,000","-22,800,000","-22,300,000","-20,700,000","-25,400,000","-25,500,000","-26,400,000","-15,900,000","-26,800,000","-23,700,000","-20,700,000","5,200,000","-16,500,000","-17,300,000","-20,000,000","100,000","-19,100,000","-18,900,000","-18,700,000","-5,500,000","-18,100,000","-17,600,000","-17,400,000","-6,000,000","-16,400,000","-15,700,000","-14,900,000","-5,500,000","-14,400,000","-15,000,000","-14,900,000","-5,100,000","-15,300,000","-15,300,000","-15,400,000","-7,100,000","-15,200,000","-15,000,000","-15,000,000","-14,600,000","-14,700,000","-15,400,000","-14,800,000","-15,200,000","-14,800,000","-15,100,000","-15,400,000","-15,200,000","-15,400,000","-15,300,000",,,,,,,,,,,,,,,,,,,,,,,,,,,,,,,,,,,,,,,,,,,,,,,,,,,,,,,,,,,,,,,,,,,,,,,,,,,,,,,,,,,,,,,,,,,,,,
	InterestIncomeNonOperating,"1,800,000","500,000",,,"500,000","300,000",,,,,,,,,,,,,,,,,,,,,,,,,,,,,,,,,,,,,,,,,,,,,,,,,,,,,,,,,,,,,,,,,,,,,,,,,,,,,,,,,,,,,,,,,,,,,,,,,,,,,,,,,,,,,,,,,,,,,,,,,,,,,,,,,,,,,,,,,,,,,
	InterestExpenseNonOperating,"101,600,000","29,600,000","26,300,000","22,400,000","23,300,000","22,600,000","26,200,000","25,400,000","25,500,000","26,400,000","27,000,000","26,800,000","23,700,000","20,700,000","19,200,000","16,500,000","17,300,000","20,000,000","19,500,000","19,100,000","18,900,000","18,700,000","18,200,000","18,100,000","17,600,000","17,400,000","16,700,000","16,400,000","15,700,000","14,900,000","15,000,000","14,400,000","15,000,000","14,900,000","14,900,000","15,300,000","15,300,000","15,400,000","14,900,000","15,200,000","15,000,000","15,000,000","14,600,000","14,700,000","15,400,000","14,800,000","15,200,000","14,800,000","15,100,000","15,400,000","15,200,000","15,400,000","15,300,000",,,,,,,,,,,,,,,,,,,,,,,,,,,,,,,,,,,,,,,,,,,,,,,,,,,,,,,,,,,,,,,,,,,,,,,,,,,,,,,,,,,,,,,,,,,,,,
OtherIncomeExpense,"-39,600,000","10,000,000","-243,200,000","8,400,000","184,400,000","451,100,000","35,400,000","175,900,000","-153,900,000","61,300,000","-245,500,000","-20,400,000","102,900,000","-210,500,000","162,200,000","-71,300,000","5,300,000","10,000,000","51,200,000","4,200,000","1,900,000","4,000,000","-7,400,000","300,000","-800,000","1,500,000","-18,600,000","-800,000","1,400,000","1,800,000","-10,600,000","1,300,000","100,000","9,400,000","-9,200,000","3,500,000","2,800,000","-1,200,000","-5,800,000","-1,700,000","-6,900,000","1,600,000",,"-900,000","-1,400,000","4,600,000","-1,900,000","-3,700,000","-1,200,000","-1,600,000","-4,500,000","400,000","-100,000","-2,500,000","-26,000,000","2,100,000","4,200,000","10,100,000","-17,400,000","9,500,000","10,800,000","800,000","16,000,000","-600,000","3,100,000","4,300,000","-3,100,000","8,500,000","-500,000","4,600,000",,"-4,400,000","700,000","3,700,000","-1,000,000","4,000,000","-2,000,000","5,000,000","-10,000,000","11,000,000","7,000,000","4,000,000","17,000,000","6,000,000","8,000,000","13,000,000","-3,000,000","32,000,000","27,000,000","13,000,000",,"21,000,000","25,000,000","46,000,000","-474,000,000","28,000,000","24,000,000","25,000,000","41,000,000","41,000,000","20,000,000","20,000,000","-53,000,000","26,000,000",,,,"32,600,000","17,400,000","22,700,000",,"12,300,000","14,100,000","15,600,000","23,900,000","17,200,000","22,100,000","17,700,000","11,400,000","23,300,000","29,500,000","53,200,000","81,600,000","28,800,000","35,300,000","14,600,000","-200,000","37,400,000","30,100,000","16,500,000","44,700,000","20,100,000",,,,,,,,,,,,,,,
	GainOnSaleOfSecurity,"14,600,000","7,600,000","-227,200,000","43,300,000","190,900,000","390,400,000","52,200,000","175,500,000","-144,800,000","71,000,000",,,,,,,,,,,,,,,,,,,,,,,,,,,,,,,,,,,,,,,,,,,,,,,,,,,,,,,,,,,,,,,,,,,,,,,,,,,,,,,,,,,,,,,,,,,,,,,,,,,,,,,,,,,,,,,,,,,,,,,,,,,,,,,,,,,,,,,,,
	SpecialIncomeCharges,"0","0",,,"0","70,000,000",,,,,,,,,,,,,,,,,,,,,,,,,,,,,,,,,,"-1,700,000","-6,900,000","1,600,000",,"-900,000","-1,400,000","4,600,000","-1,900,000","-3,700,000","-1,200,000","-1,600,000","-4,500,000","400,000","-100,000","-2,500,000","-26,000,000","2,100,000","4,200,000","10,100,000","-17,400,000","9,500,000","10,800,000","800,000","12,900,000","-600,000","3,100,000","4,300,000","-3,100,000","8,500,000","-500,000","4,600,000",,"-4,400,000","700,000","3,700,000","-1,000,000","4,000,000","-2,000,000","5,000,000","-10,000,000","11,000,000","7,000,000","4,000,000","17,000,000","6,000,000","8,000,000","13,000,000","-3,000,000","32,000,000","27,000,000","13,000,000",,"21,000,000","25,000,000","46,000,000","-474,000,000","28,000,000","24,000,000","25,000,000","41,000,000","41,000,000","20,000,000","20,000,000","-53,000,000","26,000,000",,,,"32,600,000","17,400,000","22,700,000",,"12,300,000","14,100,000","15,600,000","23,900,000","17,200,000","22,100,000","17,700,000","11,400,000","23,300,000","29,500,000","53,200,000","81,600,000","28,800,000","35,300,000","14,600,000","-200,000","37,400,000","30,100,000","16,500,000","44,700,000","20,100,000",,,,,,,,,,,,,,,
		OtherSpecialCharges,,,,,,"-70,000,000",,,,,,,,,,,,,,,,,,,,,,,,,,,,,,,,,,,,,,,,,,,,,,,,,,,,,,,,,,,,,,,,,,,,,,,,,,,,,,,,,,,,,,,,,,,,,,,,,,,,,,,,,,,,,,,,,,,,,,,,,,,,,,,,,,,,,,,,,,,,,
	OtherNonOperatingIncomeExpenses,"-54,200,000","2,400,000","-86,000,000","-34,900,000","-6,500,000","-9,300,000","-16,800,000","400,000","-9,100,000","-9,700,000","123,000,000","-20,400,000","102,900,000","-210,500,000","72,200,000","-71,300,000","5,300,000","10,000,000","-9,600,000","4,200,000","1,900,000","4,000,000","-7,400,000","300,000","-800,000","1,500,000","-18,700,000","-800,000","1,400,000","1,800,000","-10,000,000","1,300,000","100,000","9,400,000","-8,700,000","3,500,000","2,800,000","-1,200,000","2,000,000",,,,,,,,,,,,,,,,,,,,,,,,,,,,,,,,,,,,,,,,,,,,,,,,,,,,,,,,,,,,,,,,,,,,,,,,,,,,,,,,,,,,,,,,,,,,,,,,,,,,,,,,,,,,
PretaxIncome,"1,108,000,000","282,500,000","4,300,000","313,500,000","507,700,000","700,700,000","299,600,000","334,500,000","167,400,000","334,600,000","56,400,000","321,400,000","402,400,000","120,800,000","481,700,000","251,700,000","299,600,000","297,800,000","273,500,000","276,000,000","230,300,000","257,600,000","236,900,000","252,300,000","217,000,000","236,900,000","278,900,000","284,600,000","276,500,000","287,500,000","339,000,000","274,000,000","248,400,000","272,800,000","279,200,000","257,400,000","227,100,000","217,200,000","254,900,000","244,800,000","223,300,000","242,900,000","256,100,000","221,200,000","203,600,000","186,700,000","157,800,000","155,500,000","133,600,000","97,300,000","28,800,000","50,200,000","55,400,000","139,500,000","176,700,000","213,500,000","199,700,000","219,000,000","231,200,000","227,100,000","143,400,000","186,900,000","247,100,000","219,600,000","214,900,000","209,800,000","185,600,000","191,200,000","180,600,000","179,600,000","118,800,000","131,200,000","111,900,000","76,200,000","90,000,000","84,000,000","65,000,000","60,000,000","64,000,000","75,000,000","54,000,000","40,000,000","20,000,000","-56,000,000","102,000,000","102,000,000","215,000,000","252,000,000","243,000,000","233,000,000","227,000,000","233,000,000","221,000,000","209,000,000","192,000,000","-455,000,000","163,000,000","139,000,000","217,000,000","211,000,000","249,000,000","290,000,000","-146,000,000","376,000,000","350,000,000","316,000,000","309,500,000","326,400,000","317,200,000","272,900,000","241,000,000","274,200,000","257,300,000","248,800,000","219,600,000","245,400,000","227,300,000","211,800,000","210,300,000","190,300,000","168,300,000","209,500,000","277,500,000","252,000,000","255,800,000","238,200,000","214,700,000","291,500,000","296,300,000","249,500,000","175,600,000","291,900,000",,,,,,,,,,,,,,,
TaxProvision,"115,200,000","43,600,000","-70,300,000","44,500,000","97,400,000","110,300,000","35,900,000","20,300,000","37,500,000","19,200,000","48,300,000","60,000,000","56,400,000","40,500,000","135,800,000","53,100,000","72,200,000","534,200,000","68,900,000","59,100,000","40,800,000","42,900,000","51,700,000","61,300,000","49,000,000","51,400,000","77,600,000","78,500,000","70,500,000","73,300,000","90,300,000","74,300,000","68,100,000","74,700,000","63,900,000","53,700,000","51,200,000","55,800,000","59,700,000","54,100,000","55,500,000","59,600,000","54,300,000","42,400,000","37,200,000","36,600,000","26,500,000","36,100,000","21,700,000","19,500,000","-100,000","17,400,000","14,800,000","23,900,000","51,100,000","60,900,000","56,900,000","62,400,000","67,400,000","59,600,000","36,300,000","56,000,000","63,200,000","70,600,000","65,400,000","64,100,000","59,100,000","63,900,000","38,100,000","57,500,000","27,000,000","4,800,000","33,600,000","18,600,000","27,000,000","-44,000,000","16,000,000","18,000,000","15,000,000","-15,000,000","-4,000,000","11,000,000","8,000,000","-29,000,000","31,000,000","33,000,000","70,000,000","82,000,000","79,000,000","76,000,000","72,000,000","83,000,000","78,000,000","75,000,000","63,000,000","-35,000,000","54,000,000","50,000,000","71,000,000","80,000,000","94,000,000","111,000,000","-67,000,000","147,000,000","138,000,000","123,000,000","120,600,000","129,400,000","125,800,000","108,200,000","76,000,000","109,300,000","102,600,000","99,300,000","69,600,000","98,200,000","90,400,000","84,000,000","72,200,000","67,700,000","69,300,000","86,200,000","125,100,000","100,600,000","100,600,000","96,700,000","80,800,000","120,300,000","122,900,000","103,700,000","49,500,000","113,800,000",,,,,,,,,,,,,,,
NetIncomeCommonStockholders,"1,004,200,000","240,800,000","78,500,000","270,900,000","414,100,000","592,600,000","262,400,000","317,500,000","132,200,000","310,700,000","8,100,000","261,100,000","345,600,000","80,200,000","345,600,000","198,500,000","227,400,000","-236,200,000","203,700,000","216,900,000","189,300,000","214,500,000","185,100,000","190,800,000","167,800,000","185,300,000","201,100,000","205,800,000","205,800,000","213,900,000","248,400,000","199,400,000","180,100,000","197,800,000","215,000,000","203,400,000","175,600,000","161,200,000","193,800,000","190,700,000","167,800,000","183,300,000","201,800,000","179,500,000","166,400,000","150,100,000","131,300,000","119,400,000","137,000,000","76,600,000","28,900,000","32,800,000","40,600,000","118,400,000","125,600,000","152,600,000","142,800,000","156,600,000","165,200,000","164,200,000","729,300,000","429,100,000","165,800,000","149,000,000","146,500,000","145,700,000","129,300,000","127,300,000","150,000,000","133,400,000","148,000,000","126,400,000","78,300,000","62,200,000","67,000,000","128,000,000","49,000,000","42,000,000","49,000,000","90,000,000","61,000,000","-6,000,000","12,000,000","34,000,000","125,000,000","134,000,000","145,000,000","170,000,000","164,000,000","157,000,000","155,000,000","150,000,000","143,000,000","114,000,000","-143,000,000","-482,000,000","109,000,000","89,000,000","109,000,000","167,000,000","189,000,000","179,000,000","97,000,000","223,000,000","214,000,000","192,000,000","188,900,000","196,900,000","191,400,000","164,700,000","164,700,000","164,900,000","154,700,000","149,500,000","149,700,000","147,200,000","136,900,000","127,800,000","137,800,000","122,600,000","99,000,000","123,300,000","152,100,000","151,400,000","155,200,000","141,500,000","133,800,000","171,100,000","173,400,000","145,800,000","126,000,000","178,000,000",,,,,,,,,,,,,,,
	NetIncome,"1,006,300,000","241,500,000","78,500,000","271,300,000","415,000,000","593,300,000","262,700,000","317,800,000","132,200,000","310,700,000","8,100,000","261,400,000","346,000,000","80,300,000","345,900,000","198,600,000","227,400,000","-236,400,000","204,600,000","216,900,000","189,500,000","214,700,000","185,200,000","191,000,000","168,000,000","185,500,000","201,300,000","206,100,000","206,000,000","214,200,000","248,700,000","199,700,000","180,300,000","198,100,000","215,300,000","203,700,000","175,900,000","161,400,000","195,200,000","190,700,000","167,800,000","183,300,000","201,800,000","179,500,000","166,400,000","150,100,000","131,300,000","119,400,000","137,000,000","76,600,000","28,900,000","32,800,000","40,600,000","118,400,000","125,600,000","152,600,000","142,800,000","156,600,000","165,200,000","164,200,000","729,300,000","429,100,000","165,800,000","149,000,000","146,500,000","145,700,000","129,300,000","127,300,000","150,000,000","133,400,000","148,000,000","126,400,000","78,300,000","62,200,000","67,000,000","128,000,000","49,000,000","42,000,000","49,000,000","90,000,000","61,000,000","-6,000,000","12,000,000","34,000,000","125,000,000","134,000,000","145,000,000","170,000,000","164,000,000","157,000,000","155,000,000","150,000,000","143,000,000","114,000,000","-143,000,000","-482,000,000","109,000,000","89,000,000","109,000,000","167,000,000","189,000,000","179,000,000","97,000,000","223,000,000","214,000,000","192,000,000","188,900,000","197,000,000","191,400,000","164,700,000","165,000,000","164,900,000","154,700,000","149,500,000","150,000,000","147,200,000","136,900,000","127,800,000","138,100,000","122,600,000","99,000,000","123,300,000","152,400,000","151,400,000","155,200,000","141,500,000","133,900,000","171,200,000","173,400,000","145,800,000","126,100,000","178,100,000",,,,,,,,,,,,,,,
		NetIncomeIncludingNoncontrollingInterests,"992,800,000","238,900,000","74,600,000","269,000,000","410,300,000","590,400,000","263,700,000","314,200,000","129,900,000","315,400,000","8,100,000","261,400,000","346,000,000","80,300,000","345,900,000","198,600,000","227,400,000","-236,400,000","204,600,000","216,900,000","189,500,000","214,700,000","185,200,000","191,000,000","168,000,000","185,500,000","201,300,000","206,100,000","206,000,000","214,200,000","248,700,000","199,700,000","180,300,000","198,100,000","215,300,000","203,700,000","175,900,000","161,400,000","195,200,000","190,700,000","167,800,000","183,300,000","201,800,000","179,500,000","166,400,000","150,100,000","131,300,000","119,400,000","137,000,000","76,600,000","28,900,000","32,800,000","40,600,000","118,400,000","125,600,000","152,600,000","142,800,000","156,600,000","165,200,000","164,200,000","729,300,000","429,100,000","165,800,000","149,000,000","146,500,000","145,700,000","129,300,000","127,300,000","150,000,000","133,400,000","148,000,000","126,400,000","78,300,000","62,200,000","67,000,000","128,000,000","49,000,000","42,000,000","49,000,000","90,000,000","61,000,000","-6,000,000","12,000,000","34,000,000","125,000,000","134,000,000","145,000,000","170,000,000","164,000,000","157,000,000","155,000,000","150,000,000","143,000,000","114,000,000","-143,000,000","-482,000,000","109,000,000","89,000,000","109,000,000","167,000,000","189,000,000","179,000,000","97,000,000","223,000,000","214,000,000","192,000,000","188,900,000","197,000,000","191,400,000","164,700,000","165,000,000","164,900,000","154,700,000","149,500,000","150,000,000","147,200,000","136,900,000","127,800,000","138,100,000","122,600,000","99,000,000","123,300,000","152,400,000","151,400,000","155,200,000","141,500,000","133,900,000","171,200,000","173,400,000","145,800,000","126,100,000","178,100,000","270,700,000","160,000,000","185,900,000","214,700,000","218,400,000","192,900,000","140,000,000","170,100,000","175,600,000","149,400,000","161,800,000","163,300,000","160,300,000","125,800,000","140,000,000"
			NetIncomeContinuousOperations,"992,800,000","238,900,000","74,600,000","269,000,000","410,300,000","590,400,000","263,700,000","314,200,000","129,900,000","315,400,000","8,100,000","261,400,000","346,000,000","80,300,000","345,900,000","198,600,000","227,400,000","-236,400,000","204,600,000","216,900,000","189,500,000","214,700,000","185,200,000","191,000,000","168,000,000","185,500,000","201,300,000","206,100,000","206,000,000","214,200,000","248,700,000","199,700,000","180,300,000","198,100,000","215,300,000","203,700,000","175,900,000","161,400,000","195,200,000","190,700,000","167,800,000","183,300,000","201,800,000","178,800,000","166,400,000","150,100,000","131,300,000","119,400,000","111,900,000","77,800,000","28,900,000","32,800,000","40,600,000","115,600,000","125,600,000","152,600,000","142,800,000","156,600,000","163,800,000","167,500,000","107,100,000","130,900,000","183,900,000","149,000,000","149,500,000","145,700,000","126,500,000","127,300,000","142,500,000","122,100,000","91,800,000","126,400,000","78,300,000","57,600,000","63,000,000","128,000,000","49,000,000","42,000,000","49,000,000","90,000,000","58,000,000","29,000,000","12,000,000","-27,000,000","71,000,000","69,000,000","145,000,000","170,000,000","164,000,000","157,000,000","155,000,000","150,000,000","143,000,000","134,000,000","129,000,000","-420,000,000","109,000,000","89,000,000","146,000,000","131,000,000","155,000,000","179,000,000","-79,000,000","229,000,000","212,000,000","193,000,000","188,900,000","197,000,000","191,400,000","164,700,000","165,000,000","164,900,000","154,700,000","149,500,000","150,000,000","147,200,000","136,900,000","127,800,000","138,100,000","122,600,000","99,000,000","123,300,000","152,400,000","151,400,000","155,200,000","141,500,000","133,900,000","171,200,000","173,400,000","145,800,000","126,100,000","178,100,000","270,700,000","160,000,000","185,900,000","214,700,000","218,400,000","192,900,000","140,000,000","170,100,000","175,600,000","149,400,000","161,800,000","163,300,000","160,300,000","125,800,000","140,000,000"
			NetIncomeDiscontinuousOperations,,,,,,,,,,,,,,,,,,,,,,,,,,,,,,,,,,,,,,,"0","0",,,"0","700,000","0","0","0","0","25,100,000","-1,200,000","0","0","0","2,800,000",,,,,"1,400,000","-3,300,000","622,200,000","298,200,000","0",,"-3,000,000",,"2,800,000",,"7,500,000","11,300,000","56,200,000",,,"4,600,000",,,,,"0",,"3,000,000",,"0","61,000,000","54,000,000","65,000,000",,,,,"0",,,"-20,000,000","-255,000,000","-62,000,000",,,"-37,000,000","36,000,000","34,000,000",,"176,000,000","-6,000,000","2,000,000","-1,000,000",,,,,,,,,,,,,,,,,,,,,,,,,,,,,,,,,,,,,,,,,
			NetIncomeExtraordinary,,,,,,,,,,,,,,,,,,,,,,,,,,,,,,,,,,,,,,,,,,,,,,,,,,,,,,,,,,,,,,,,,,,,,,,,,,,,,,,"0",,,"-35,000,000",,,,,,,,,,,,,,,,,,,,,,,,,,,,,,,,,,,,,"0",,,,,,,,,,,,,,,,,,,,,,,,,,,,
		MinorityInterests,"13,500,000","2,600,000","3,900,000","2,300,000","4,700,000","2,900,000","-1,400,000","3,600,000","2,300,000","-4,700,000",,,,,,,,,,,,,,,,,,,,,,,,,,,,,,,,,,,,,,,,,,,,,,,,,,,,,,,,,,,,,,,,,,,,,,,,,,,,,,,,,,,,,,,,,,,,,,,,,,,,,,,,,,,,,,,,,,,,,,,,,,,,,,,,,,,,,,,,,
	PreferredStockDividends,,,,,,,,,,,,,,,,,,,,,,,,,,,,,,,,,,,,,,,,,,,,,,,,,,,,,,,,,,,,,,,,,,,,,,,,,,,,,,,,,,,,,,,,,,,,,,,,,,,,,,,,,,,"0","100,000",,,,,,,,,,,,,,,,,,,"100,000","100,000",,,"100,000","100,000",,,,,,,,,,,,,,,
	OtherunderPreferredStockDividend,"2,100,000","700,000","0","400,000","900,000","700,000","300,000","300,000",,,"0","300,000","400,000","100,000","300,000","100,000",,"-200,000",,,"200,000","200,000","100,000","200,000","200,000","200,000","200,000","300,000","200,000","300,000","300,000","300,000","200,000","300,000","300,000","300,000","300,000","200,000",,,,,,,,,,,,,,,,,,,,,,,,,,,,,,,,,,,,,,,,,,,,,,,,,,,,,,,,,,,,,,,,,,,,,,,,,,,,,,,,,,,,,,,,,,,,,,,,,,,,,,,,,,,,,
DilutedNIAvailtoComStockholders,"1,004,200,000","240,800,000","78,500,000","270,900,000","414,100,000","592,600,000","262,400,000","317,500,000","132,200,000","310,700,000","8,100,000","261,100,000","345,600,000","80,200,000","345,600,000","198,500,000","227,400,000","-236,200,000","203,700,000","216,900,000","189,300,000","214,500,000","185,100,000","190,800,000","167,800,000","185,300,000","201,100,000","205,800,000","205,800,000","213,900,000","248,400,000","199,400,000","180,100,000","197,800,000","215,000,000","203,400,000","175,600,000","161,200,000","193,800,000","190,700,000","167,800,000","183,300,000","201,800,000","179,500,000","166,400,000","150,100,000","131,300,000","119,400,000","137,000,000","76,600,000","28,900,000","32,800,000","40,600,000","118,400,000","125,600,000","152,600,000","142,800,000","156,600,000","165,200,000","164,200,000","729,300,000","429,100,000","165,800,000","149,000,000","146,500,000","145,700,000","129,300,000","127,300,000","150,000,000","133,400,000","148,000,000","126,400,000","78,300,000","62,200,000","67,000,000","128,000,000","49,000,000","42,000,000","49,000,000","90,000,000","61,000,000","-6,000,000","12,000,000","34,000,000","125,000,000","134,000,000","145,000,000","170,000,000","164,000,000","157,000,000","155,000,000","150,000,000","143,000,000","114,000,000","-143,000,000","-482,000,000","109,000,000","89,000,000","109,000,000","167,000,000","189,000,000","179,000,000","97,000,000","223,000,000","214,000,000","192,000,000","188,900,000","196,900,000","191,400,000","164,700,000","164,700,000","164,900,000","154,700,000","149,500,000","149,700,000","147,200,000","136,900,000","127,800,000","137,800,000","122,600,000","99,000,000","123,300,000","152,100,000","151,400,000","155,200,000","141,500,000","133,800,000","171,100,000","173,400,000","145,800,000","126,000,000","178,000,000",,,,,,,,,,,,,,,
BasicEPS,,"2.08","0.677","2.338","3.57","5.11","2.269","2.74","1.14","2.68","0.07","2.234","2.923","0.672","2.856","1.612","1.811","-1.85","1.593","1.69","1.471","1.67","1.441","1.476","1.29","1.411","1.52","1.537","1.531","1.581","1.819","1.448","1.302","1.427","1.55","1.469","1.259","1.154","1.396","1.351","1.176","1.287",,"1.253","1.153","1.054",,"0.842","0.961","0.537",,"0.231","0.29","0.84",,"1.04","0.97","1.05",,"1.07","4.52","2.55",,"0.84","0.83","0.82",,"0.7","0.81","0.72",,"0.68","0.42","0.33",,"0.69","0.26","0.22",,"0.48","0.33","-0.03",,"0.18","0.68","0.74",,"0.91","0.87","0.83",,"0.79","0.75","0.6",,"-2.47","0.55","0.43",,"0.79","0.87","0.82",,"1.02","0.98","0.89",,"0.9","0.88","0.76",,"0.74","0.7","0.68",,"0.66","0.63","0.58",,"0.55","0.45","0.54",,"0.65","0.66","0.6",,"0.71","0.7","0.59",,"0.7","1.05","0.62",,"0.82","0.81","0.71",,"0.61","0.62","0.51",,"0.54","0.52","0.41",
DilutedEPS,,"2.05","0.67","2.32","3.54","5.06","2.25","2.73","1.13","2.66","0.07","2.2","2.88","0.66","2.8","1.58","1.77","-1.85","1.57","1.67","1.45","1.65","1.43","1.46","1.28","1.4","1.5","1.52","1.51","1.56","1.79","1.43","1.28","1.41","1.53","1.45","1.24","1.14","1.38","1.33","1.16","1.27",,"1.23","1.14","1.04",,"0.83","0.961","0.53",,"0.231","0.29","0.83",,"1.03","0.96","1.04",,"1.05","4.45","2.5",,"0.83","0.81","0.8",,"0.68","0.79","0.71",,"0.66","0.41","0.32",,"0.67","0.26","0.22",,"0.47","0.33","-0.03",,"0.18","0.67","0.73",,"0.9","0.85","0.81",,"0.77","0.74","0.59",,"-2.47","0.53","0.43",,"0.79","0.87","0.82",,"1","0.97","0.87",,"0.88","0.87","0.74",,"0.73","0.69","0.66",,"0.65","0.62","0.57",,"0.55","0.43","0.54",,"0.64","0.65","0.59",,"0.69","0.7","0.58",,"0.69","1.04","0.61",,"0.8","0.81","0.7",,"0.6","0.61","0.51",,"0.54","0.51","0.4",
BasicAverageShares,,"116,000,000","116,000,000","116,025,722","116,100,000","116,100,000","116,200,000","115,700,000","116,000,000","115,700,000","115,700,000","117,007,640","118,362,039","119,543,966","121,100,000","123,164,853","125,580,404","127,784,810","128,400,000","128,359,188","128,835,404","128,599,808","128,500,000","129,400,073","130,263,542","131,423,076","132,400,000","134,105,606","134,574,906","135,444,053","136,700,000","137,872,386","138,445,988","138,781,301","138,900,000","138,669,309","139,659,336","139,803,729","139,800,000","141,148,269","142,725,121","142,394,050",,"143,209,513","144,307,744","142,346,165",,"142,200,000","142,000,000","142,600,000",,"141,500,000","141,500,000","141,600,000",,"146,300,000","146,900,000","148,700,000",,"154,000,000","161,200,000","168,600,000",,"176,600,000","177,200,000","178,700,000",,"182,700,000","184,500,000","184,500,000",,"185,000,000","186,700,000","186,300,000",,"185,000,000","185,600,000","185,600,000",,"185,500,000","184,500,000","183,900,000",,"183,100,000","182,400,000","182,500,000",,"187,200,000","189,500,000","190,000,000",,"189,873,418","190,666,667","190,000,000",,"195,141,700","198,181,818","206,976,744",,"211,392,405","217,241,379","218,292,683",,"218,627,451","218,367,347","215,730,337",,"218,777,778","217,500,000","216,710,526",,"222,837,838","221,000,000","219,852,941",,"223,030,303","217,301,587","220,344,828",,"222,909,091","220,000,000","228,333,333",,"232,923,077","235,151,515","235,833,333",,"240,985,915","247,714,286","247,118,644",,"254,285,714","261,100,000","263,255,000",,"263,255,000","263,255,000","263,255,000",,"287,776,000","287,776,000","295,458,000",,"305,799,000","306,957,000","306,273,000",
DilutedAverageShares,,"117,300,000","117,200,000","117,000,000","117,100,000","117,100,000","116,900,000","116,400,000","116,600,000","116,600,000","117,000,000","118,600,000","120,000,000","121,500,000","123,500,000","125,800,000","128,500,000","127,784,810","129,800,000","129,900,000","130,300,000","129,700,000","129,800,000","130,800,000","131,300,000","132,600,000","134,300,000","135,500,000","136,000,000","136,900,000","138,500,000","139,600,000","140,200,000","140,400,000","140,500,000","140,400,000","141,800,000","141,200,000","141,500,000","143,500,000","146,300,000","143,900,000",,"145,900,000","146,300,000","144,500,000",,"144,300,000","143,700,000","143,700,000",,"142,100,000","142,100,000","142,200,000",,"148,100,000","148,700,000","151,000,000",,"156,500,000","163,800,000","171,400,000",,"179,800,000","180,700,000","182,300,000",,"186,400,000","189,000,000","189,100,000",,"190,500,000","192,100,000","192,300,000",,"189,800,000","190,400,000","189,400,000",,"190,400,000","188,900,000","186,600,000",,"183,100,000","185,300,000","184,700,000",,"189,000,000","192,000,000","192,900,000",,"194,805,195","193,243,243","193,220,339",,"195,141,700","205,660,377","206,976,744",,"211,392,405","217,241,379","218,292,683",,"223,000,000","220,618,557","220,689,655",,"223,750,000","220,000,000","222,567,568",,"225,890,411","224,202,899","226,515,152",,"226,461,538","220,806,452","224,210,526",,"222,909,091","230,232,558","228,333,333",,"236,562,500","238,769,231","239,830,508",,"247,971,014","247,714,286","251,379,310",,"257,971,014","261,100,000","263,255,000",,"263,255,000","263,255,000","263,255,000",,"287,776,000","287,776,000","295,458,000",,"305,799,000","306,957,000","306,273,000",
TotalExpenses,"6,042,000,000","1,555,700,000","1,535,600,000","1,520,700,000","1,430,000,000","1,293,400,000","1,285,100,000","1,210,000,000","1,334,500,000","1,384,800,000","1,412,400,000","1,296,500,000","1,334,000,000","1,290,300,000","1,415,200,000","1,359,200,000","1,339,600,000","1,278,800,000","1,445,300,000","1,308,300,000","1,307,000,000","1,218,000,000","1,288,800,000","1,203,900,000","1,204,900,000","1,173,800,000","1,304,000,000","1,273,400,000","1,260,000,000","1,273,800,000","1,426,700,000","1,362,400,000","1,337,200,000","1,313,400,000","1,422,200,000","1,355,000,000","1,283,200,000","1,255,400,000","1,396,200,000","1,298,700,000","1,315,900,000","1,217,600,000","1,381,300,000","1,279,400,000","1,243,700,000","1,168,900,000","1,182,000,000","1,094,100,000","1,014,600,000","953,200,000","1,025,900,000","945,600,000","987,300,000","1,032,200,000","1,293,600,000","1,247,000,000","1,193,600,000","1,105,000,000","1,136,600,000","1,049,200,000","1,057,600,000","941,800,000","1,214,400,000","1,193,900,000","1,151,600,000","1,082,400,000","1,135,000,000","1,070,300,000","1,025,800,000","998,800,000","964,900,000","1,017,800,000","991,500,000","932,700,000","956,000,000","942,000,000","947,000,000","914,000,000","932,000,000","914,000,000","894,000,000","886,000,000","968,000,000","1,063,000,000","1,041,000,000","1,000,000,000","1,651,000,000","1,582,000,000","1,551,000,000","1,420,000,000","1,695,000,000","1,575,000,000","1,481,000,000","1,426,000,000","1,123,000,000","2,129,000,000","1,789,000,000","1,861,000,000","1,898,000,000","1,749,000,000","1,664,000,000","2,333,000,000","604,000,000","3,093,000,000","3,064,000,000","2,731,000,000","3,230,000,000","3,106,700,000","3,016,600,000","2,349,700,000","2,665,000,000","2,586,800,000","2,493,300,000","2,341,700,000","2,625,600,000","2,557,600,000","2,460,600,000","2,268,900,000","2,661,800,000","2,509,200,000","2,592,300,000","2,378,000,000","2,794,200,000","2,722,300,000","2,731,400,000","2,681,200,000","2,966,000,000","2,837,400,000","2,847,400,000","2,615,400,000","3,109,000,000","2,904,700,000",,,,,,,,,,,,,,,
NetIncomeFromContinuingAndDiscontinuedOperation,"1,006,300,000","241,500,000","78,500,000","271,300,000","415,000,000","593,300,000","262,700,000","317,800,000","132,200,000","310,700,000","8,100,000","261,400,000","346,000,000","80,300,000","345,900,000","198,600,000","227,400,000","-236,400,000","204,600,000","216,900,000","189,500,000","214,700,000","185,200,000","191,000,000","168,000,000","185,500,000","201,300,000","206,100,000","206,000,000","214,200,000","248,700,000","199,700,000","180,300,000","198,100,000","215,300,000","203,700,000","175,900,000","161,400,000","195,200,000","190,700,000","167,800,000","183,300,000","201,800,000","179,500,000","166,400,000","150,100,000","131,300,000","119,400,000","137,000,000","76,600,000","28,900,000","32,800,000","40,600,000","118,400,000","125,600,000","152,600,000","142,800,000","156,600,000","165,200,000","164,200,000","729,300,000","429,100,000","183,900,000","149,000,000","146,500,000","145,700,000","129,300,000","127,300,000","150,000,000","133,400,000","148,000,000","126,400,000","78,300,000","62,200,000","67,000,000","128,000,000","49,000,000","42,000,000","49,000,000","90,000,000","61,000,000","29,000,000","12,000,000","34,000,000","125,000,000","134,000,000","145,000,000","170,000,000","164,000,000","157,000,000","155,000,000","150,000,000","143,000,000","114,000,000","-126,000,000","-482,000,000","109,000,000","89,000,000","109,000,000","167,000,000","189,000,000","179,000,000","97,000,000","223,000,000","214,000,000","192,000,000","188,900,000","197,000,000","191,400,000","164,700,000","165,000,000","164,900,000","154,700,000","149,500,000","150,000,000","147,200,000","136,900,000","127,800,000","138,100,000","122,600,000","99,000,000","123,300,000","152,400,000","151,400,000","155,200,000","141,500,000","133,900,000","171,200,000","173,400,000","145,800,000","126,100,000","178,100,000",,,,,,,,,,,,,,,
NormalizedIncome,"993,217,978.339","235,070,400","193,256,000","234,148,600","260,752,800","205,643,200","216,754,939.92","153,005,500","244,564,800","243,747,000","8,100,000","261,400,000","346,000,000","80,300,000","345,900,000","198,600,000","227,400,000","-236,400,000","204,600,000","216,900,000","189,500,000","214,700,000","185,200,000","191,000,000","168,000,000","185,500,000","201,300,000","206,100,000","206,000,000","214,200,000","248,700,000","199,700,000","180,300,000","198,100,000","215,300,000","203,700,000","175,900,000","161,400,000","190,605,256.964","192,024,305.556","172,985,042.544","182,092,589.543","201,800,000","179,527,486.438","167,544,204.322","146,401,767.542","132,880,925.222","122,241,028.939","112,905,089.82","79,079,342.24","31,825,000","32,538,645.418","40,673,285.199","117,671,684.588","144,081,041.313","151,099,016.393","139,796,695.043","149,377,808.219","176,127,508.651","160,493,174.813","99,033,891.213","130,339,700.375","174,299,392.958","149,407,103.825","147,343,415.542","142,713,775.024","128,612,877.155","121,640,742.678","142,894,518.272","118,972,717.149","91,800,000","130,639,024.39","77,810,187.668","54,803,149.606","63,700,000","125,600,000","50,507,692.308","38,500,000","56,656,250","83,400,000","53,800,000","26,100,000","1,800,000","-30,600,000","65,431,372.549","60,205,882.353","147,023,255.814","148,412,698.413","145,777,777.778","148,240,343.348","155,000,000","136,480,686.695","126,823,529.412","104,507,177.033","447,468,750","-445,846,153.846","92,950,920.245","72,992,805.755","118,414,746.544","105,545,023.697","142,550,200.803","166,655,172.414","-47,200,000","213,164,893.617","212,000,000","193,000,000","188,900,000","177,324,142.157","180,900,756.62","151,000,146.574","165,000,000","157,502,954.048","146,222,464.05","140,126,205.788","133,674,863.388","136,880,000","123,589,441.267","117,119,830.028","130,613,837.375","107,589,069.89","81,300,000","91,380,000","103,440,000","134,097,142.857","133,782,642.69","132,740,000","134,024,732.184","148,760,000","155,340,000","135,900,000","94,000,512.528","165,836,176.773",,,,,,,,,,,,,,,
InterestIncome,"1,800,000","500,000",,,"500,000","300,000",,,,,,,,,,,,,,,,,,,,,,,,,,,,,,,,,,,,,,,,,,,,,,,,,,,,,,,,,,,,,,,,,,,,,,,,,,,,,,,,,,,,,,,,,,,,,,,,,,,,,,,,,,,,,,,,,,,,,,,,,,,,,,,,,,,,,,,,,,,,,
InterestExpense,"101,600,000","29,600,000","26,300,000","22,400,000","23,300,000","22,600,000","26,200,000","25,400,000","25,500,000","26,400,000","27,000,000","26,800,000","23,700,000","20,700,000","19,200,000","16,500,000","17,300,000","20,000,000","19,500,000","19,100,000","18,900,000","18,700,000","18,200,000","18,100,000","17,600,000","17,400,000","16,700,000","16,400,000","15,700,000","14,900,000","15,000,000","14,400,000","15,000,000","14,900,000","14,900,000","15,300,000","15,300,000","15,400,000","14,900,000","15,200,000","15,000,000","15,000,000","14,600,000","14,700,000","15,400,000","14,800,000","15,200,000","14,800,000","15,100,000","15,400,000","15,200,000","15,400,000","15,300,000",,,,,,,,,,,,,,,,,,,,,,,,,,,,,,,,,,,,,,,,,,,,,,,,,,,,,,,,,,,,,,,,,,,,,,,,,,,,,,,,,,,,,,,,,,,,,,
NetInterestIncome,"-99,800,000","-29,100,000","-24,700,000","-22,400,000","-22,800,000","-22,300,000","-20,700,000","-25,400,000","-25,500,000","-26,400,000","-15,900,000","-26,800,000","-23,700,000","-20,700,000","5,200,000","-16,500,000","-17,300,000","-20,000,000","100,000","-19,100,000","-18,900,000","-18,700,000","-5,500,000","-18,100,000","-17,600,000","-17,400,000","-6,000,000","-16,400,000","-15,700,000","-14,900,000","-5,500,000","-14,400,000","-15,000,000","-14,900,000","-5,100,000","-15,300,000","-15,300,000","-15,400,000","-7,100,000","-15,200,000","-15,000,000","-15,000,000","-14,600,000","-14,700,000","-15,400,000","-14,800,000","-15,200,000","-14,800,000","-15,100,000","-15,400,000","-15,200,000","-15,400,000","-15,300,000",,,,,,,,,,,,,,,,,,,,,,,,,,,,,,,,,,,,,,,,,,,,,,,,,,,,,,,,,,,,,,,,,,,,,,,,,,,,,,,,,,,,,,,,,,,,,,
EBIT,"1,209,600,000","312,100,000","30,600,000","335,900,000","531,000,000","723,300,000","325,800,000","359,900,000","192,900,000","361,000,000","83,400,000","348,200,000","426,100,000","141,500,000","500,900,000","268,200,000","316,900,000","317,800,000","293,000,000","295,100,000","249,200,000","276,300,000","255,100,000","270,400,000","234,600,000","254,300,000","295,600,000","301,000,000","292,200,000","302,400,000","354,000,000","288,400,000","263,400,000","287,700,000","294,100,000","272,700,000","242,400,000","232,600,000","269,800,000","260,000,000","238,300,000","257,900,000","270,700,000","235,900,000","219,000,000","201,500,000","173,000,000","170,300,000","148,700,000","112,700,000","44,000,000","65,600,000","70,700,000","157,000,000","190,700,000","228,000,000","213,000,000","226,900,000","233,900,000","231,400,000","148,900,000","204,500,000","239,300,000","234,500,000","226,300,000","219,000,000","200,200,000","194,400,000","192,600,000","186,100,000","154,100,000","145,700,000","121,400,000","83,000,000","102,000,000","91,000,000","82,000,000","70,000,000","85,000,000","81,000,000","71,000,000","52,000,000","37,000,000","-36,000,000","122,000,000","107,000,000","236,000,000","238,000,000","233,000,000","240,000,000","231,000,000","233,000,000","220,000,000","182,000,000","689,000,000","-465,000,000","152,000,000","118,000,000","183,000,000","180,000,000","235,000,000","275,000,000","-204,000,000","396,000,000","400,000,000","363,000,000","432,700,000","345,700,000","344,400,000","273,300,000","305,000,000","285,500,000","268,200,000","259,300,000","218,300,000","255,800,000","233,400,000","219,700,000","226,800,000","193,700,000","165,700,000","182,400,000","226,900,000","255,800,000","258,900,000","256,700,000","250,800,000","288,900,000","303,300,000","269,500,000","166,000,000","307,400,000","3,161,700,000","2,869,300,000","-7,787,400,000","3,072,600,000","3,035,400,000","2,681,500,000","-7,857,000,000","3,021,000,000","3,168,000,000","2,868,000,000","-7,905,400,000","3,126,000,000","3,077,000,000","2,767,000,000","-7,125,500,000"
EBITDA,"1,414,300,000"
ReconciledCostOfRevenue,"4,289,100,000","1,108,200,000","1,088,400,000","1,083,800,000","1,008,700,000","918,800,000","930,700,000","839,800,000","982,500,000","981,600,000","1,007,300,000","934,800,000","949,000,000","903,600,000","996,900,000","957,000,000","950,400,000","889,500,000","1,019,800,000","921,500,000","897,800,000","848,000,000","886,700,000","857,200,000","846,200,000","813,900,000","943,300,000","897,000,000","877,600,000","886,900,000","1,028,900,000","968,000,000","944,700,000","928,000,000","1,018,500,000","971,300,000","906,400,000","881,900,000","1,009,800,000","928,900,000","942,800,000","855,200,000","991,100,000","909,400,000","887,600,000","821,900,000","827,700,000","760,800,000","691,400,000","640,700,000","709,100,000","640,600,000","694,500,000","718,800,000","896,000,000","869,400,000","835,300,000","756,400,000","796,400,000","729,500,000","732,000,000","648,700,000","887,900,000","863,200,000","829,000,000","786,900,000","827,100,000","783,700,000","762,500,000","735,800,000","719,300,000","740,400,000","713,100,000","675,500,000","707,000,000","689,000,000","693,000,000","663,000,000","698,000,000","670,000,000","659,000,000","646,000,000","718,000,000","791,000,000","778,000,000","744,000,000","1,213,000,000","1,161,000,000","1,135,000,000","1,038,000,000","1,243,000,000","1,160,000,000","1,100,000,000","1,067,000,000","739,000,000","1,657,000,000","1,281,000,000","1,284,000,000","1,349,000,000","1,252,000,000","1,244,000,000","1,801,000,000","261,000,000","2,455,000,000","2,444,000,000","2,175,000,000","2,569,100,000","2,512,600,000","2,433,000,000","1,911,300,000","2,138,400,000","2,092,500,000","2,039,000,000","1,911,400,000","2,089,300,000","2,089,700,000","2,010,500,000","1,858,100,000","2,169,800,000","2,042,100,000","2,115,200,000","1,924,300,000","2,284,300,000","2,225,800,000","2,231,600,000","2,200,800,000","2,409,800,000","2,255,100,000","2,364,200,000","2,168,000,000","2,536,800,000","2,379,200,000",,,,,,,,,,,,,,,
ReconciledDepreciation,"204,700,000","58,900,000","54,100,000","45,800,000","45,900,000","44,000,000","45,000,000","43,500,000","42,300,000","41,900,000","40,000,000","36,900,000","39,400,000","35,900,000","39,700,000","42,100,000","43,200,000","39,600,000","44,900,000","43,000,000","40,600,000","40,400,000","43,000,000","42,800,000","45,100,000","41,300,000","41,600,000","41,200,000","39,100,000","40,600,000","38,100,000","40,100,000","38,400,000","35,900,000","36,100,000","37,700,000","36,200,000","35,200,000","35,700,000","35,100,000","35,200,000","32,600,000","34,700,000","32,900,000","31,800,000","31,900,000","33,100,000","30,600,000","31,900,000","31,700,000","35,300,000","34,400,000","32,100,000","32,300,000","35,600,000","35,300,000","34,300,000","31,300,000","31,800,000","28,400,000","29,200,000","28,500,000","37,300,000","37,300,000","43,400,000","35,600,000","44,000,000","40,100,000","40,900,000","46,200,000","43,900,000","46,100,000","48,300,000","48,400,000","51,000,000","50,000,000","47,000,000","50,000,000","52,000,000","47,000,000","54,000,000","53,000,000","65,000,000","70,000,000","70,000,000","67,000,000","98,000,000","94,000,000","92,000,000","85,000,000","101,000,000","85,000,000","83,000,000","68,000,000","69,000,000","-8,000,000","127,000,000","118,000,000","142,000,000","119,000,000","81,000,000","142,000,000","76,000,000","174,000,000","147,000,000","145,000,000","164,500,000","148,300,000","138,900,000","119,300,000","133,100,000","125,100,000","118,900,000","116,800,000","126,700,000","122,700,000","122,000,000","119,500,000","146,200,000","133,100,000","142,000,000","136,800,000","156,300,000","149,500,000","148,200,000","147,400,000","171,600,000","151,000,000","179,000,000","118,400,000","167,500,000","149,000,000",,,,,,,,,,,,,,,
NetIncomeFromContinuingOperationNetMinorityInterest,"1,006,300,000","241,500,000","78,500,000","271,300,000","415,000,000","593,300,000","262,700,000","317,800,000","132,200,000","310,700,000","8,100,000","261,400,000","346,000,000","80,300,000","345,900,000","198,600,000","227,400,000","-236,400,000","204,600,000","216,900,000","189,500,000","214,700,000","185,200,000","191,000,000","168,000,000","185,500,000","201,300,000","206,100,000","206,000,000","214,200,000","248,700,000","199,700,000","180,300,000","198,100,000","215,300,000","203,700,000","175,900,000","161,400,000","195,200,000","190,700,000","167,800,000","183,300,000","201,800,000","178,800,000","166,400,000","150,100,000","131,300,000","119,400,000","111,900,000","77,800,000","28,900,000","32,800,000","40,600,000","115,600,000","125,600,000","152,600,000","142,800,000","156,600,000","163,800,000","167,500,000","107,100,000","130,900,000","183,900,000","149,000,000","149,500,000","145,700,000","126,500,000","127,300,000","142,500,000","122,100,000","91,800,000","126,400,000","78,300,000","57,600,000","63,000,000","128,000,000","49,000,000","42,000,000","49,000,000","90,000,000","58,000,000","29,000,000","12,000,000","-27,000,000","71,000,000","69,000,000","145,000,000","170,000,000","164,000,000","157,000,000","155,000,000","150,000,000","143,000,000","134,000,000","129,000,000","-420,000,000","109,000,000","89,000,000","146,000,000","131,000,000","155,000,000","179,000,000","-79,000,000","229,000,000","212,000,000","193,000,000","188,900,000","197,000,000","191,400,000","164,700,000","165,000,000","164,900,000","154,700,000","149,500,000","150,000,000","147,200,000","136,900,000","127,800,000","138,100,000","122,600,000","99,000,000","123,300,000","152,400,000","151,400,000","155,200,000","141,500,000","133,900,000","171,200,000","173,400,000","145,800,000","126,100,000","178,100,000",,,,,,,,,,,,,,,
TotalUnusualItemsExcludingGoodwill,"14,600,000","7,600,000","-157,200,000","43,300,000","190,900,000","460,400,000","52,200,000","175,500,000","-144,800,000","71,000,000",,,,,,,,,,,,,,,,,,,,,,,,,,,,,"6,000,000","-1,700,000","-6,900,000","1,600,000",,"-900,000","-1,400,000","4,600,000","-1,900,000","-3,700,000","-1,200,000","-1,600,000","-4,500,000","400,000","-100,000","-2,500,000","-26,000,000","2,100,000","4,200,000","10,100,000","-17,400,000","9,500,000","10,800,000","800,000","12,900,000","-600,000","3,100,000","4,300,000","-3,100,000","8,500,000","-500,000","4,600,000",,"-4,400,000","700,000","3,700,000","-1,000,000","4,000,000","-2,000,000","5,000,000","-10,000,000","11,000,000","7,000,000","4,000,000","17,000,000","6,000,000","8,000,000","13,000,000","-3,000,000","32,000,000","27,000,000","13,000,000",,"21,000,000","25,000,000","46,000,000","-474,000,000","28,000,000","24,000,000","25,000,000","41,000,000","41,000,000","20,000,000","20,000,000","-53,000,000","26,000,000",,,,"32,600,000","17,400,000","22,700,000",,"12,300,000","14,100,000","15,600,000","23,900,000","17,200,000","22,100,000","17,700,000","11,400,000","23,300,000","29,500,000","53,200,000","81,600,000","28,800,000","35,300,000","14,600,000","-200,000","37,400,000","30,100,000","16,500,000","44,700,000","20,100,000",,,,,,,,,,,,,,,
TotalUnusualItems,"14,600,000","7,600,000","-157,200,000","43,300,000","190,900,000","460,400,000","52,200,000","175,500,000","-144,800,000","71,000,000",,,,,,,,,,,,,,,,,,,,,,,,,,,,,"6,000,000","-1,700,000","-6,900,000","1,600,000",,"-900,000","-1,400,000","4,600,000","-1,900,000","-3,700,000","-1,200,000","-1,600,000","-4,500,000","400,000","-100,000","-2,500,000","-26,000,000","2,100,000","4,200,000","10,100,000","-17,400,000","9,500,000","10,800,000","800,000","12,900,000","-600,000","3,100,000","4,300,000","-3,100,000","8,500,000","-500,000","4,600,000",,"-4,400,000","700,000","3,700,000","-1,000,000","4,000,000","-2,000,000","5,000,000","-10,000,000","11,000,000","7,000,000","4,000,000","17,000,000","6,000,000","8,000,000","13,000,000","-3,000,000","32,000,000","27,000,000","13,000,000",,"21,000,000","25,000,000","46,000,000","-474,000,000","28,000,000","24,000,000","25,000,000","41,000,000","41,000,000","20,000,000","20,000,000","-53,000,000","26,000,000",,,,"32,600,000","17,400,000","22,700,000",,"12,300,000","14,100,000","15,600,000","23,900,000","17,200,000","22,100,000","17,700,000","11,400,000","23,300,000","29,500,000","53,200,000","81,600,000","28,800,000","35,300,000","14,600,000","-200,000","37,400,000","30,100,000","16,500,000","44,700,000","20,100,000",,,,,,,,,,,,,,,
NormalizedEBITDA,"1,399,700,000","363,400,000","241,900,000","338,400,000","386,000,000","306,900,000","318,600,000","227,900,000","380,000,000","331,900,000","123,400,000","385,100,000","465,500,000","177,400,000","540,600,000","310,300,000","360,100,000","357,400,000","337,900,000","338,100,000","289,800,000","316,700,000","298,100,000","313,200,000","279,700,000","295,600,000","337,200,000","342,200,000","331,300,000","343,000,000","392,100,000","328,500,000","301,800,000","323,600,000","330,200,000","310,400,000","278,600,000","267,800,000","299,500,000","296,800,000","280,400,000","288,900,000","305,400,000","269,700,000","252,200,000","228,800,000","208,000,000","204,600,000","181,800,000","146,000,000","83,800,000","99,600,000","102,900,000","191,800,000","252,300,000","261,200,000","243,100,000","248,100,000","283,100,000","250,300,000","167,300,000","232,200,000","263,700,000","272,400,000","266,600,000","250,300,000","247,300,000","226,000,000","234,000,000","227,700,000","198,000,000","196,200,000","169,000,000","127,700,000","154,000,000","137,000,000","131,000,000","115,000,000","147,000,000","117,000,000","118,000,000","101,000,000","85,000,000","28,000,000","184,000,000","161,000,000","337,000,000","300,000,000","298,000,000","312,000,000","332,000,000","297,000,000","278,000,000","204,000,000","1,232,000,000","-493,000,000","255,000,000","211,000,000","284,000,000","258,000,000","296,000,000","397,000,000","-75,000,000","544,000,000","547,000,000","508,000,000","597,200,000","461,400,000","465,900,000","369,900,000","438,100,000","398,300,000","373,000,000","360,500,000","321,100,000","361,300,000","333,300,000","321,500,000","361,600,000","303,500,000","278,200,000","266,000,000","301,600,000","376,500,000","371,800,000","389,500,000","422,600,000","402,500,000","452,200,000","371,400,000","288,800,000","436,300,000","3,161,700,000","2,869,300,000","-7,787,400,000","3,072,600,000","3,035,400,000","2,681,500,000","-7,857,000,000","3,021,000,000","3,168,000,000","2,868,000,000","-7,905,400,000","3,126,000,000","3,077,000,000","2,767,000,000","-7,125,500,000"
TaxRateForCalcs,"0.104","0.154","0.27","0.142","0.192","0.158","0.12","0.061","0.224","0.057","0.27","0.187","0.14","0.335","0.282","0.211","0.241","0.4","0.252","0.214","0.177","0.167","0.218","0.243","0.226","0.217","0.278","0.276","0.255","0.255","0.266","0.271","0.274","0.274","0.229","0.209","0.225","0.257","0.234","0.221","0.249","0.245","0.212","0.192","0.183","0.196","0.168","0.232","0.162","0.2","0.35","0.347","0.267","0.171","0.289","0.285","0.285","0.285","0.292","0.262","0.253","0.3","0.256","0.321","0.304","0.306","0.318","0.334","0.211","0.32","0.227","0.037","0.3","0.244","0.3","0.4","0.246","0.3","0.234","0.4","0.4","0.275","0.4","0.4","0.304","0.324","0.326","0.325","0.325","0.326","0.317","0.356","0.353","0.359","0.328","0.077","0.331","0.36","0.327","0.379","0.378","0.383","0.4","0.391","0.394","0.389","0.39","0.396","0.397","0.396","0.315","0.399","0.399","0.399","0.317","0.4","0.398","0.397","0.343","0.356","0.4","0.4","0.4","0.399","0.393","0.4","0.376","0.4","0.4","0.4","0.282","0.39",,,,,,,,,,,,,,,
TaxEffectOfUnusualItems,"1,517,978.339","1,170,400","-42,444,000","6,148,600","36,652,800","72,743,200","6,254,939.92","10,705,500","-32,435,200","4,047,000","0","0","0","0","0","0","0","0","0","0","0","0","0","0","0","0","0","0","0","0","0","0","0","0","0","0","0","0","1,405,256.964","-375,694.444","-1,714,957.456","392,589.543","0","-172,513.562","-255,795.678","901,767.542","-319,074.778","-858,971.061","-194,910.18","-320,657.76","-1,575,000","138,645.418","-26,714.801","-428,315.412","-7,518,958.687","599,016.393","1,196,695.043","2,877,808.219","-5,072,491.349","2,493,174.813","2,733,891.213","239,700.375","3,299,392.958","-192,896.175","943,415.542","1,313,775.024","-987,122.845","2,840,742.678","-105,481.728","1,472,717.149","0","-160,975.61","210,187.668","903,149.606","-300,000","1,600,000","-492,307.692","1,500,000","-2,343,750","4,400,000","2,800,000","1,100,000","6,800,000","2,400,000","2,431,372.549","4,205,882.353","-976,744.186","10,412,698.413","8,777,777.778","4,240,343.348","0","7,480,686.695","8,823,529.412","16,507,177.033","-155,531,250","2,153,846.154","7,950,920.245","8,992,805.755","13,414,746.544","15,545,023.697","7,550,200.803","7,655,172.414","-21,200,000","10,164,893.617","0","0","0","12,924,142.157","6,900,756.62","9,000,146.574","0","4,902,954.048","5,622,464.05","6,226,205.788","7,574,863.388","6,880,000","8,789,441.267","7,019,830.028","3,913,837.375","8,289,069.89","11,800,000","21,280,000","32,640,000","11,497,142.857","13,882,642.69","5,840,000","-75,267.816","14,960,000","12,040,000","6,600,000","12,600,512.528","7,836,176.773",,,,,,,,,,,,,,,