name,ttm,12/31/2021,09/30/2021,06/30/2021,03/31/2021,12/31/2020,09/30/2020,06/30/2020,03/31/2020,12/31/2019,09/30/2019,06/30/2019,03/31/2019,12/31/2018,09/30/2018,06/30/2018,03/31/2018,12/31/2017,09/30/2017,06/30/2017,03/31/2017,12/31/2016,09/30/2016,06/30/2016,03/31/2016,12/31/2015,09/30/2015,06/30/2015,03/31/2015,12/31/2014,09/30/2014,06/30/2014,03/31/2014,12/31/2013,09/30/2013,06/30/2013,03/31/2013,12/31/2012,09/30/2012,06/30/2012,03/31/2012,12/31/2011,09/30/2011,06/30/2011,03/31/2011,12/31/2010,09/30/2010,06/30/2010,03/31/2010,12/31/2009,09/30/2009,06/30/2009,03/31/2009,12/31/2008,09/30/2008,06/30/2008,03/31/2008,12/31/2007,09/30/2007,06/30/2007,03/31/2007,12/31/2006,09/30/2006,06/30/2006,03/31/2006,12/31/2005,09/30/2005,06/30/2005,03/31/2005,12/31/2004,09/30/2004,06/30/2004,03/31/2004,12/31/2003,09/30/2003,06/30/2003,03/31/2003,12/31/2002,09/30/2002,06/30/2002,03/31/2002,12/31/2001,09/30/2001,06/30/2001,03/31/2001,12/31/2000,09/30/2000,06/30/2000,03/31/2000,12/31/1999,09/30/1999,06/30/1999,03/31/1999,12/31/1998,09/30/1998,06/30/1998,03/31/1998,12/31/1997,09/30/1997,06/30/1997,03/31/1997,12/31/1996,09/30/1996,06/30/1996,03/31/1996,12/31/1995,09/30/1995,06/30/1995,03/31/1995,12/31/1994,09/30/1994,06/30/1994,03/31/1994,12/31/1993,09/30/1993,06/30/1993,03/31/1993,12/31/1992,09/30/1992,06/30/1992,03/31/1992,12/31/1991,09/30/1991,06/30/1991,03/31/1991,12/31/1990,09/30/1990,06/30/1990,03/31/1990,12/31/1989,09/30/1989,06/30/1989,03/31/1989,09/30/1988,06/30/1988,03/31/1988,12/31/1987,09/30/1987,06/30/1987,03/31/1987,12/31/1986,09/30/1986,06/30/1986,03/31/1986,12/31/1985,09/30/1985
TotalRevenue,"2,424,300,000","600,343,000","650,199,000","638,204,000","535,554,000","536,292,000","583,698,000","553,329,000","487,901,000","505,985,000","556,466,000","523,957,000","429,069,000","444,623,000","487,739,000","480,461,000","408,742,000","414,713,000","450,442,000","433,555,000","375,247,000","385,614,000","423,994,000","411,133,000","352,736,000","362,500,000","399,746,000","392,150,000","330,909,000","343,951,000","384,870,000","369,357,000","313,388,000","324,707,000","362,155,000","350,798,000","299,714,000","306,393,000","340,179,000","334,872,000","289,465,000","289,056,000","323,929,000","320,436,000","271,643,000","279,928,000","305,118,000","298,803,000","253,041,000","259,567,000","286,852,000","284,567,000","242,972,000","248,076,000","277,911,000","284,499,000","210,078,000","215,954,000","238,116,000","239,618,000","201,232,000","204,653,000","227,816,000","232,222,000","194,187,000","194,830,000","209,346,000","214,326,000","183,915,000","182,237,000","202,257,000","207,698,000","158,692,000","158,524,000","178,262,000","185,105,000","155,122,000","151,710,000","174,873,000","185,027,000","153,815,000","150,158,000","169,806,000","181,349,000","150,973,000","147,107,000","172,373,000","180,528,000","149,550,000","140,300,000","154,100,000","162,300,000","129,900,000","126,600,000","144,500,000","155,100,000","123,000,000","99,100,000","142,400,000","177,800,000","150,400,000","144,500,000","162,500,000","177,800,000","142,500,000","140,100,000","162,300,000","175,400,000","142,700,000","139,000,000","158,000,000","171,900,000","136,400,000","133,400,000","151,800,000","163,200,000","127,300,000","122,300,000","137,700,000","150,200,000","117,400,000","110,800,000","124,500,000","135,600,000","104,600,000","101,900,000","113,000,000","123,800,000","97,600,000","92,000,000","106,000,000","115,500,000","88,800,000","99,300,000","111,500,000","84,300,000","81,100,000","93,900,000","101,700,000","77,700,000","75,900,000","81,800,000","90,700,000","71,600,000","70,300,000","75,700,000"
	OperatingRevenue,"2,424,300,000","600,343,000","650,199,000","638,204,000","535,554,000","536,292,000","583,698,000","553,329,000","487,901,000","505,985,000","556,466,000","523,957,000","429,069,000","444,623,000","487,739,000","480,461,000","408,742,000","414,713,000","450,442,000","433,555,000","375,247,000","385,614,000","423,994,000","411,133,000","352,736,000","362,500,000","399,746,000","392,150,000","330,909,000","343,951,000","384,870,000","369,357,000","313,388,000","324,707,000","362,155,000","350,798,000","299,714,000","306,393,000","340,179,000","334,872,000","289,465,000","289,056,000","323,929,000","320,436,000","271,643,000","279,928,000","305,118,000","298,803,000","253,041,000","259,567,000","286,852,000","284,567,000","242,972,000","248,076,000","277,911,000","284,499,000","210,078,000","215,954,000","238,116,000","239,618,000","201,232,000","204,653,000","227,816,000","232,222,000","194,187,000","194,830,000","209,346,000","214,326,000","183,915,000","182,237,000","202,257,000","207,698,000","158,692,000","158,524,000","178,262,000","185,105,000","155,122,000","151,710,000","174,873,000","185,027,000","153,815,000","150,158,000","169,806,000","181,349,000","150,973,000","147,107,000","172,373,000","180,528,000","149,550,000","140,300,000","154,100,000","162,300,000","129,900,000","126,600,000","144,500,000","155,100,000","123,000,000","99,100,000","142,400,000","177,800,000","150,400,000","144,500,000","162,500,000","177,800,000","142,500,000","140,100,000","162,300,000","175,400,000","142,700,000","139,000,000","158,000,000","171,900,000","136,400,000","133,400,000","151,800,000","163,200,000","127,300,000","122,300,000","137,700,000","150,200,000","117,400,000","110,800,000","124,500,000","135,600,000","104,600,000","101,900,000","113,000,000","123,800,000","97,600,000","92,000,000","106,000,000","115,500,000","88,800,000","99,300,000","111,500,000","84,300,000","81,100,000","93,900,000","101,700,000","77,700,000","75,900,000","81,800,000","90,700,000","71,600,000","70,300,000","75,700,000"
CostOfRevenue,"1,162,617,000","297,729,000","305,474,000","297,862,000","261,552,000","266,344,000","275,474,000","255,622,000","251,152,000","254,284,000","268,718,000","253,333,000","217,258,000","221,235,000","236,287,000","230,772,000","206,143,000","207,519,000","218,781,000","204,480,000","189,163,000","192,995,000","205,608,000","195,943,000","177,802,000","182,235,000","195,489,000","190,209,000","168,043,000","174,979,000","188,810,000","182,642,000","161,308,000","167,357,000","181,135,000","174,361,000","155,606,000","163,025,000","170,478,000","165,993,000","148,082,000","151,202,000","165,097,000","159,645,000","140,898,000","147,622,000","156,064,000","148,428,000","130,975,000","136,562,000","147,436,000","141,633,000","125,371,000","133,050,000","145,415,000","146,076,000","110,359,000","117,199,000","123,029,000","121,601,000","106,836,000","112,614,000","119,206,000","119,035,000","107,014,000","106,353,000","106,398,000","110,594,000","98,637,000","97,787,000","106,748,000","105,442,000","85,357,000","86,709,000","96,085,000","95,550,000","84,078,000","83,927,000","95,174,000","98,023,000","84,553,000","84,211,000","95,118,000","98,720,000","86,274,000","88,427,000","99,949,000","98,762,000","87,003,000","85,800,000","89,200,000","89,100,000","76,900,000","78,500,000","85,600,000","86,700,000","76,900,000","99,800,000","90,500,000","102,100,000","85,900,000","90,500,000","94,700,000","94,200,000","79,400,000","77,600,000","88,200,000","86,900,000","73,200,000","75,200,000","82,300,000","83,700,000","70,200,000","69,900,000","77,100,000","80,900,000","65,600,000","65,200,000","70,600,000","75,000,000","60,700,000","60,100,000","65,100,000","68,600,000","54,200,000","55,500,000","59,700,000","63,400,000","51,500,000","50,500,000","56,000,000","59,100,000",,,,,,,,,,,,,,
GrossProfit,"1,261,683,000","302,614,000","344,725,000","340,342,000","274,002,000","269,948,000","308,224,000","297,707,000","236,749,000","251,701,000","287,748,000","270,624,000","211,811,000","223,388,000","251,452,000","249,689,000","202,599,000","207,194,000","231,661,000","229,075,000","186,084,000","192,619,000","218,386,000","215,190,000","174,934,000","180,265,000","204,257,000","201,941,000","162,866,000","168,972,000","196,060,000","186,715,000","152,080,000","157,350,000","181,020,000","176,437,000","144,108,000","143,368,000","169,701,000","168,879,000","141,383,000","137,854,000","158,832,000","160,791,000","130,745,000","132,306,000","149,054,000","150,375,000","122,066,000","123,005,000","139,416,000","142,934,000","117,601,000","115,026,000","132,496,000","138,423,000","99,719,000","98,755,000","115,087,000","118,017,000","94,396,000","92,039,000","108,610,000","113,187,000","87,173,000","88,477,000","102,948,000","103,732,000","85,278,000","84,450,000","95,509,000","102,256,000","73,335,000","71,815,000","82,177,000","89,555,000","71,044,000","67,783,000","79,699,000","87,004,000","69,262,000","65,947,000","74,688,000","82,629,000","64,699,000","58,680,000","72,424,000","81,766,000","62,547,000","54,500,000","64,900,000","73,200,000","53,000,000","48,100,000","58,900,000","68,400,000","46,100,000","-700,000","51,900,000","75,700,000","64,500,000","54,000,000","67,800,000","83,600,000","63,100,000","62,500,000","74,100,000","88,500,000","69,500,000","63,800,000","75,700,000","88,200,000","66,200,000","63,500,000","74,700,000","82,300,000","61,700,000","57,100,000","67,100,000","75,200,000","56,700,000","50,700,000","59,400,000","67,000,000","50,400,000","46,400,000","53,300,000","60,400,000","46,100,000","41,500,000","50,000,000","56,400,000",,,,,,,,,,,,,,
OperatingExpense,"821,694,000","211,224,000","217,878,000","206,788,000","185,804,000","181,489,000","197,101,000","193,178,000","179,459,000","177,401,000","188,858,000","182,018,000","156,213,000","152,403,000","161,939,000","159,745,000","143,403,000","138,630,000","149,245,000","143,214,000","128,925,000","140,150,000","138,490,000","138,895,000","123,895,000","128,941,000","133,100,000","129,867,000","116,356,000","123,171,000","130,116,000","121,130,000","110,798,000","116,441,000","123,104,000","119,286,000","109,028,000","107,886,000","117,985,000","115,681,000","104,591,000","103,142,000","111,733,000","111,045,000","100,698,000","101,866,000","107,985,000","105,930,000","93,915,000","97,608,000","102,554,000","101,162,000","91,412,000","93,050,000","100,471,000","100,715,000","77,391,000","81,219,000","85,039,000","83,698,000","73,727,000","75,698,000","81,134,000","81,313,000","69,293,000","77,577,000","78,058,000","77,339,000","66,246,000","71,847,000","76,329,000","74,919,000","58,832,000","63,534,000","66,491,000","67,290,000","59,378,000","61,845,000","68,941,000","68,186,000","61,246,000","63,540,000","67,804,000","68,052,000","61,487,000","61,648,000","68,627,000","68,894,000","61,295,000","58,200,000","63,500,000","62,000,000","53,400,000","54,500,000","59,700,000","59,600,000","51,500,000","68,100,000","57,400,000","66,700,000","57,400,000","55,300,000","63,900,000","64,400,000","54,100,000","52,700,000","58,000,000","55,700,000","57,700,000","51,100,000","55,400,000","54,300,000","55,600,000","51,400,000","55,900,000","52,000,000","52,600,000","47,300,000","50,600,000","48,600,000","48,700,000","42,600,000","45,800,000","45,100,000","44,300,000","40,100,000","41,600,000","41,000,000","40,600,000","36,600,000","40,300,000","39,300,000",,,,,,,,,,,,,,
	SellingGeneralAndAdministration,"727,489,000","187,538,000","194,261,000","183,482,000","162,208,000","159,086,000","174,697,000","171,253,000","157,862,000","154,795,000","167,168,000","161,886,000","139,530,000","135,760,000","145,072,000","143,379,000","126,487,000","123,680,000","134,932,000","129,667,000","115,154,000","126,321,000","125,407,000","126,545,000","112,255,000","117,601,000","121,944,000","118,622,000","105,575,000","111,921,000","118,679,000","110,522,000","100,584,000","106,608,000","113,028,000","109,518,000","99,134,000","98,076,000","108,520,000","106,068,000","94,824,000","93,059,000","102,396,000","101,757,000","91,498,000","92,506,000","98,909,000","96,772,000","85,101,000","88,563,000","93,233,000","91,806,000","81,988,000","84,120,000","91,440,000","92,030,000","70,760,000","74,633,000","78,154,000","76,787,000","67,041,000","69,238,000","74,472,000","74,368,000","62,500,000","71,105,000","72,258,000","71,294,000","60,283,000","65,483,000","70,080,000","69,155,000","54,175,000","58,613,000","61,426,000","62,253,000","54,222,000","56,508,000","63,516,000","62,740,000","55,819,000","58,281,000","62,664,000","63,308,000","56,338,000","56,775,000","63,950,000","64,290,000","57,028,000","54,400,000","60,100,000","58,200,000","51,000,000","52,100,000","57,500,000","57,400,000","49,400,000","66,800,000","55,000,000","64,300,000","55,100,000","52,800,000","61,600,000","62,400,000","52,300,000","50,500,000","56,000,000","53,800,000","55,900,000","48,900,000","53,500,000","52,300,000","53,600,000","49,200,000","53,700,000","49,900,000","50,800,000","45,200,000","48,600,000","46,600,000","46,800,000","40,600,000","43,800,000","43,100,000","42,400,000","38,200,000","39,700,000","39,100,000","38,800,000","34,600,000","38,300,000","37,400,000",,,,,,,,,,,,,,
		GeneralAndAdministrativeExpense,"727,489,000","187,538,000","194,261,000","183,482,000","162,208,000","159,086,000","174,697,000","171,253,000","157,862,000","154,795,000","167,168,000","161,886,000","139,530,000","135,760,000","145,072,000","143,379,000","126,487,000","123,680,000","134,932,000","129,667,000","115,154,000","126,321,000","125,407,000","126,545,000","112,255,000","117,601,000","121,944,000","118,622,000","105,575,000","111,921,000","118,679,000","110,522,000","100,584,000","106,608,000","113,028,000","109,518,000","99,134,000","97,608,000",,,,,,,,,,,,,,,,,,,,,,,,,,,,,,,,,,,,,,,,,,,,,,,,,,,,,,,,,,,,,,,,,,,,,,,,,,,,,,,,,,,,,,,,,,,,,,,,,,,,,,,,,,,,
			SalariesAndWages,,,"0",,,"0","6,691,000",,,"0","49,898,000",,,,,,,,,,,,,,,,,,,,,,,"0",,,,"1,000,000",,,,,,,,,,,,,,,,,,,,,,,,,,,,,,,,,,,,,,,,,,,,,,,,,,,,,,,,,,,,,,,,,,,,,,,,,,,,,,,,,,,,,,,,,,,,,,,,,,,,,,,,,,,,
			OtherGandA,"727,489,000","187,538,000","194,261,000","183,482,000","162,208,000","159,086,000","168,006,000","171,253,000","157,862,000","154,795,000","167,168,000","161,886,000","139,530,000","135,760,000","145,072,000","143,379,000","126,487,000","123,680,000","134,932,000","129,667,000","115,154,000","126,321,000","125,407,000","126,545,000","112,255,000","117,601,000","121,944,000","118,622,000","105,575,000","111,921,000","118,679,000","110,522,000","100,584,000","106,608,000","113,028,000","109,518,000","99,134,000","97,608,000",,,,,,,,,,,,,,,,,,,,,,,,,,,,,,,,,,,,,,,,,,,,,,,,,,,,,,,,,,,,,,,,,,,,,,,,,,,,,,,,,,,,,,,,,,,,,,,,,,,,,,,,,,,,
	DepreciationAmortizationDepletionIncomeStatement,"94,205,000","23,686,000","23,617,000","23,306,000","23,596,000","22,403,000","22,404,000","21,925,000","21,597,000","22,606,000","21,690,000","20,132,000","16,683,000","16,643,000","16,867,000","16,366,000","16,916,000","14,950,000","14,313,000","13,547,000","13,771,000","13,829,000","13,083,000","12,350,000","11,640,000","11,340,000","11,156,000","11,245,000","10,781,000","11,250,000","11,437,000","10,608,000","10,214,000","9,833,000","10,076,000","9,768,000","9,894,000","9,810,000","9,465,000","9,613,000","9,767,000","9,678,000","9,337,000","9,288,000","9,200,000","9,365,000","9,076,000","8,967,000","9,000,000","9,045,000","9,321,000","9,374,000","9,429,000","9,096,000","9,031,000","8,685,000","6,631,000","6,586,000","6,885,000","6,911,000","6,686,000","6,460,000","6,662,000","6,945,000","6,793,000","6,472,000","5,800,000","6,045,000","5,963,000","6,364,000","6,249,000","5,764,000","4,657,000","4,921,000","5,065,000","5,037,000","5,156,000","5,337,000","5,425,000","5,446,000","5,427,000","5,259,000","5,140,000","4,744,000","5,149,000","4,873,000","4,677,000","4,604,000","4,267,000","3,800,000","3,400,000","3,800,000","2,400,000","2,400,000","2,200,000","2,200,000","2,100,000","1,300,000","2,400,000","2,400,000","2,300,000","2,500,000","2,300,000","2,000,000","1,800,000","2,200,000","2,000,000","1,900,000","1,800,000","2,200,000","1,900,000","2,000,000","2,000,000","2,200,000","2,200,000","2,100,000","1,800,000","2,100,000","2,000,000","2,000,000","1,900,000","2,000,000","2,000,000","2,000,000","1,900,000","1,900,000","1,900,000","1,900,000","1,800,000","2,000,000","2,000,000","1,900,000",,,,,,,,,,,,,,
		DepreciationAndAmortizationInIncomeStatement,"94,205,000","23,686,000","23,617,000","23,306,000","23,596,000","22,403,000","22,404,000","21,925,000","21,597,000","22,606,000","21,690,000","20,132,000","16,683,000","16,643,000","16,867,000","16,366,000","16,916,000","14,950,000","14,313,000","13,547,000","13,771,000","13,829,000","13,083,000","12,350,000","11,640,000","11,340,000","11,156,000","11,245,000","10,781,000","11,250,000","11,437,000","10,608,000","10,214,000","9,833,000","10,076,000","9,768,000","9,894,000","9,810,000","9,465,000","9,613,000","9,767,000","9,678,000","9,337,000","9,288,000","9,200,000","9,365,000","9,076,000","8,967,000","9,000,000","9,045,000","9,321,000","9,374,000","9,429,000","9,096,000","9,031,000","8,685,000","6,631,000","6,586,000","6,885,000","6,911,000","6,686,000","6,460,000","6,662,000","6,945,000","6,793,000","6,472,000","5,800,000","6,045,000","5,963,000","6,364,000","6,249,000","5,764,000","4,657,000","4,921,000","5,065,000","5,037,000","5,156,000","5,337,000","5,425,000","5,446,000","5,427,000","5,259,000","5,140,000","4,744,000","5,149,000","4,873,000","4,677,000","4,604,000","4,267,000","3,800,000","3,400,000","3,800,000","2,400,000","2,400,000","2,200,000","2,200,000","2,100,000","1,300,000","2,400,000","2,400,000","2,300,000","2,500,000","2,300,000","2,000,000","1,800,000","2,200,000","2,000,000","1,900,000","1,800,000","2,200,000","1,900,000","2,000,000","2,000,000","2,200,000","2,200,000","2,100,000","1,800,000","2,100,000","2,000,000","2,000,000","1,900,000","2,000,000","2,000,000","2,000,000","1,900,000","1,900,000","1,900,000","1,900,000","1,800,000","2,000,000","2,000,000","1,900,000",,,,,,,,,,,,,,
	OtherOperatingExpenses,"-35,679,000","-2,081,000",,,,,,,,,,,,,,,,,,,,,,,,,,,,,,,,,,,,,,,,,,"-178,000",,,,"191,000","-186,000",,"30,000","-18,000","-5,000",,,,,,,,,,,,,,,,,,,,,,,,,,,,,,,,,,,,,,,,,,,,,,,,,,,,,,,,,,,,,,,,,,,,,,,,,,,,,,,,,,,,,,,,,,,,,
OperatingIncome,"439,989,000","91,390,000","126,847,000","133,554,000","88,198,000","88,459,000","111,123,000","104,529,000","57,290,000","74,300,000","98,890,000","88,606,000","55,598,000","70,985,000","89,513,000","89,944,000","59,196,000","68,564,000","82,416,000","85,861,000","57,159,000","52,469,000","79,896,000","76,295,000","51,039,000","51,324,000","71,157,000","72,074,000","46,510,000","45,801,000","65,944,000","65,585,000","41,282,000","40,909,000","57,916,000","57,151,000","35,080,000","35,482,000","51,716,000","53,198,000","36,792,000","34,712,000","47,099,000","49,746,000","30,047,000","30,440,000","41,069,000","44,445,000","28,151,000","25,397,000","36,862,000","41,772,000","26,189,000","21,976,000","32,025,000","37,708,000","22,328,000","17,536,000","30,048,000","34,319,000","20,669,000","16,341,000","27,476,000","31,874,000","17,880,000","10,900,000","24,890,000","26,393,000","19,032,000","12,603,000","19,180,000","27,337,000","14,503,000","8,281,000","15,686,000","22,265,000","11,666,000","5,938,000","10,758,000","18,818,000","8,016,000","2,407,000","6,884,000","14,577,000","3,212,000","-2,968,000","3,797,000","12,872,000","1,252,000","-3,700,000","1,400,000","11,200,000","-400,000","-6,400,000","-800,000","8,800,000","-5,400,000","-68,800,000","-5,500,000","9,000,000","7,100,000","-1,300,000","3,900,000","19,200,000","9,000,000","9,800,000","16,100,000","32,800,000","11,800,000","12,700,000","20,300,000","33,900,000","10,600,000","12,100,000","18,800,000","30,300,000","9,100,000","9,800,000","16,500,000","26,600,000","8,000,000","8,100,000","13,600,000","21,900,000","6,100,000","6,300,000","11,700,000","19,400,000","5,500,000","4,900,000","9,700,000","17,100,000","88,800,000","99,300,000","-219,700,000","84,300,000","81,100,000","93,900,000","-196,000,000","77,700,000","75,900,000","81,800,000","-180,300,000","71,600,000","70,300,000","75,700,000"
NetNonOperatingInterestIncomeExpense,"-830,000","504,000","-222,000","-506,000","-606,000","-591,000","-866,000","-1,460,000","-2,165,000","-2,466,000","-2,826,000","-1,899,000","274,000","290,000","63,000","-75,000","-58,000","-83,000","79,000","190,000","73,000","4,000","18,000","88,000","50,000","26,000","21,000","66,000","47,000","116,000","-24,000","86,000","76,000","112,000","101,000","127,000","45,000","76,000","-19,000","-20,000","-51,000","-59,000","-79,000","-178,000","-192,000","-172,000","-100,000","-66,000","-99,000","-118,000","-159,000","-259,000","-428,000",,,,,,,,,,,,,,,,,,,,,,,,,,,,,,,,,,,,,,,,,,,,,,,,,,,,,,,,,,,,,,,,,,,,,,,,,,,,,,,,,,,,,,,,,,,,,
	InterestIncomeNonOperating,,"504,000",,,,,,,,,,,,,,,,,,,,,,,,,,,,,,,,,,,,,,,,,,,,,,,,,"0",,"0",,,,,,,,,,,,,,,,,,,,,,,,,,,,,,,,,,,,,,,,,,,,,,,,,,,,,,,,,,,,,,,,,,,,,,,,,,,,,,,,,,,,,,,,,,,,,
	InterestExpenseNonOperating,"830,000","-504,000","222,000","506,000","606,000","591,000","866,000","1,460,000",,,,,,,,,,,,,,,,,,,,,,,,,,,,,,,"19,000","20,000","51,000","59,000","79,000","178,000","192,000",,,,"99,000","118,000","159,000",,"428,000",,,,,,,,,,,,,,,,,,,,,,,,,,,,,,,,,,,,,,,,,,,,,,,,,,,,,,,,,,,,,,,,,,,,,,,,,,,,,,,,,,,,,,,,,,,,,
	TotalOtherFinanceCost,"830,000","-504,000",,,"606,000",,,,"2,165,000","2,466,000","2,826,000","1,899,000","-274,000","-290,000","-63,000","75,000","58,000","83,000","-79,000","-190,000","-73,000","-4,000","-18,000","-88,000","-50,000","-26,000","-21,000","-66,000","-47,000","-116,000","24,000","-86,000","-76,000","-112,000","-101,000","-127,000","-45,000","-76,000",,,"51,000",,,"178,000",,,"100,000","66,000",,,"159,000","259,000",,,,,,,,,,,,,,,,,,,,,,,,,,,,,,,,,,,,,,,,,,,,,,,,,,,,,,,,,,,,,,,,,,,,,,,,,,,,,,,,,,,,,,,,,,,,,,
OtherIncomeExpense,"35,679,000","2,081,000","447,000","891,000","32,260,000","-970,000","-1,355,000","451,000","275,000","175,000","-49,925,000","252,000","181,000","197,000","314,000","308,000","56,000","63,000","66,000","88,000","26,000","57,000","52,000","579,000","89,000","449,000","1,255,000","194,000","55,000","54,000",,,"248,000","-81,000",,,,"-1,000,000",,,,,,,,,,,,"-2,935,000","-30,000",,,,"154,000","14,000","21,000","-61,000","17,000","89,000","7,000","66,000","17,000","-2,000",,"438,000",,"4,722,000","-3,000","10,259,000","315,000","14,143,000","-1,000",,,,,,,,,,,,,,,,,,,,"1,100,000","1,700,000","2,200,000","2,400,000","2,600,000","-113,000,000","1,200,000","1,200,000","1,200,000","1,700,000","1,500,000","1,500,000","1,300,000","1,400,000","-10,600,000","1,200,000","900,000","1,300,000","900,000","400,000","500,000","800,000","600,000","600,000","400,000","500,000","500,000","500,000","400,000","500,000","500,000","600,000","500,000","600,000","700,000","600,000","500,000","600,000","600,000","600,000",,,,,,,,,,,,,,
	SpecialIncomeCharges,,,"447,000","891,000","32,260,000","-970,000","-1,355,000","451,000","275,000","175,000","-49,925,000","252,000","181,000","197,000","314,000","308,000","56,000","63,000","66,000","88,000","26,000","57,000","52,000","579,000","89,000","449,000","1,255,000","194,000","55,000","54,000",,,"248,000","-81,000",,,,"-1,000,000",,,,,,,,,,,,"-2,935,000","-30,000",,,,"154,000","14,000","21,000","-61,000","17,000","89,000","7,000","66,000","17,000","-2,000",,"438,000",,"4,722,000","-3,000","10,259,000","315,000","14,143,000","-1,000",,,,,,,,,,,,,,,,,,,,"1,100,000","1,700,000","2,200,000","2,400,000","2,600,000","-113,000,000","1,200,000","1,200,000","1,200,000","1,700,000","1,500,000","1,500,000","1,300,000","1,400,000","-10,600,000","1,200,000","900,000","1,300,000","900,000","400,000","500,000","800,000","600,000","600,000","400,000","500,000","500,000","500,000","400,000","500,000","500,000","600,000","500,000","600,000","700,000","600,000","500,000","600,000","600,000","600,000",,,,,,,,,,,,,,
		OtherSpecialCharges,,,,,,,,,,"0","49,898,000",,,,,,,,,,,,,,,,,,,,,,,,,,,"1,000,000",,,,,,,,,,,,,,,,,,,,,,,,,,,,,,,,,,,,,,,,,,,,,,,,,,,,,,,,,,,,,,,,,,,,,,,,,,,,,,,,,,,,,,,,,,,,,,,,,,,,,,,,,,,,
		GainOnSaleOfPPE,,,"447,000","891,000","32,260,000","-970,000","-1,355,000","451,000","275,000","175,000","-27,000","252,000","181,000","197,000","314,000","308,000","56,000","63,000","66,000","88,000","26,000","57,000","52,000","579,000","89,000","449,000","1,255,000","194,000","55,000","54,000",,,"248,000","-81,000",,,,,,,,,,,,,,,,,,,,,,,,,,,,,,,,,,,,,,,,,,,,,,,,,,,,,,,,,,,,,,,,,,,,,,,,,,,,,,,,,,,,,,,,,,,,,,,,,,,,,,,,,,,,,,,,
	OtherNonOperatingIncomeExpenses,"35,679,000","2,081,000",,,,,,,,"0","-49,898,000",,,,,,,,,,,,,,,,,,,,,,,,,,,"-1,000,000",,,,,,,,,,,,,,,,,,,,,,,,,,,,,,,,,,,,,,,,,,,,,,,,,,,,,,,,,,,,,,,,,,,,,,,,,,,,,,,,,,,,,,,,,,,,,,,,,,,,,,,,,,,,
PretaxIncome,"474,838,000","93,975,000","127,072,000","133,939,000","119,852,000","86,898,000","108,902,000","103,520,000","55,400,000","72,009,000","46,139,000","86,959,000","56,053,000","71,472,000","89,890,000","90,177,000","59,194,000","68,544,000","82,561,000","86,139,000","57,258,000","52,530,000","79,966,000","76,962,000","51,178,000","51,799,000","72,433,000","72,334,000","46,612,000","46,535,000","65,920,000","65,671,000","41,358,000","41,186,000","58,017,000","57,278,000","35,125,000","35,026,000","51,697,000","53,178,000","36,741,000","34,653,000","47,020,000","49,568,000","29,855,000","30,145,000","40,969,000","44,379,000","28,052,000","22,344,000","36,673,000","41,513,000","25,761,000","20,874,000","32,005,000","37,329,000","22,746,000","18,224,000","30,531,000","34,930,000","21,228,000","16,946,000","27,825,000","32,216,000","18,172,000","11,616,000","25,379,000","31,469,000","19,491,000","22,970,000","19,563,000","41,527,000","14,652,000","10,133,000","15,806,000","22,359,000","11,732,000","6,009,000","10,893,000","18,857,000","7,967,000","2,605,000","6,884,000","14,577,000","3,260,000","-2,756,000","3,811,000","13,067,000","1,281,000","-3,700,000","2,300,000","12,300,000","800,000","-4,600,000","1,400,000","11,100,000","-2,900,000","-181,800,000","-4,200,000","10,200,000","8,300,000","500,000","5,300,000","20,700,000","10,300,000","11,200,000","5,600,000","34,000,000","12,500,000","14,000,000","21,100,000","34,300,000","11,200,000","12,900,000","19,500,000","31,000,000","9,600,000","10,300,000","17,000,000","27,100,000","8,400,000","8,700,000","14,200,000","22,500,000","6,600,000","6,800,000","12,400,000","20,200,000","6,000,000","5,600,000","10,300,000","17,800,000",,,,,,,,,,,,,,
TaxProvision,"124,151,000","28,638,000","33,219,000","35,085,000","27,209,000","24,279,000","29,323,000","28,162,000","12,132,000","21,244,000","2,078,000","22,664,000","11,827,000","20,504,000","23,262,000","24,635,000","10,669,000","34,809,000","31,131,000","32,450,000","16,988,000","14,523,000","30,315,000","29,179,000","19,250,000","20,050,000","27,387,000","27,261,000","16,331,000","16,618,000","24,799,000","24,811,000","15,592,000","13,229,000","21,817,000","21,284,000","11,946,000","12,112,000","19,486,000","20,051,000","13,661,000","13,058,000","17,605,000","18,507,000","11,215,000","10,939,000","15,456,000","16,679,000","10,469,000","2,383,000","13,940,000","16,031,000","9,953,000","8,321,000","12,201,000","14,591,000","8,907,000","6,290,000","11,766,000","13,691,000","8,435,000","6,407,000","10,788,000","12,886,000","7,269,000","4,264,000","10,279,000","12,745,000","7,896,000","8,877,000","7,925,000","17,717,000","5,934,000","5,308,000","6,006,000","8,497,000","4,458,000","2,284,000","4,139,000","7,166,000","3,027,000","990,000","2,616,000","5,539,000","1,239,000","-1,047,000","1,448,000","4,965,000","487,000","-1,400,000","900,000","4,700,000","300,000","-1,800,000","500,000","4,200,000","-1,100,000","-69,100,000","-1,600,000","3,900,000","3,200,000","200,000","2,000,000","7,900,000","3,900,000","4,300,000","2,100,000","12,900,000","4,700,000","5,400,000","8,100,000","13,200,000","4,300,000","5,000,000","7,800,000","11,900,000","3,700,000","4,100,000","6,700,000","10,700,000","3,300,000","3,500,000","5,600,000","8,900,000","2,600,000","2,700,000","4,900,000","8,000,000","2,400,000","1,800,000","4,200,000","7,200,000",,,,,,,,,,,,,,
NetIncomeCommonStockholders,"350,687,000","65,337,000","93,853,000","98,854,000","92,643,000","62,619,000","79,579,000","75,358,000","43,268,000","50,765,000","44,061,000","64,295,000","44,226,000","50,968,000","66,628,000","65,542,000","48,525,000","33,735,000","51,430,000","53,689,000","40,270,000","38,007,000","49,651,000","47,783,000","31,928,000","31,749,000","45,046,000","45,073,000","30,281,000","29,917,000","41,121,000","40,860,000","25,766,000","27,957,000","36,200,000","35,994,000","23,179,000","22,914,000","32,211,000","33,127,000","23,080,000","21,595,000","29,415,000","31,061,000","18,640,000","19,206,000","25,513,000","27,700,000","17,583,000","19,961,000","22,733,000","25,482,000","15,808,000","12,553,000","19,804,000","22,738,000","13,839,000","11,934,000","18,765,000","21,239,000","12,793,000","10,539,000","17,037,000","19,330,000","10,903,000","7,352,000","15,100,000","18,724,000","11,595,000","7,889,000","11,638,000","23,810,000","8,718,000","4,825,000","9,800,000","13,862,000","7,274,000","3,725,000","6,754,000","11,691,000","4,940,000","1,615,000","4,268,000","9,038,000","2,021,000","-1,709,000","2,363,000","8,102,000","794,000","-2,300,000","1,400,000","7,600,000","500,000","600,000","900,000","6,900,000","-1,800,000","-7,600,000","-2,300,000","6,300,000","5,100,000","300,000","3,300,000","12,800,000","6,400,000","6,900,000","3,500,000","21,100,000","7,800,000","8,600,000","13,000,000","21,100,000","6,900,000","7,900,000","11,700,000","19,100,000","5,900,000","6,200,000","10,300,000","16,400,000","5,100,000","5,200,000","8,600,000","13,600,000","4,000,000","4,100,000","7,500,000","12,200,000","3,600,000","3,800,000","6,100,000","10,600,000",,"6,100,000",,,,,,,,,,,,
	NetIncome,"350,687,000","65,337,000","93,853,000","98,854,000","92,643,000","62,619,000","79,579,000","75,358,000","43,268,000","50,765,000","44,061,000","64,295,000","44,226,000","50,968,000","66,628,000","65,542,000","48,525,000","33,735,000","51,430,000","53,689,000","40,270,000","38,007,000","49,651,000","47,783,000","31,928,000","31,749,000","45,046,000","45,073,000","30,281,000","29,917,000","41,121,000","40,860,000","25,766,000","27,957,000","36,200,000","35,994,000","23,179,000","22,914,000","32,211,000","33,127,000","23,080,000","21,595,000","29,415,000","31,061,000","18,640,000","19,206,000","25,513,000","27,700,000","17,583,000","19,961,000","22,733,000","25,482,000","15,808,000","12,553,000","19,804,000","22,738,000","13,839,000","11,934,000","18,765,000","21,239,000","12,793,000","10,539,000","17,037,000","19,330,000","10,903,000","7,352,000","15,100,000","18,724,000","11,595,000","7,889,000","11,638,000","23,810,000","8,718,000","4,825,000","9,800,000","13,862,000","7,274,000","3,725,000","6,754,000","11,691,000","4,940,000","1,615,000","4,268,000","9,038,000","2,021,000","-1,709,000","2,363,000","8,102,000","794,000","-2,300,000","1,400,000","7,600,000","500,000","600,000","900,000","6,900,000","-1,800,000","-7,600,000","-2,300,000","6,300,000","5,100,000","300,000","3,300,000","12,800,000","6,400,000","6,900,000","3,500,000","21,100,000","7,800,000","8,600,000","13,000,000","21,100,000","6,900,000","7,900,000","11,700,000","19,100,000","5,900,000","6,200,000","10,300,000","16,400,000","5,100,000","5,200,000","8,600,000","13,600,000","4,000,000","4,100,000","7,500,000","12,200,000","3,600,000","3,800,000","6,100,000","10,600,000",,"6,100,000",,,,,,,,,,,,
		NetIncomeIncludingNoncontrollingInterests,"350,687,000","65,337,000","93,853,000","98,854,000","92,643,000","62,619,000","79,579,000","75,358,000","43,268,000","50,765,000","44,061,000","64,295,000","44,226,000","50,968,000","66,628,000","65,542,000","48,525,000","33,735,000","51,430,000","53,689,000","40,270,000","38,007,000","49,651,000","47,783,000","31,928,000","31,749,000","45,046,000","45,073,000","30,281,000","29,917,000","41,121,000","40,860,000","25,766,000","27,957,000","36,200,000","35,994,000","23,179,000","22,914,000","32,211,000","33,127,000","23,080,000","21,595,000","29,415,000","31,061,000","18,640,000","19,206,000","25,513,000","27,700,000","17,583,000","19,961,000","22,733,000","25,482,000","15,808,000","12,553,000","19,804,000","22,738,000","13,839,000","11,934,000","18,765,000","21,239,000","12,793,000","10,539,000","17,037,000","19,330,000","10,903,000","7,352,000","15,100,000","18,724,000","11,595,000","7,889,000","11,638,000","23,810,000","8,718,000","4,825,000","9,800,000","13,862,000","7,274,000","3,725,000","6,754,000","11,691,000","4,940,000","1,615,000","4,268,000","9,038,000","2,021,000","-1,709,000","2,363,000","8,102,000","794,000","-2,300,000","1,400,000","7,600,000","500,000","600,000","900,000","6,900,000","-1,800,000","-7,600,000","-2,300,000","6,300,000","5,100,000","300,000","3,300,000","12,800,000","6,400,000","6,900,000","3,500,000","21,100,000","7,800,000","8,600,000","13,000,000","21,100,000","6,900,000","7,900,000","11,700,000","19,100,000","5,900,000","6,200,000","10,300,000","16,400,000","5,100,000","5,200,000","8,600,000","13,600,000","4,000,000","4,100,000","7,500,000","12,200,000","3,600,000","3,800,000","6,100,000","10,600,000","3,000,000","6,100,000","12,400,000","2,900,000","3,200,000","5,800,000","9,600,000","3,600,000","2,600,000","4,100,000","7,800,000","3,400,000","3,700,000","3,600,000"
			NetIncomeContinuousOperations,"350,687,000","65,337,000","93,853,000","98,854,000","92,643,000","62,619,000","79,579,000","75,358,000","43,268,000","50,765,000","44,061,000","64,295,000","44,226,000","50,968,000","66,628,000","65,542,000","48,525,000","33,735,000","51,430,000","53,689,000","40,270,000","38,007,000","49,651,000","47,783,000","31,928,000","31,749,000","45,046,000","45,073,000","30,281,000","29,917,000","41,121,000","40,860,000","25,766,000","27,957,000","36,200,000","35,994,000","23,179,000","22,914,000","32,211,000","33,127,000","23,080,000","21,595,000","29,415,000","31,061,000","18,640,000","19,206,000","25,513,000","27,700,000","17,583,000","19,961,000","22,733,000","25,482,000","15,808,000","12,553,000","19,804,000","22,738,000","13,839,000","11,934,000","18,765,000","21,239,000","12,793,000","10,539,000","17,037,000","19,330,000","10,903,000","7,352,000","15,100,000","18,724,000","11,595,000","14,093,000","11,638,000","23,810,000","8,718,000","4,825,000","9,800,000","13,862,000","7,274,000","3,725,000","6,754,000","11,691,000","4,940,000","1,615,000","4,268,000","9,038,000","2,021,000","-1,709,000","2,363,000","8,102,000","794,000","-2,300,000","1,400,000","7,600,000","500,000","-2,800,000","900,000","6,900,000","-1,800,000","-112,700,000","-2,600,000","6,300,000","5,100,000","300,000","3,300,000","12,800,000","6,400,000","6,900,000","3,500,000","21,100,000","7,800,000","8,600,000","13,000,000","21,100,000","6,900,000","7,900,000","11,700,000","19,100,000","5,900,000","6,200,000","10,300,000","16,400,000","5,100,000","5,200,000","8,600,000","13,600,000","4,000,000","4,100,000","7,500,000","12,200,000","3,600,000","3,800,000","6,100,000","10,600,000","3,000,000","6,100,000","12,400,000","2,900,000","3,200,000","5,800,000","9,600,000","3,600,000","2,600,000","4,100,000","7,800,000","3,400,000","3,700,000","3,600,000"
			NetIncomeDiscontinuousOperations,,,,,,,,,,,,,,,,,,,,,,,,,,,,,,,,,,,,,,,,,,,,,,,,,,,,,,,,,,,,,,,,,,,,,,,,,,,,,,,,,,,,,,,,,,,,,,,,,,"105,100,000","300,000",,,,,,,,,,,,,,,,,,,,,,,,,,,,,,,,,,,,,,,,,,,,,,,
DilutedNIAvailtoComStockholders,"350,687,000","65,337,000","93,853,000","98,854,000","92,643,000","62,619,000","79,579,000","75,358,000","43,268,000","50,765,000","44,061,000","64,295,000","44,226,000","50,968,000","66,628,000","65,542,000","48,525,000","33,735,000","51,430,000","53,689,000","40,270,000","38,007,000","49,651,000","47,783,000","31,928,000","31,749,000","45,046,000","45,073,000","30,281,000","29,917,000","41,121,000","40,860,000","25,766,000","27,957,000","36,200,000","35,994,000","23,179,000","22,914,000","32,211,000","33,127,000","23,080,000","21,595,000","29,415,000","31,061,000","18,640,000","19,206,000","25,513,000","27,700,000","17,583,000","19,961,000","22,733,000","25,482,000","15,808,000","12,553,000","19,804,000","22,738,000","13,839,000","11,934,000","18,765,000","21,239,000","12,793,000","10,539,000","17,037,000","19,330,000","10,903,000","7,352,000","15,100,000","18,724,000","11,595,000","7,889,000","11,638,000","23,810,000","8,718,000","4,825,000","9,800,000","13,862,000","7,274,000","3,725,000","6,754,000","11,691,000","4,940,000","1,615,000","4,268,000","9,038,000","2,021,000","-1,709,000","2,363,000","8,102,000","794,000","-2,300,000","1,400,000","7,600,000","500,000","600,000","900,000","6,900,000","-1,800,000","-7,600,000","-2,300,000","6,300,000","5,100,000","300,000","3,300,000","12,800,000","6,400,000","6,900,000","3,500,000","21,100,000","7,800,000","8,600,000","13,000,000","21,100,000","6,900,000","7,900,000","11,700,000","19,100,000","5,900,000","6,200,000","10,300,000","16,400,000","5,100,000","5,200,000","8,600,000","13,600,000","4,000,000","4,100,000","7,500,000","12,200,000","3,600,000","3,800,000","6,100,000","10,600,000",,"6,100,000",,,,,,,,,,,,
BasicEPS,,"0.13","0.19","0.2","0.19","0.13","0.16","0.153","0.087","0.107","0.087","0.133","0.093","0.107","0.138","0.133","0.098","0.067","0.107","0.111","0.08","0.076","0.102","0.098","0.067","0.067","0.093","0.093","0.062","0.062","0.083","0.083","0.053","0.056","0.074","0.074","0.047","0.047","0.065","0.068","0.047",,"0.059","0.062","0.039",,"0.051","0.055","0.036",,"0.045","0.051","0.032",,"0.04","0.045","0.028",,"0.037","0.042","0.025",,"0.033","0.038","0.021",,"0.029","0.037","0.022",,"0.022","0.046","0.017",,"0.019","0.027","0.014",,"0.013","0.023","0.009",,"0.008","0.018","0.004",,"0.005","0.016","0.002",,"0.003","0.015","0.001",,"0.002","0.012","-0.003",,"-0.004","0.011","0.009",,"0.005","0.021","0.011",,"0.005","0.035","0.013",,"0.021","0.035","0.011",,"0.019","0.032","0.009",,"0.017","0.028","0.008",,"0.014","0.023","0.006",,"0.012","0.021","0.006",,"0.01","0.018","0.005","0.01",,"0.005","0.005","0.009",,"0.006","0.004","0.007",,"0.005","0.006","0.006"
DilutedEPS,,"0.13","0.19","0.2","0.19","0.13","0.16","0.153","0.087","0.107","0.087","0.133","0.093","0.107","0.138","0.133","0.098","0.067","0.107","0.111","0.08","0.076","0.102","0.098","0.067","0.067","0.093","0.093","0.062","0.062","0.083","0.083","0.053","0.056","0.074","0.074","0.047","0.047","0.065","0.068","0.047",,"0.059","0.062","0.039",,"0.051","0.055","0.036",,"0.045","0.051","0.032",,"0.04","0.045","0.028",,"0.037","0.041","0.025",,"0.033","0.037","0.021",,"0.029","0.036","0.022",,"0.022","0.045","0.017",,"0.018","0.026","0.014",,"0.013","0.023","0.009",,"0.008","0.017","0.004",,"0.005","0.016","0.002",,"0.003","0.015","0.001",,"0.002","0.012","-0.003",,"-0.004","0.011","0.009",,"0.005","0.021","0.011",,"0.005","0.035","0.013",,"0.021","0.035","0.011",,"0.019","0.032","0.009",,"0.017","0.028","0.008",,"0.014","0.023","0.006",,"0.012","0.021","0.006",,"0.01","0.018","0.005","0.01",,"0.005","0.005","0.009",,"0.006","0.004","0.007",,"0.005","0.006","0.006"
BasicAverageShares,,"492,041,000","492,069,000","491,999,000","492,003,000","491,619,000","491,631,000","491,644,500","491,523,000","491,158,500","491,188,500","491,259,000","491,259,000","490,974,000","490,981,500","490,923,000","490,866,750","490,475,250","490,473,000","490,504,500","490,434,750","490,092,750","490,587,750","491,483,250","492,043,500","491,816,250","491,836,500","491,879,250","491,717,250","491,143,500","492,075,000","492,328,125","492,719,625","492,318,000","492,773,625","493,458,750","493,553,250","492,844,500","492,949,125","494,157,375","495,102,375",,"494,602,875","496,951,875","497,721,375",,"498,089,250","501,410,250","502,230,375",,"501,820,312","494,742,937","497,805,750",,"502,367,062","503,055,562","503,151,750",,"505,804,500","508,606,593","511,218,843",,"509,297,625","513,003,375","513,907,031",,"517,263,468","515,896,593","515,934,562",,"520,095,937","518,865,750","515,972,531",,"513,888,046","513,910,828","511,575,920",,"511,270,486","515,168,472","514,802,406",,"515,591,469","515,639,019","514,442,269",,"513,196,362","513,083,458","511,452,503",,"477,690,908","518,635,843","154,335,567",,"511,823,186","560,550,260","614,174,024",,"581,450,308","565,682,588","580,053,245",,"625,538,248","606,588,222","606,593,900",,"663,449,657","610,124,402","604,866,504",,"616,066,163","610,124,402","619,557,120",,"604,869,593","603,430,791","629,107,165",,"605,935,158","595,297,846","621,494,596",,"611,327,193","594,924,349","620,366,399",,"609,293,761","594,676,436","614,174,024",,"612,164,493","602,800,431","603,884,656","612,164,493",,"603,731,100","603,731,100","594,433,226",,"595,473,904","595,473,904","595,473,904",,"595,456,844","594,586,767","594,586,767"
DilutedAverageShares,,"492,041,000","492,069,000","491,999,000","492,003,000","491,619,000","491,631,000","491,644,500","491,523,000","491,158,500","491,188,500","491,259,000","491,259,000","490,974,000","490,981,500","490,923,000","490,866,750","490,475,250","490,473,000","490,504,500","490,434,750","490,092,750","490,587,750","491,483,250","492,043,500","491,816,250","491,836,500","491,879,250","491,717,250","491,143,500","492,075,000","492,328,125","492,719,625","492,318,000","492,773,625","493,458,750","493,553,250","492,847,875","492,955,875","494,194,500","495,159,750",,"494,805,375","497,184,750","498,048,750",,"498,681,562","502,194,937","503,177,062",,"503,354,250","498,777,750","501,293,812",,"506,736,000","507,115,687","508,280,062",,"511,196,062","513,907,031","521,910,843",,"521,690,625","525,814,031","528,395,906",,"531,881,437","531,782,718","532,040,906",,"533,047,078","532,545,890","531,292,921",,"523,900,406","528,570,562","525,227,026",,"513,920,584","518,760,808","518,147,935",,"517,936,275","518,044,121","517,160,231",,"513,255,206","513,094,615","511,507,349",,"477,690,908","518,635,843","154,374,361",,"511,823,186","560,550,260","614,174,024",,"581,450,308","565,682,588","580,053,245",,"625,538,248","606,588,222","606,593,900",,"663,449,657","610,124,402","604,866,504",,"616,066,163","610,124,402","619,557,120",,"604,869,593","603,430,791","629,107,165",,"605,935,158","595,297,846","621,494,596",,"611,327,193","594,924,349","620,366,399",,"609,293,761","594,676,436","614,174,024",,"612,164,493","602,800,431","603,884,656","612,164,493",,"603,731,100","603,731,100","594,433,226",,"595,473,904","595,473,904","595,473,904",,"595,456,844","594,586,767","594,586,767"
TotalOperatingIncomeAsReported,"439,989,000","91,390,000",,,,,,,,,,,,,,,,,,,,,,,,,,,,,,,,,,,,,,,,,,,,,,,,,,,,,,,,,,,,,,,,,,,,,,,,,,,,,,,,,,,,,,,,,,,,,,,,,,,,,,,,,,,,,,,,,,,,,,,,,,,,,,,,,,,,,,,,,,,,,,,,
TotalExpenses,"1,984,311,000","508,953,000","523,352,000","504,650,000","447,356,000","447,833,000","472,575,000","448,800,000","430,611,000","431,685,000","457,576,000","435,351,000","373,471,000","373,638,000","398,226,000","390,517,000","349,546,000","346,149,000","368,026,000","347,694,000","318,088,000","333,145,000","344,098,000","334,838,000","301,697,000","311,176,000","328,589,000","320,076,000","284,399,000","298,150,000","318,926,000","303,772,000","272,106,000","283,798,000","304,239,000","293,647,000","264,634,000","270,911,000","288,463,000","281,674,000","252,673,000","254,344,000","276,830,000","270,690,000","241,596,000","249,488,000","264,049,000","254,358,000","224,890,000","234,170,000","249,990,000","242,795,000","216,783,000","226,100,000","245,886,000","246,791,000","187,750,000","198,418,000","208,068,000","205,299,000","180,563,000","188,312,000","200,340,000","200,348,000","176,307,000","183,930,000","184,456,000","187,933,000","164,883,000","169,634,000","183,077,000","180,361,000","144,189,000","150,243,000","162,576,000","162,840,000","143,456,000","145,772,000","164,115,000","166,209,000","145,799,000","147,751,000","162,922,000","166,772,000","147,761,000","150,075,000","168,576,000","167,656,000","148,298,000","144,000,000","152,700,000","151,100,000","130,300,000","133,000,000","145,300,000","146,300,000","128,400,000","167,900,000","147,900,000","168,800,000","143,300,000","145,800,000","158,600,000","158,600,000","133,500,000","130,300,000","146,200,000","142,600,000","130,900,000","126,300,000","137,700,000","138,000,000","125,800,000","121,300,000","133,000,000","132,900,000","118,200,000","112,500,000","121,200,000","123,600,000","109,400,000","102,700,000","110,900,000","113,700,000","98,500,000","95,600,000","101,300,000","104,400,000","92,100,000","87,100,000","96,300,000","98,400,000",,,,,,,,,,,,,,
NetIncomeFromContinuingAndDiscontinuedOperation,"350,687,000","65,337,000","93,853,000","98,854,000","92,643,000","62,619,000","79,579,000","75,358,000","43,268,000","50,765,000","44,061,000","64,295,000","44,226,000","50,968,000","66,628,000","65,542,000","48,525,000","33,735,000","51,430,000","53,689,000","40,270,000","38,007,000","49,651,000","47,783,000","31,928,000","31,749,000","45,046,000","45,073,000","30,281,000","29,917,000","41,121,000","40,860,000","25,766,000","27,957,000","36,200,000","35,994,000","23,179,000","22,914,000","32,211,000","33,127,000","23,080,000","21,595,000","29,415,000","31,061,000","18,640,000","19,206,000","25,513,000","27,700,000","17,583,000","19,961,000","22,733,000","25,482,000","15,808,000","12,553,000","19,804,000","22,738,000","13,839,000","11,934,000","18,765,000","21,239,000","12,793,000","10,539,000","17,037,000","19,330,000","10,903,000","7,352,000","15,100,000","18,724,000","11,595,000","14,093,000","11,638,000","23,810,000","8,718,000","4,825,000","9,800,000","13,862,000","7,274,000","3,725,000","6,754,000","11,691,000","4,940,000","1,615,000","4,268,000","9,038,000","2,021,000","-1,709,000","2,363,000","8,102,000","794,000","-2,300,000","1,400,000","7,600,000","500,000","600,000","900,000","6,900,000","-1,800,000","-7,600,000","-2,300,000","6,300,000","5,100,000","300,000","3,300,000","12,800,000","6,400,000","6,900,000","3,500,000","21,100,000","7,800,000","8,600,000","13,000,000","21,100,000","6,900,000","7,900,000","11,700,000","19,100,000","5,900,000","6,200,000","10,300,000","16,400,000","5,100,000","5,200,000","8,600,000","13,600,000","4,000,000","4,100,000","7,500,000","12,200,000","3,600,000","3,800,000","6,100,000","10,600,000",,"6,100,000",,,,,,,,,,,,
NormalizedIncome,"350,687,000","65,337,000","93,522,667","98,196,442","67,480,200","63,317,985.362","80,569,505","75,029,672","43,053,225","50,641,628.269","91,739,375","64,108,772","44,083,191","50,827,515.67","66,395,326","65,318,084","48,479,080","33,697,200","51,388,882","53,634,176","40,251,722","37,965,758.824","49,618,708","47,423,441","31,872,464","31,473,795.826","44,265,390","44,952,138","30,245,250","29,917,000","41,121,000","40,860,000","25,766,000","27,957,000","36,200,000","35,994,000","23,179,000","22,914,000","32,211,000","33,127,000","23,080,000","21,595,000","29,415,000","31,061,000","18,640,000","19,206,000","25,513,000","27,700,000","17,583,000","22,582,980.621","22,751,596.515","25,482,000","15,808,000","12,553,000","19,708,708.139","22,729,472.26","13,826,223.292","11,973,945.896","18,754,551.44","21,184,884.025","12,788,781.468","10,497,953.499","17,026,591.051","19,331,200.025","10,903,000","7,074,780.992","15,100,000","15,890,800","11,596,800","7,798,699.303","11,449,000","15,324,200","8,718,600","4,825,000","9,800,000","13,862,000","7,274,000","3,725,000","6,754,000","11,691,000","4,940,000","1,615,000","4,268,000","9,038,000","2,021,000","-1,709,000","2,363,000","8,102,000","794,000","-2,300,000","1,400,000","7,600,000","-187,500","-3,834,782.609","-514,285.714","5,408,108.108","-3,413,793.103","-42,649,944.994","-3,342,857.143","5,558,823.529","4,362,650.602","-720,000","2,366,037.736","11,872,463.768","5,592,233.01","6,037,500","10,125,000","20,355,294.118","7,238,400","7,801,428.571","12,445,497.63","20,853,935.86","6,591,964.286","7,410,077.519","11,340,000","18,730,322.581","5,654,166.667","5,899,029.126","9,997,058.824","16,097,416.974","4,857,142.857","4,900,000","8,297,183.099","13,237,333.333","3,696,969.697","3,738,235.294","7,076,612.903","11,837,623.762","3,300,000","3,392,857.143","5,740,000","10,240,000",,"6,100,000",,,,,,,,,,,,
InterestIncome,,"504,000",,,,,,,,,,,,,,,,,,,,,,,,,,,,,,,,,,,,,,,,,,,,,,,,,"0",,"0",,,,,,,,,,,,,,,,,,,,,,,,,,,,,,,,,,,,,,,,,,,,,,,,,,,,,,,,,,,,,,,,,,,,,,,,,,,,,,,,,,,,,,,,,,,,,
InterestExpense,"830,000","-504,000","222,000","506,000","606,000","591,000","866,000","1,460,000",,,,,,,,,,,,,,,,,,,,,,,,,,,,,,,"19,000","20,000","51,000","59,000","79,000","178,000","192,000",,,,"99,000","118,000","159,000",,"428,000",,,,,,,,,,,,,,,,,,,,,,,,,,,,,,,,,,,,,,,,,,,,,,,,,,,,,,,,,,,,,,,,,,,,,,,,,,,,,,,,,,,,,,,,,,,,,
NetInterestIncome,"-830,000","504,000","-222,000","-506,000","-606,000","-591,000","-866,000","-1,460,000","-2,165,000","-2,466,000","-2,826,000","-1,899,000","274,000","290,000","63,000","-75,000","-58,000","-83,000","79,000","190,000","73,000","4,000","18,000","88,000","50,000","26,000","21,000","66,000","47,000","116,000","-24,000","86,000","76,000","112,000","101,000","127,000","45,000","76,000","-19,000","-20,000","-51,000","-59,000","-79,000","-178,000","-192,000","-172,000","-100,000","-66,000","-99,000","-118,000","-159,000","-259,000","-428,000",,,,,,,,,,,,,,,,,,,,,,,,,,,,,,,,,,,,,,,,,,,,,,,,,,,,,,,,,,,,,,,,,,,,,,,,,,,,,,,,,,,,,,,,,,,,,
EBIT,"475,668,000","93,471,000","127,294,000","134,445,000","120,458,000","89,088,000","109,768,000","104,980,000","57,290,000","74,300,000","98,890,000","88,606,000","55,598,000","70,985,000","89,513,000","89,944,000","59,196,000","68,564,000","82,416,000","85,861,000","57,159,000","52,469,000","79,896,000","76,295,000","51,039,000","51,324,000","71,157,000","72,074,000","46,510,000","45,801,000","65,944,000","65,585,000","41,282,000","40,909,000","57,916,000","57,151,000","35,080,000","35,482,000","51,716,000","53,198,000","36,792,000","34,712,000","47,099,000","49,746,000","30,047,000","30,317,000","41,069,000","44,445,000","28,151,000","22,462,000","36,832,000","41,772,000","26,189,000","21,976,000","32,025,000","37,708,000","22,328,000","17,536,000","30,048,000","34,319,000","20,669,000","16,341,000","27,476,000","31,874,000","17,880,000","10,900,000","24,890,000","26,393,000","19,032,000","12,603,000","19,180,000","27,337,000","14,503,000","8,281,000","15,686,000","22,265,000","11,666,000","5,938,000","10,758,000","18,818,000","8,016,000","2,407,000","6,884,000","14,577,000","3,212,000","-2,968,000","3,797,000","12,872,000","1,252,000","-3,700,000","1,400,000","11,200,000","-400,000","-6,400,000","-800,000","8,800,000","-5,400,000","-68,800,000","-5,500,000","9,000,000","7,100,000","-1,300,000","3,900,000","19,200,000","9,000,000","9,800,000","16,100,000","32,800,000","11,800,000","12,700,000","20,300,000","33,900,000","10,600,000","12,100,000","18,800,000","30,300,000","9,100,000","9,800,000","16,500,000","26,600,000","8,000,000","8,100,000","13,600,000","21,900,000","6,100,000","6,300,000","11,700,000","19,400,000","5,500,000","4,900,000","9,700,000","17,100,000","88,800,000","99,300,000","-219,700,000","84,300,000","81,100,000","93,900,000","-196,000,000","77,700,000","75,900,000","81,800,000","-180,300,000","71,600,000","70,300,000","75,700,000"
EBITDA,"569,873,000"
ReconciledCostOfRevenue,"1,162,617,000","297,729,000","305,474,000","297,862,000","261,552,000","265,229,000","275,474,000","255,622,000","251,152,000","255,851,000","268,718,000","253,333,000","217,258,000","223,352,000","236,287,000","230,772,000","206,143,000","208,566,000","218,781,000","204,481,000","189,163,000","194,003,000","205,608,000","195,943,000","177,802,000","184,618,000","195,489,000","190,209,000","168,043,000","176,211,000","188,810,000","182,642,000","161,308,000","167,357,000","181,135,000","174,361,000","155,606,000","163,025,000","170,478,000","165,993,000","148,082,000","151,202,000","165,097,000","159,645,000","140,898,000","147,622,000","156,064,000","148,428,000","130,975,000","136,562,000","147,436,000","141,633,000","125,371,000","133,050,000","145,415,000","146,076,000","110,359,000","117,199,000","123,029,000","121,601,000","106,836,000","112,614,000","119,206,000","119,035,000","107,014,000","106,353,000","106,398,000","110,594,000","98,637,000","97,787,000","106,748,000","105,442,000","85,357,000","86,709,000","96,085,000","95,550,000","84,078,000","83,927,000","95,174,000","98,023,000","84,553,000","84,211,000","95,118,000","98,720,000","86,274,000","88,427,000","99,949,000","98,762,000","87,003,000","85,800,000","89,200,000","89,100,000","76,900,000","78,500,000","85,600,000","86,700,000","76,900,000","99,800,000","90,500,000","102,100,000","85,900,000","90,500,000","94,700,000","94,200,000","79,400,000","77,600,000","88,100,000","86,900,000","73,200,000","75,200,000","82,300,000","83,700,000","70,200,000","69,900,000","77,100,000","80,900,000","65,600,000","65,200,000","70,600,000","75,000,000","60,700,000","60,100,000","65,200,000","68,600,000","54,200,000","55,500,000","59,700,000","63,400,000","51,500,000","50,500,000","56,100,000","59,100,000",,,,,,,,,,,,,,
ReconciledDepreciation,"94,205,000","23,686,000","23,617,000","23,306,000","23,596,000","23,518,000","22,404,000","21,925,000","21,597,000","21,039,000","21,690,000","20,132,000","16,683,000","14,526,000","16,867,000","16,366,000","16,916,000","13,903,000","14,313,000","13,546,000","13,771,000","12,821,000","13,083,000","12,350,000","11,640,000","8,957,000","11,156,000","11,245,000","10,781,000","10,018,000","11,437,000","10,608,000","10,214,000","9,833,000","10,076,000","9,768,000","9,894,000","9,810,000","9,465,000","9,613,000","9,767,000","9,678,000","9,337,000","9,288,000","9,200,000","9,365,000","9,076,000","8,967,000","9,000,000","9,045,000","9,321,000","9,374,000","9,429,000","9,096,000","9,031,000","8,685,000","6,631,000","6,586,000","6,885,000","6,911,000","6,686,000","6,460,000","6,662,000","6,945,000","6,793,000","6,472,000","5,800,000","6,045,000","5,963,000","6,364,000","6,249,000","5,764,000","4,657,000","4,921,000","5,065,000","5,037,000","5,156,000","5,337,000","5,425,000","5,446,000","5,427,000","5,259,000","5,140,000","4,744,000","5,149,000","4,873,000","4,677,000","4,604,000","4,267,000","3,800,000","3,400,000","3,800,000","2,400,000","2,400,000","2,200,000","2,200,000","2,100,000","1,300,000","2,400,000","2,400,000","2,300,000","2,500,000","2,300,000","2,000,000","1,800,000","2,200,000","2,100,000","1,900,000","1,800,000","2,200,000","1,900,000","2,000,000","2,000,000","2,200,000","2,200,000","2,100,000","1,800,000","2,100,000","2,000,000","2,000,000","1,900,000","2,000,000","1,900,000","2,000,000","1,900,000","1,900,000","1,900,000","1,900,000","1,800,000","2,000,000","1,900,000","1,900,000",,,,,,,,,,,,,,
NetIncomeFromContinuingOperationNetMinorityInterest,"350,687,000","65,337,000","93,853,000","98,854,000","92,643,000","62,619,000","79,579,000","75,358,000","43,268,000","50,765,000","44,061,000","64,295,000","44,226,000","50,968,000","66,628,000","65,542,000","48,525,000","33,735,000","51,430,000","53,689,000","40,270,000","38,007,000","49,651,000","47,783,000","31,928,000","31,749,000","45,046,000","45,073,000","30,281,000","29,917,000","41,121,000","40,860,000","25,766,000","27,957,000","36,200,000","35,994,000","23,179,000","22,914,000","32,211,000","33,127,000","23,080,000","21,595,000","29,415,000","31,061,000","18,640,000","19,206,000","25,513,000","27,700,000","17,583,000","19,961,000","22,733,000","25,482,000","15,808,000","12,553,000","19,804,000","22,738,000","13,839,000","11,934,000","18,765,000","21,239,000","12,793,000","10,539,000","17,037,000","19,330,000","10,903,000","7,352,000","15,100,000","18,724,000","11,595,000","14,093,000","11,638,000","23,810,000","8,718,000","4,825,000","9,800,000","13,862,000","7,274,000","3,725,000","6,754,000","11,691,000","4,940,000","1,615,000","4,268,000","9,038,000","2,021,000","-1,709,000","2,363,000","8,102,000","794,000","-2,300,000","1,400,000","7,600,000","500,000","-2,800,000","900,000","6,900,000","-1,800,000","-112,700,000","-2,600,000","6,300,000","5,100,000","300,000","3,300,000","12,800,000","6,400,000","6,900,000","3,500,000","21,100,000","7,800,000","8,600,000","13,000,000","21,100,000","6,900,000","7,900,000","11,700,000","19,100,000","5,900,000","6,200,000","10,300,000","16,400,000","5,100,000","5,200,000","8,600,000","13,600,000","4,000,000","4,100,000","7,500,000","12,200,000","3,600,000","3,800,000","6,100,000","10,600,000",,"6,100,000",,,,,,,,,,,,
TotalUnusualItemsExcludingGoodwill,,,"447,000","891,000","32,260,000","-970,000","-1,355,000","451,000","275,000","175,000","-49,925,000","252,000","181,000","197,000","314,000","308,000","56,000","63,000","66,000","88,000","26,000","57,000","52,000","579,000","89,000","449,000","1,255,000","194,000","55,000","54,000",,,"248,000","-81,000",,,,"-1,000,000",,,,,,,,,,,,"-2,935,000","-30,000",,,,"154,000","14,000","21,000","-61,000","17,000","89,000","7,000","66,000","17,000","-2,000",,"438,000",,"4,722,000","-3,000","10,259,000","315,000","14,143,000","-1,000",,,,,,,,,,,,,,,,,,,,"1,100,000","1,700,000","2,200,000","2,400,000","2,600,000","-113,000,000","1,200,000","1,200,000","1,200,000","1,700,000","1,500,000","1,500,000","1,300,000","1,400,000","-10,600,000","1,200,000","900,000","1,300,000","900,000","400,000","500,000","800,000","600,000","600,000","400,000","500,000","500,000","500,000","400,000","500,000","500,000","600,000","500,000","600,000","700,000","600,000","500,000","600,000","600,000","600,000",,,,,,,,,,,,,,
TotalUnusualItems,,,"447,000","891,000","32,260,000","-970,000","-1,355,000","451,000","275,000","175,000","-49,925,000","252,000","181,000","197,000","314,000","308,000","56,000","63,000","66,000","88,000","26,000","57,000","52,000","579,000","89,000","449,000","1,255,000","194,000","55,000","54,000",,,"248,000","-81,000",,,,"-1,000,000",,,,,,,,,,,,"-2,935,000","-30,000",,,,"154,000","14,000","21,000","-61,000","17,000","89,000","7,000","66,000","17,000","-2,000",,"438,000",,"4,722,000","-3,000","10,259,000","315,000","14,143,000","-1,000",,,,,,,,,,,,,,,,,,,,"1,100,000","1,700,000","2,200,000","2,400,000","2,600,000","-113,000,000","1,200,000","1,200,000","1,200,000","1,700,000","1,500,000","1,500,000","1,300,000","1,400,000","-10,600,000","1,200,000","900,000","1,300,000","900,000","400,000","500,000","800,000","600,000","600,000","400,000","500,000","500,000","500,000","400,000","500,000","500,000","600,000","500,000","600,000","700,000","600,000","500,000","600,000","600,000","600,000",,,,,,,,,,,,,,
NormalizedEBITDA,"569,873,000","117,157,000","150,464,000","156,860,000","111,794,000","113,576,000","133,527,000","126,454,000","78,612,000","96,731,000","170,505,000","108,486,000","72,100,000","87,431,000","106,066,000","106,002,000","76,056,000","83,451,000","96,663,000","99,320,000","70,904,000","66,241,000","92,927,000","88,066,000","62,590,000","62,215,000","81,058,000","83,125,000","57,236,000","57,051,000","77,381,000","76,193,000","51,496,000","50,742,000","67,992,000","66,919,000","44,974,000","45,292,000","61,181,000","62,811,000","46,559,000","44,390,000","56,436,000","59,034,000","39,247,000","39,682,000","50,145,000","53,412,000","37,151,000","34,442,000","46,183,000","51,146,000","35,618,000","31,072,000","40,902,000","46,379,000","28,938,000","24,183,000","36,916,000","41,141,000","27,348,000","22,735,000","34,121,000","38,821,000","24,673,000","16,934,000","30,690,000","27,716,000","24,998,000","8,708,000","25,114,000","18,958,000","19,161,000","13,202,000","20,751,000","27,302,000","16,822,000","11,275,000","16,183,000","24,264,000","13,443,000","7,666,000","12,024,000","19,321,000","8,361,000","1,905,000","8,474,000","17,476,000","5,519,000","100,000","4,800,000","15,000,000","900,000","-5,700,000","-800,000","8,600,000","-5,900,000","45,500,000","-4,300,000","10,200,000","8,200,000","-500,000","4,700,000","19,700,000","9,500,000","10,600,000","28,800,000","33,500,000","12,700,000","13,600,000","21,300,000","35,500,000","12,100,000","13,500,000","20,400,000","31,800,000","10,500,000","11,400,000","18,000,000","28,100,000","9,500,000","9,600,000","15,100,000","23,300,000","7,500,000","7,600,000","12,900,000","20,700,000","6,800,000","6,300,000","11,100,000","18,400,000","88,800,000","99,300,000","-219,700,000","84,300,000","81,100,000","93,900,000","-196,000,000","77,700,000","75,900,000","81,800,000","-180,300,000","71,600,000","70,300,000","75,700,000"
TaxRateForCalcs,"0.261","0.305","0.261","0.262","0.22","0.279","0.269","0.272","0.219","0.295","0.045","0.261","0.211","0.287","0.259","0.273","0.18","0.4","0.377","0.377","0.297","0.276","0.379","0.379","0.376","0.387","0.378","0.377","0.35","0.357","0.376","0.378","0.377","0.321","0.376","0.372","0.34","0.346","0.377","0.377","0.372","0.377","0.374","0.373","0.376","0.363","0.377","0.376","0.373","0.107","0.38","0.386","0.386","0.399","0.381","0.391","0.392","0.345","0.385","0.392","0.397","0.378","0.388","0.4","0.4","0.367","0.4","0.4","0.4","0.386","0.4","0.4","0.4","0.4","0.38","0.38","0.38","0.38","0.38","0.38","0.38","0.38","0.38","0.38","0.38","0.38","0.38","0.38","0.38","0.378","0.391","0.382","0.375","0.391","0.357","0.378","0.379","0.38","0.381","0.382","0.386","0.4","0.377","0.382","0.379","0.384","0.375","0.379","0.376","0.386","0.384","0.385","0.384","0.388","0.4","0.384","0.385","0.398","0.394","0.395","0.393","0.4","0.394","0.396","0.394","0.397","0.395","0.396","0.4","0.321","0.4","0.4",,"0.4",,,,,,,,,,,,
TaxEffectOfUnusualItems,"0","0","116,667","233,442","7,097,200","-271,014.638","-364,495","122,672","60,225","51,628.269","-2,246,625","65,772","38,191","56,515.67","81,326","84,084","10,080","25,200","24,882","33,176","7,722","15,758.824","19,708","219,441","33,464","173,795.826","474,390","73,138","19,250","0","0","0","0","0","0","0","0","0","0","0","0","0","0","0","0","0","0","0","0","-313,019.379","-11,403.485","0","0","0","58,708.139","5,472.26","8,223.292","-21,054.104","6,551.44","34,884.025","2,781.468","24,953.499","6,591.051","-799.975","0","160,780.992","0","1,888,800","-1,200","3,964,699.303","126,000","5,657,200","-400","0","0","0","0","0","0","0","0","0","0","0","0","0","0","0","0","0","0","0","412,500","665,217.391","785,714.286","908,108.108","986,206.897","-42,949,944.994","457,142.857","458,823.529","462,650.602","680,000","566,037.736","572,463.768","492,233.01","537,500","-3,975,000","455,294.118","338,400","501,428.571","345,497.63","153,935.86","191,964.286","310,077.519","240,000","230,322.581","154,166.667","199,029.126","197,058.824","197,416.974","157,142.857","200,000","197,183.099","237,333.333","196,969.697","238,235.294","276,612.903","237,623.762","200,000","192,857.143","240,000","240,000",,"0",,,,,,,,,,,,