name,ttm,12/31/2021,09/30/2021,06/30/2021,03/31/2021,12/31/2020,09/30/2020,06/30/2020,03/31/2020,12/31/2019,09/30/2019,06/30/2019,03/31/2019,12/31/2018,09/30/2018,06/30/2018,03/31/2018,12/31/2017,09/30/2017,06/30/2017,03/31/2017,12/31/2016,09/30/2016,06/30/2016,03/31/2016,12/31/2015,09/30/2015,06/30/2015,03/31/2015,12/31/2014,09/30/2014,06/30/2014,03/31/2014,12/31/2013,09/30/2013,06/30/2013,03/31/2013,12/31/2012,09/30/2012,06/30/2012,03/31/2012,12/31/2011,09/30/2011,06/30/2011,03/31/2011,12/31/2010,09/30/2010,06/30/2010,03/31/2010,12/31/2009,09/30/2009,06/30/2009,03/31/2009,12/31/2008,09/30/2008,06/30/2008,03/31/2008,12/31/2007,09/30/2007,06/30/2007,03/31/2007,12/31/2006,09/30/2006,06/30/2006,03/31/2006,12/31/2005,09/30/2005,06/30/2005,03/31/2005,12/31/2004,09/30/2004,06/30/2004,03/31/2004,12/31/2003,09/30/2003,06/30/2003,03/31/2003,12/31/2002,09/30/2002,06/30/2002,03/31/2002,12/31/2001,09/30/2001,06/30/2001,03/31/2001,12/31/2000,09/30/2000,06/30/2000,03/31/2000,12/31/1999,09/30/1999,06/30/1999,03/31/1999,12/31/1998,09/30/1998,06/30/1998,03/31/1998,12/31/1997,09/30/1997,06/30/1997,03/31/1997,12/31/1996,09/30/1996,06/30/1996,03/31/1996,12/31/1995,09/30/1995,06/30/1995,03/31/1995,12/31/1994,09/30/1994,06/30/1994,03/31/1994,12/31/1993,09/30/1993,06/30/1993,03/31/1993,12/31/1992,09/30/1992,06/30/1992,03/31/1992,12/31/1991,09/30/1991,06/30/1991,03/31/1991,12/31/1990,09/30/1990,06/30/1990,03/31/1990,12/31/1989,09/30/1989,06/30/1989,03/31/1989,12/31/1988,09/30/1988,06/30/1988,03/31/1988,12/31/1987,09/30/1987,06/30/1987,03/31/1987,12/31/1986,09/30/1986,06/30/1986,03/31/1986,12/31/1985,09/30/1985
TotalRevenue,"64,388,000,000","17,044,000,000","16,213,000,000","15,880,000,000","15,251,000,000","16,419,000,000","14,747,000,000","14,061,000,000","18,210,000,000","19,551,000,000","19,496,000,000","19,634,000,000","18,365,000,000","18,044,000,000","16,510,000,000","16,705,000,000","15,242,000,000","15,680,000,000","15,062,000,000","15,280,000,000","13,815,000,000","14,659,000,000","14,354,000,000","14,874,000,000","13,357,000,000","14,300,000,000","13,788,000,000","16,333,000,000","14,541,000,000","16,996,000,000","16,168,000,000","17,191,000,000","14,745,000,000","16,759,000,000","15,462,000,000","16,006,000,000","14,399,000,000","16,443,000,000","15,042,000,000","13,807,000,000","12,424,000,000","14,966,000,000","14,804,000,000","15,076,000,000","13,344,000,000","14,818,000,000","13,527,000,000","13,890,000,000","12,091,000,000","14,100,000,000","13,375,000,000","13,196,000,000","12,249,000,000","14,499,000,000","14,814,000,000","15,667,000,000","13,701,000,000","14,714,000,000","13,863,000,000","13,904,000,000","12,278,000,000","12,787,000,000","12,163,000,000","12,264,000,000","10,615,000,000","11,261,000,000","10,905,000,000","11,152,000,000","9,407,000,000","9,838,000,000","9,339,000,000","9,622,000,000","8,646,000,000","8,588,000,000","7,954,000,000","7,790,000,000","6,702,000,000","7,215,000,000","7,299,000,000","7,324,000,000","6,374,000,000","6,974,000,000","6,920,000,000","7,332,000,000","6,671,000,000","6,689,000,000","6,339,000,000","6,871,000,000","6,307,000,000","6,410,000,000","6,068,000,000","5,984,000,000","5,382,000,000","6,543,000,000","6,440,000,000","6,680,000,000","6,024,000,000","6,241,000,000","5,936,000,000","6,432,000,000","5,886,000,000","6,015,000,000","5,908,000,000","6,002,000,000","5,449,000,000","5,928,000,000","5,604,000,000","5,774,000,000","5,318,000,000","5,615,000,000","5,135,000,000","5,306,000,000","4,745,000,000","5,174,000,000","5,128,000,000","5,508,000,000","4,864,000,000","5,755,000,000","5,375,000,000","5,736,000,000","5,166,000,000","5,807,800,000","5,273,800,000","5,376,900,000","4,803,500,000","5,945,600,000","5,346,300,000","5,689,800,000","4,730,700,000","5,169,300,000","4,709,900,000","5,273,800,000","4,464,800,000","5,174,700,000","4,356,000,000","4,360,100,000","4,109,300,000","4,735,100,000","4,212,600,000","4,285,200,000","3,937,300,000","4,401,400,000","3,848,600,000","4,006,500,000","3,503,300,000","4,202,700,000","3,412,200,000"
	OperatingRevenue,"64,388,000,000","17,044,000,000","16,213,000,000","15,880,000,000","15,251,000,000","16,419,000,000","14,747,000,000","14,061,000,000","18,210,000,000","19,551,000,000","19,496,000,000","19,634,000,000","18,365,000,000","18,044,000,000","16,510,000,000","16,705,000,000","15,242,000,000","15,680,000,000","15,062,000,000","15,280,000,000","13,815,000,000","14,659,000,000","14,354,000,000","14,874,000,000","13,357,000,000","14,300,000,000","13,788,000,000","16,333,000,000","14,541,000,000","16,996,000,000","16,168,000,000","17,191,000,000","14,745,000,000","16,759,000,000","15,462,000,000","16,006,000,000","14,399,000,000","16,443,000,000","15,042,000,000","13,807,000,000","12,424,000,000","14,966,000,000","14,804,000,000","15,076,000,000","13,344,000,000","14,864,000,000","13,620,000,000","13,802,000,000","12,040,000,000","13,979,000,000","13,187,000,000","13,060,000,000","12,199,000,000","14,229,000,000","14,702,000,000","15,535,000,000","13,577,000,000","15,339,000,000","13,718,000,000","13,766,000,000","11,936,000,000","12,654,000,000","11,972,000,000","12,046,000,000","10,446,000,000","11,172,000,000","10,823,000,000","10,974,000,000","9,309,000,000","9,640,000,000","9,248,000,000","9,455,000,000","8,357,000,000","8,487,000,000","7,875,000,000","7,708,000,000","6,653,000,000","7,138,000,000","7,250,000,000","7,271,000,000","6,321,000,000","6,894,000,000","6,734,000,000","7,260,000,000","6,597,000,000","6,689,000,000","6,339,000,000","6,871,000,000","6,307,000,000","6,410,000,000","6,068,000,000","5,984,000,000","5,382,000,000","6,543,000,000","6,440,000,000","6,680,000,000","6,024,000,000","6,241,000,000","5,936,000,000","6,432,000,000","5,886,000,000","6,015,000,000","5,908,000,000","6,002,000,000","5,449,000,000","5,928,000,000","5,604,000,000","5,774,000,000","5,318,000,000","5,615,000,000","5,135,000,000","5,306,000,000","4,745,000,000","5,174,000,000","5,128,000,000","5,508,000,000","4,864,000,000","5,755,000,000","5,375,000,000","5,736,000,000","5,166,000,000","5,807,800,000","5,273,800,000","5,376,900,000","4,803,500,000","5,945,600,000","5,346,300,000","5,689,800,000","4,730,700,000","5,169,300,000","4,709,900,000","5,273,800,000","4,464,800,000","5,174,700,000","4,356,000,000","4,360,100,000","4,109,300,000","4,735,100,000","4,212,600,000","4,285,200,000","3,937,300,000","4,401,400,000","3,848,600,000","4,006,500,000","3,503,300,000","4,202,700,000","3,412,200,000"
CostOfRevenue,"51,897,000,000","13,616,000,000","13,089,000,000","12,655,000,000","12,537,000,000","14,266,000,000","13,004,000,000","12,214,000,000","13,408,000,000","14,734,000,000","14,211,000,000","14,413,000,000","13,707,000,000","13,747,000,000","12,536,000,000","12,422,000,000","11,280,000,000","11,733,000,000","11,043,000,000","11,100,000,000","10,077,000,000","10,723,000,000","10,342,000,000","10,741,000,000","9,654,000,000","10,653,000,000","9,800,000,000","11,825,000,000","10,523,000,000","12,360,000,000","11,466,000,000","12,931,000,000","10,690,000,000","12,284,000,000","11,020,000,000","11,552,000,000","10,465,000,000","12,286,000,000","11,003,000,000","9,934,000,000","8,941,000,000","10,851,000,000","10,756,000,000","10,905,000,000","9,641,000,000","11,000,000,000","9,667,000,000","10,015,000,000","8,732,000,000","10,317,000,000","9,836,000,000","9,601,000,000","9,107,000,000","10,557,000,000","10,664,000,000","11,359,000,000","9,981,000,000","10,729,000,000","10,068,000,000","10,129,000,000","8,996,000,000","9,521,000,000","8,794,000,000","8,775,000,000","7,650,000,000","8,239,000,000","7,891,000,000","7,990,000,000","6,815,000,000","7,183,000,000","6,797,000,000","6,971,000,000","6,270,000,000","6,310,000,000","5,713,000,000","5,619,000,000","4,866,000,000","5,248,000,000","5,238,000,000","5,190,000,000","4,485,000,000","5,168,000,000","4,923,000,000","4,959,000,000","4,590,000,000","4,610,000,000","4,315,000,000","4,770,000,000","4,416,000,000","4,749,000,000","4,648,000,000","4,150,000,000","3,794,000,000","4,681,000,000","4,579,000,000","4,764,000,000","4,398,000,000","4,529,000,000","4,281,000,000","4,669,000,000","4,325,000,000","4,377,000,000","4,265,000,000","4,343,000,000","4,000,000,000","4,383,000,000","4,125,000,000","4,272,000,000","3,976,000,000","4,165,000,000","3,805,000,000","3,994,000,000","3,531,000,000","4,038,000,000","3,714,000,000","4,124,000,000","3,549,000,000","4,427,000,000","3,815,000,000","4,157,000,000","3,668,000,000","4,488,800,000","3,784,300,000","3,939,700,000","3,422,300,000","4,351,300,000","3,634,400,000","4,039,800,000","3,308,500,000","3,691,600,000","3,286,800,000",,,,,,,,,,,,,,,,
GrossProfit,"12,491,000,000","3,428,000,000","3,124,000,000","3,225,000,000","2,714,000,000","2,153,000,000","1,743,000,000","1,847,000,000","4,802,000,000","4,817,000,000","5,285,000,000","5,221,000,000","4,658,000,000","4,297,000,000","3,974,000,000","4,283,000,000","3,962,000,000","3,947,000,000","4,019,000,000","4,180,000,000","3,738,000,000","3,936,000,000","4,012,000,000","4,133,000,000","3,703,000,000","3,647,000,000","3,988,000,000","4,508,000,000","4,018,000,000","4,636,000,000","4,702,000,000","4,260,000,000","4,055,000,000","4,475,000,000","4,442,000,000","4,454,000,000","3,934,000,000","4,157,000,000","4,039,000,000","3,873,000,000","3,483,000,000","4,115,000,000","4,048,000,000","4,171,000,000","3,703,000,000","3,818,000,000","3,860,000,000","3,875,000,000","3,359,000,000","3,783,000,000","3,539,000,000","3,595,000,000","3,142,000,000","3,942,000,000","4,150,000,000","4,308,000,000","3,720,000,000","3,985,000,000","3,795,000,000","3,775,000,000","3,282,000,000","3,266,000,000","3,369,000,000","3,489,000,000","2,965,000,000","3,022,000,000","3,014,000,000","3,162,000,000","2,592,000,000","2,655,000,000","2,542,000,000","2,651,000,000","2,376,000,000","2,278,000,000","2,241,000,000","2,171,000,000","1,836,000,000","1,967,000,000","2,061,000,000","2,134,000,000","1,889,000,000","1,806,000,000","1,997,000,000","2,373,000,000","2,081,000,000","2,079,000,000","2,024,000,000","2,101,000,000","1,891,000,000","1,661,000,000","1,420,000,000","1,834,000,000","1,588,000,000","1,862,000,000","1,861,000,000","1,916,000,000","1,626,000,000","1,712,000,000","1,655,000,000","1,763,000,000","1,561,000,000","1,638,000,000","1,643,000,000","1,659,000,000","1,449,000,000","1,545,000,000","1,479,000,000","1,502,000,000","1,342,000,000","1,450,000,000","1,330,000,000","1,312,000,000","1,214,000,000","1,136,000,000","1,414,000,000","1,384,000,000","1,315,000,000","1,328,000,000","1,560,000,000","1,579,000,000","1,498,000,000","1,319,000,000","1,489,500,000","1,437,200,000","1,381,200,000","1,594,300,000","1,711,900,000","1,650,000,000","1,422,200,000","1,477,700,000","1,423,100,000",,,,,,,,,,,,,,,,
OperatingExpense,"7,533,000,000","2,108,000,000","1,781,000,000","1,943,000,000","1,701,000,000","2,011,000,000","1,309,000,000","2,424,000,000","2,995,000,000","2,966,000,000","2,799,000,000","2,637,000,000","2,613,000,000","2,386,000,000","2,136,000,000","1,407,000,000","2,034,000,000","1,995,000,000","1,856,000,000","1,890,000,000","1,471,000,000","2,297,000,000","1,761,000,000","1,796,000,000","1,758,000,000","3,255,000,000","1,686,000,000","1,956,000,000","1,744,000,000","2,066,000,000","1,956,000,000","1,905,000,000","1,957,000,000","2,145,000,000","2,076,000,000","1,947,000,000","1,928,000,000","1,555,000,000","2,209,000,000","1,694,000,000","2,082,000,000","1,117,000,000","2,300,000,000","1,951,000,000","1,924,000,000","2,044,000,000","1,911,000,000","1,950,000,000","1,821,000,000","1,976,000,000","1,768,000,000","1,958,000,000","1,892,000,000","2,139,000,000","2,101,000,000","2,209,000,000","2,046,000,000","2,192,000,000","1,907,000,000","1,910,000,000","1,778,000,000","1,838,000,000","1,722,000,000","1,748,000,000","1,683,000,000","1,801,000,000","1,630,000,000","1,673,000,000","1,504,000,000","1,574,000,000","1,366,000,000","1,401,000,000","1,413,000,000","1,351,000,000","1,193,000,000","1,138,000,000","999,000,000","1,140,000,000","1,059,000,000","1,103,000,000","1,092,000,000","1,161,000,000","1,175,000,000","1,384,000,000","1,304,000,000","1,412,000,000","1,300,000,000","1,313,000,000","1,307,000,000","1,614,000,000","1,301,000,000","1,196,000,000","1,158,000,000","1,330,000,000","1,259,000,000","1,284,000,000","1,253,000,000","1,344,000,000","1,160,000,000","1,262,000,000","1,184,000,000","1,318,000,000","1,189,000,000","1,198,000,000","1,142,000,000","1,192,000,000","1,093,000,000","1,119,000,000","1,054,000,000","1,139,000,000","1,048,000,000","1,117,000,000","1,047,000,000","1,173,000,000","1,071,000,000","1,142,000,000","1,110,000,000","1,725,000,000","1,228,000,000","1,216,000,000","1,229,000,000","1,253,700,000","1,182,700,000","1,253,500,000","1,214,000,000","1,246,900,000","1,204,700,000","1,186,400,000","1,158,400,000","1,154,600,000","1,028,400,000",,,,,,,,,,,,,,,,
	SellingGeneralAndAdministration,"5,224,000,000","1,407,000,000","1,229,000,000","1,368,000,000","1,220,000,000","1,351,000,000","1,401,000,000","1,811,000,000","2,248,000,000","2,314,000,000","2,104,000,000","2,106,000,000","1,997,000,000","1,915,000,000","1,681,000,000","1,759,000,000","1,711,000,000","1,639,000,000","1,524,000,000","1,538,000,000","1,482,000,000","1,856,000,000","1,390,000,000","1,451,000,000","1,363,000,000","1,625,000,000","1,359,000,000","1,543,000,000","1,563,000,000","1,701,000,000","1,580,000,000","1,623,000,000","1,596,000,000","1,721,000,000","1,633,000,000","1,737,000,000","1,627,000,000","1,795,000,000","1,619,000,000","1,509,000,000","1,535,000,000","1,699,000,000","1,578,000,000","1,644,000,000","1,543,000,000","1,631,000,000","1,478,000,000","1,491,000,000","1,424,000,000","1,555,000,000","1,424,000,000","1,574,000,000","1,483,000,000","1,649,000,000","1,665,000,000","1,775,000,000","1,635,000,000","1,711,000,000","1,508,000,000","1,494,000,000","1,396,000,000","1,432,000,000","1,338,000,000","1,378,000,000","1,314,000,000","1,378,000,000","1,295,000,000","1,355,000,000","1,213,000,000","1,235,000,000","1,070,000,000","1,088,000,000","1,105,000,000","1,100,000,000","933,000,000","857,000,000","764,000,000","862,000,000","789,000,000","798,000,000","754,000,000","860,000,000","857,000,000","821,000,000","785,000,000","842,000,000","761,000,000","787,000,000","781,000,000","953,000,000","786,000,000","693,000,000","701,000,000","757,000,000","719,000,000","750,000,000","731,000,000","796,000,000","690,000,000","727,000,000","702,000,000","772,000,000","708,000,000","709,000,000","683,000,000","708,000,000","642,000,000","672,000,000","629,000,000","674,000,000","611,000,000","648,000,000","603,000,000","-180,000,000","871,000,000","946,000,000","910,000,000","1,484,000,000","1,024,000,000","1,013,000,000","1,029,000,000","1,093,600,000","991,100,000","1,054,600,000","1,012,700,000","1,107,200,000","1,026,300,000","1,003,900,000","977,800,000","1,005,100,000","871,500,000",,,,,,,,,,,,,,,,
	ResearchAndDevelopment,"2,732,000,000","810,000,000","676,000,000","657,000,000","589,000,000","710,000,000","642,000,000","695,000,000","671,000,000","812,000,000","732,000,000","743,000,000","728,000,000","733,000,000","586,000,000","589,000,000","554,000,000","619,000,000","582,000,000","609,000,000","577,000,000","626,000,000","582,000,000","588,000,000","541,000,000","611,000,000","546,000,000","606,000,000","602,000,000","668,000,000","677,000,000","666,000,000","624,000,000","658,000,000","630,000,000","631,000,000","610,000,000","712,000,000","590,000,000","525,000,000","547,000,000","552,000,000","495,000,000","526,000,000","485,000,000","457,000,000","433,000,000","459,000,000","397,000,000","421,000,000","344,000,000","384,000,000","409,000,000","490,000,000","436,000,000","434,000,000","411,000,000","481,000,000","399,000,000","416,000,000","382,000,000","406,000,000","384,000,000","370,000,000","369,000,000","423,000,000","335,000,000","318,000,000","291,000,000","339,000,000","296,000,000","313,000,000","308,000,000","251,000,000","260,000,000","281,000,000","235,000,000","278,000,000","270,000,000","305,000,000","338,000,000","301,000,000","318,000,000","338,000,000","297,000,000","350,000,000","329,000,000","309,000,000","314,000,000","406,000,000","306,000,000","306,000,000","274,000,000","363,000,000","324,000,000","320,000,000","308,000,000","332,000,000","268,000,000","316,000,000","271,000,000","328,000,000","270,000,000","274,000,000","250,000,000","261,000,000","251,000,000","233,000,000","218,000,000","248,000,000","229,000,000","261,000,000","240,000,000",,,,,,,,,,,,,,,,,,,,,,,,,,,,,,,,,,
	DepreciationAmortizationDepletionIncomeStatement,,,,,,,,,,,,,,,,,,,,,,,,,,,,,,,,,,,,,,,,,,,,,,,,,,,,,,,,,,,,,,,,,,,,,,,,,,,,,,,,,,,,"225,000,000","222,000,000","220,000,000","210,000,000","217,000,000","212,000,000","255,000,000","209,000,000","197,000,000","183,000,000","210,000,000","216,000,000","214,000,000","214,000,000","216,000,000","202,000,000","219,000,000","211,000,000","218,000,000","211,000,000","215,000,000","209,000,000","223,000,000","200,000,000","214,000,000","207,000,000","217,000,000","208,000,000","208,000,000","204,000,000","216,000,000","200,000,000","196,000,000","200,000,000","241,000,000","204,000,000","203,000,000","200,000,000","160,100,000","191,600,000","198,900,000","201,300,000","139,700,000","178,400,000","182,500,000","180,600,000","149,500,000","156,900,000",,,,,,,,,,,,,,,,
		DepreciationAndAmortizationInIncomeStatement,,,,,,,,,,,,,,,,,,,,,,,,,,,,,,,,,,,,,,,,,,,,,,,,,,,,,,,,,,,,,,,,,,,,,,,,,,,,,,,,,,,,"225,000,000","222,000,000","220,000,000","210,000,000","217,000,000","212,000,000","255,000,000","209,000,000","197,000,000","183,000,000","210,000,000","216,000,000","214,000,000","214,000,000","216,000,000","202,000,000","219,000,000","211,000,000","218,000,000","211,000,000","215,000,000","209,000,000","223,000,000","200,000,000","214,000,000","207,000,000","217,000,000","208,000,000","208,000,000","204,000,000","216,000,000","200,000,000","196,000,000","200,000,000","241,000,000","204,000,000","203,000,000","200,000,000","160,100,000","191,600,000","198,900,000","201,300,000","139,700,000","178,400,000","182,500,000","180,600,000","149,500,000","156,900,000",,,,,,,,,,,,,,,,
	OtherOperatingExpenses,"-423,000,000","-109,000,000","-124,000,000","-82,000,000","-108,000,000","-50,000,000","-734,000,000","-82,000,000","76,000,000","-160,000,000","-37,000,000","-212,000,000","-112,000,000","-262,000,000","-131,000,000","-941,000,000","-231,000,000","-263,000,000","-250,000,000","-257,000,000","-588,000,000","-185,000,000","-211,000,000","-243,000,000","-146,000,000","1,019,000,000","-219,000,000","-193,000,000","-421,000,000","-303,000,000","-301,000,000","-384,000,000","-263,000,000","-234,000,000","-187,000,000","-421,000,000","-309,000,000","-101,000,000",,"-340,000,000",,"-1,134,000,000","227,000,000","-219,000,000","-104,000,000",,,,,,,,,,,,,,,,,,,,,,,,,,,,,,,,,,,,,,,,,,,,,,,,,,,,,,,,,,,,,,,,,,,,,,,,,,,,,,,,,,,,,,,,,,,,,,,,,,,,,,
OperatingIncome,"4,958,000,000","1,320,000,000","1,343,000,000","1,282,000,000","1,013,000,000","142,000,000","434,000,000","-577,000,000","1,807,000,000","1,851,000,000","2,486,000,000","2,584,000,000","2,045,000,000","1,911,000,000","1,838,000,000","2,876,000,000","1,928,000,000","1,952,000,000","2,163,000,000","2,290,000,000","2,267,000,000","1,639,000,000","2,251,000,000","2,337,000,000","1,945,000,000","392,000,000","2,302,000,000","2,552,000,000","2,274,000,000","2,570,000,000","2,746,000,000","2,355,000,000","2,098,000,000","2,330,000,000","2,366,000,000","2,507,000,000","2,006,000,000","2,602,000,000","1,830,000,000","2,179,000,000","1,401,000,000","2,998,000,000","1,748,000,000","2,220,000,000","1,779,000,000","1,774,000,000","1,949,000,000","1,925,000,000","1,538,000,000","1,807,000,000","1,771,000,000","1,637,000,000","1,250,000,000","1,803,000,000","2,049,000,000","2,099,000,000","1,674,000,000","1,793,000,000","1,888,000,000","1,865,000,000","1,504,000,000","1,428,000,000","1,647,000,000","1,741,000,000","1,282,000,000","1,221,000,000","1,384,000,000","1,489,000,000","1,088,000,000","1,081,000,000","1,176,000,000","1,250,000,000","963,000,000","927,000,000","1,048,000,000","1,033,000,000","837,000,000","827,000,000","1,002,000,000","1,031,000,000","797,000,000","645,000,000","822,000,000","989,000,000","777,000,000","667,000,000","724,000,000","788,000,000","584,000,000","47,000,000","119,000,000","638,000,000","430,000,000","532,000,000","602,000,000","632,000,000","373,000,000","368,000,000","495,000,000","501,000,000","377,000,000","320,000,000","454,000,000","461,000,000","307,000,000","353,000,000","386,000,000","383,000,000","288,000,000","311,000,000","282,000,000","195,000,000","167,000,000","-37,000,000","343,000,000","242,000,000","205,000,000","-397,000,000","332,000,000","363,000,000","269,000,000","65,300,000","306,800,000","183,700,000","167,200,000","347,400,000","507,200,000","463,600,000","263,800,000","323,100,000","394,700,000","5,273,800,000","4,464,800,000","-11,866,200,000","4,356,000,000","4,360,100,000","4,109,300,000","-11,265,600,000","4,212,600,000","4,285,200,000","3,937,300,000","-11,111,900,000","3,848,600,000","4,006,500,000","3,503,300,000","-9,610,500,000","3,412,200,000"
NetNonOperatingInterestIncomeExpense,"-1,322,000,000","-276,000,000","-358,000,000","-342,000,000","-346,000,000","-349,000,000","-350,000,000","-335,000,000","-380,000,000","-419,000,000","-401,000,000","-360,000,000","-431,000,000","-317,000,000","-258,000,000","-234,000,000","-229,000,000","-247,000,000","-223,000,000","-226,000,000","-213,000,000","-366,000,000","-225,000,000","-225,000,000","-223,000,000","-206,000,000","-184,000,000","-216,000,000","-218,000,000","-265,000,000","-186,000,000","-206,000,000","-225,000,000","-218,000,000","-226,000,000","-217,000,000","-236,000,000","-260,000,000","-216,000,000","-168,000,000","-129,000,000","-66,000,000","-138,000,000","-141,000,000","-149,000,000","-88,000,000","-182,000,000","-192,000,000","-186,000,000","-183,000,000","-170,000,000","-177,000,000","-175,000,000","-171,000,000","-177,000,000",,,,,,,,,,,,,,,,,,,,,,,,,,,,,,,,,,,,,,,,,,,,,,,,,,,,,,,,,,,,,,,,,,,,,,,,,,,,,,,,,,,,,,,,,,,,
	InterestIncomeNonOperating,"36,000,000","12,000,000","9,000,000","4,000,000","11,000,000","18,000,000","6,000,000","11,000,000","20,000,000","31,000,000","34,000,000","78,000,000","19,000,000","71,000,000","65,000,000","24,000,000","27,000,000","25,000,000","35,000,000","25,000,000","23,000,000","54,000,000","27,000,000","23,000,000","18,000,000","32,000,000","39,000,000","28,000,000","22,000,000","110,000,000","51,000,000","39,000,000","18,000,000","41,000,000","22,000,000","55,000,000","19,000,000","19,000,000","44,000,000","22,000,000","35,000,000","110,000,000","28,000,000",,"17,000,000",,,,,,,,,,,,,,,,,,,,,,,,,,,,,,,,,,,,,,,,,,,,,,,,,,,,,,,,,,,,,,,,,,,,,,,,,,,,,,,,,,,,,,,,,,,,,,,,,,,,,,
	InterestExpenseNonOperating,"1,358,000,000","288,000,000","367,000,000","346,000,000","357,000,000","367,000,000","356,000,000","346,000,000","400,000,000","450,000,000","435,000,000","438,000,000","450,000,000","388,000,000","323,000,000","258,000,000","256,000,000","272,000,000","258,000,000","251,000,000","236,000,000","420,000,000","252,000,000","248,000,000","241,000,000","238,000,000","223,000,000","244,000,000","240,000,000","375,000,000","237,000,000","245,000,000","243,000,000","259,000,000","248,000,000","272,000,000","255,000,000","279,000,000","260,000,000","190,000,000","164,000,000","176,000,000","166,000,000","141,000,000","166,000,000","190,000,000","182,000,000","192,000,000","186,000,000","183,000,000","170,000,000","177,000,000","175,000,000","171,000,000","177,000,000",,,,,,,,,,,,,,,,,,,,,,,,,,,,,,,,,,,,,,,,,,,,,,,,,,,,,,,,,,,,,,,,,,,,,,,,,,,,,,,,,,,,,,,,,,,,
	TotalOtherFinanceCost,,,,,,,,,,"419,000,000","401,000,000","360,000,000","431,000,000","317,000,000","258,000,000","234,000,000","229,000,000","247,000,000","223,000,000","226,000,000","213,000,000","366,000,000","225,000,000","225,000,000","223,000,000","206,000,000","184,000,000","216,000,000","218,000,000","265,000,000","186,000,000","206,000,000","225,000,000","218,000,000","226,000,000","217,000,000","236,000,000","260,000,000",,,"129,000,000","66,000,000","138,000,000",,,,,,,,,,,,,,,,,,,,,,,,,,,,,,,,,,,,,,,,,,,,,,,,,,,,,,,,,,,,,,,,,,,,,,,,,,,,,,,,,,,,,,,,,,,,,,,,,,,,,,,,
OtherIncomeExpense,"1,295,000,000","-177,000,000","491,000,000","490,000,000","491,000,000","244,000,000","253,000,000","-2,946,000,000","-472,000,000","161,000,000","303,000,000","216,000,000","208,000,000","194,000,000","188,000,000","192,000,000","191,000,000",,,,,,,,,,,,,,,,,,,,,,"211,000,000",,"301,000,000",,,,,,,,,,,,,,,"132,000,000","124,000,000",,"145,000,000","138,000,000","342,000,000",,"191,000,000","218,000,000","169,000,000",,"82,000,000","178,000,000","98,000,000",,"91,000,000","167,000,000","289,000,000",,"79,000,000","82,000,000","49,000,000",,"49,000,000","53,000,000","53,000,000",,"186,000,000","72,000,000","74,000,000","78,000,000","126,000,000","90,000,000","83,000,000","107,000,000","59,000,000","57,000,000","60,000,000","-26,000,000","-18,000,000","-15,000,000","87,000,000","76,000,000","43,000,000","51,000,000","48,000,000","123,000,000","31,000,000","41,000,000","44,000,000","39,000,000","47,000,000","66,000,000","26,000,000","2,000,000","118,000,000","183,000,000","93,000,000",,,"62,000,000",,,,,,,,,,,,,"70,800,000","95,000,000","43,700,000",,,,,,,,,,,,,,,,
	SpecialIncomeCharges,"-649,000,000","-649,000,000","0","0",,"0","0","-3,183,000,000","-660,000,000",,,,,,,,,,,,,,,,,,,,,,,,,,,,,,"211,000,000",,"301,000,000",,,,,,,,,,,,,,,"132,000,000","124,000,000",,"145,000,000","138,000,000","342,000,000",,"191,000,000","218,000,000","169,000,000",,"82,000,000","178,000,000","98,000,000",,"91,000,000","167,000,000","289,000,000",,"79,000,000","82,000,000","49,000,000",,"49,000,000","53,000,000","53,000,000",,"186,000,000","72,000,000","74,000,000","78,000,000","126,000,000","90,000,000","83,000,000","107,000,000","59,000,000","57,000,000","60,000,000","-26,000,000","-18,000,000","-15,000,000","87,000,000","76,000,000","43,000,000","51,000,000","48,000,000","123,000,000","31,000,000","41,000,000","44,000,000","39,000,000","47,000,000","66,000,000","26,000,000","2,000,000","118,000,000","183,000,000","93,000,000",,,"62,000,000",,,,,,,,,,,,,"70,800,000","95,000,000","43,700,000",,,,,,,,,,,,,,,,
		ImpairmentOfCapitalAssets,"0","0","0","0",,"0","0","3,183,000,000",,,,,,,,,,,,,,,,,,,,,,,,,,,,,,,,,,,,,,,,,,,,,,,,,,,,,,,,,,,,,,,,,,,,,,,,,,,,,,,,,,,,,,,,,,,,,,,,,,,,,,,,,,,,,,,,,,,,,,,,,,,,,,,,,,,,,,,,,,,
		OtherSpecialCharges,"649,000,000","617,000,000",,,,,,,"660,000,000",,,,,,,,,,,,,,,,,,,,,,,,,,,,,,,,,,,,,,,,,,,,,,,,,,,,,,,,,,,,,,,,,,,,,,,,,,,,,,,,,,,,,,,,,,,,,,,,,,,,,,,,,,,,,,,,,,,,,,,,,,,,,,,,,,,,,,,,,,
	OtherNonOperatingIncomeExpenses,"1,944,000,000","472,000,000","491,000,000","490,000,000","491,000,000","244,000,000","253,000,000","237,000,000","188,000,000","161,000,000","303,000,000","216,000,000","208,000,000","194,000,000","188,000,000","192,000,000","191,000,000",,,,,,,,,,,,,,,,,,,,,,,,,,,,,,,,,,,,,,,,,,,,,,,,,,,,,,,,,,,,,,,,,,,,,,,,,,,,,,,,,,,,,,,,,,,,,,,,,,,,,,,,,,,,,,,,,,,,,,,,,,,,,,,,,,
PretaxIncome,"4,931,000,000","867,000,000","1,476,000,000","1,430,000,000","1,158,000,000","37,000,000","337,000,000","-3,858,000,000","955,000,000","1,593,000,000","2,388,000,000","2,440,000,000","1,822,000,000","1,788,000,000","1,768,000,000","2,834,000,000","1,890,000,000","1,705,000,000","1,940,000,000","2,064,000,000","2,054,000,000","1,273,000,000","2,026,000,000","2,112,000,000","1,722,000,000","186,000,000","2,118,000,000","2,336,000,000","2,056,000,000","2,305,000,000","2,560,000,000","2,149,000,000","1,873,000,000","2,112,000,000","2,140,000,000","2,290,000,000","1,770,000,000","1,491,000,000","1,825,000,000","2,011,000,000","1,573,000,000","1,832,000,000","2,064,000,000","2,079,000,000","1,630,000,000","1,686,000,000","1,767,000,000","1,733,000,000","1,352,000,000","1,624,000,000","1,601,000,000","1,460,000,000","1,075,000,000","1,632,000,000","1,872,000,000","1,923,000,000","1,509,000,000","1,619,000,000","1,709,000,000","1,702,000,000","1,354,000,000","1,275,000,000","1,491,000,000","1,586,000,000","1,140,000,000","1,078,000,000","1,249,000,000","1,297,000,000","988,000,000","985,000,000","1,087,000,000","1,159,000,000","876,000,000","831,000,000","953,000,000","940,000,000","746,000,000","734,000,000","909,000,000","935,000,000","698,000,000","535,000,000","722,000,000","880,000,000","670,000,000","620,000,000","726,000,000","761,000,000","554,000,000","47,000,000","92,000,000","613,000,000","414,000,000","426,000,000","519,000,000","542,000,000","391,000,000","372,000,000","459,000,000","466,000,000","348,000,000","358,000,000","398,000,000","410,000,000","263,000,000","300,000,000","341,000,000","350,000,000","223,000,000","187,000,000","312,000,000","289,000,000","181,000,000","230,000,000","256,000,000","217,000,000","120,000,000","-579,000,000","238,000,000","273,000,000","180,000,000","-1,300,600,000","201,900,000","81,300,000","71,400,000","268,300,000","394,000,000","341,600,000","225,800,000","316,200,000","335,200,000",,,,,,,,,,,,,,,,
TaxProvision,"786,000,000","96,000,000","3,000,000","342,000,000","345,000,000","-178,000,000","152,000,000","-38,000,000","941,000,000","326,000,000","1,131,000,000","441,000,000","397,000,000","990,000,000","419,000,000","695,000,000","522,000,000","1,219,000,000","506,000,000","532,000,000","586,000,000","149,000,000","492,000,000","593,000,000","461,000,000","363,000,000","592,000,000","684,000,000","558,000,000","730,000,000","608,000,000","359,000,000","567,000,000","561,000,000","614,000,000","645,000,000","418,000,000","454,000,000","484,000,000","453,000,000","315,000,000","410,000,000","643,000,000","649,000,000","529,000,000","433,000,000","468,000,000","521,000,000","405,000,000","455,000,000","456,000,000","394,000,000","276,000,000","403,000,000","502,000,000","548,000,000","430,000,000","481,000,000","434,000,000","479,000,000","442,000,000","337,000,000","423,000,000","415,000,000","319,000,000","294,000,000","356,000,000","326,000,000","277,000,000","275,000,000","304,000,000","261,000,000","245,000,000","202,000,000","267,000,000","263,000,000","209,000,000","165,000,000","258,000,000","266,000,000","198,000,000","161,000,000","129,000,000","261,000,000","204,000,000","194,000,000","230,000,000","252,000,000","177,000,000","-9,000,000","2,000,000","196,000,000","136,000,000","139,000,000","171,000,000","182,000,000","131,000,000","128,000,000","159,000,000","162,000,000","124,000,000","129,000,000","144,000,000","151,000,000","99,000,000","113,000,000","131,000,000","132,000,000","88,000,000","74,000,000","118,000,000","117,000,000","75,000,000","94,000,000","99,000,000","87,000,000","56,000,000","-197,000,000","96,000,000","107,000,000","71,000,000","-76,500,000","82,400,000","37,900,000","31,200,000","99,500,000","154,200,000","134,100,000","91,300,000","131,800,000","138,500,000",,,,,,,,,,,,,,,,
NetIncomeCommonStockholders,"3,864,000,000","686,000,000","1,393,000,000","1,032,000,000","753,000,000","135,000,000","264,000,000","-3,835,000,000","-83,000,000","1,143,000,000","1,148,000,000","1,900,000,000","1,346,000,000","686,000,000","1,238,000,000","2,048,000,000","1,297,000,000","397,000,000","1,330,000,000","1,439,000,000","1,386,000,000","1,013,000,000","1,480,000,000","1,373,000,000","1,191,000,000","3,278,000,000","1,362,000,000","1,542,000,000","1,426,000,000","1,473,000,000","1,854,000,000","1,680,000,000","1,213,000,000","1,463,000,000","1,432,000,000","1,560,000,000","1,266,000,000","2,057,000,000","1,415,000,000","1,328,000,000","330,000,000","1,325,000,000","1,324,000,000","1,318,000,000","1,012,000,000","1,199,000,000","1,198,000,000","1,110,000,000","866,000,000","1,073,000,000","1,058,000,000","976,000,000","722,000,000","1,145,000,000","1,269,000,000","1,275,000,000","1,000,000,000","1,060,000,000","1,197,000,000","1,148,000,000","819,000,000","865,000,000","996,000,000","1,103,000,000","768,000,000","626,000,000","821,000,000","971,000,000","651,000,000","650,000,000","722,000,000","837,000,000","579,000,000","612,000,000","631,000,000","624,000,000","494,000,000","556,000,000","605,000,000","616,000,000","459,000,000","368,000,000","558,000,000","580,000,000","432,000,000","418,000,000","488,000,000","501,000,000","369,000,000","48,000,000","81,000,000","1,069,000,000","300,000,000","287,000,000","348,000,000","360,000,000","260,000,000","244,000,000","300,000,000","304,000,000","224,000,000","229,000,000","254,000,000","259,000,000","164,000,000","186,000,000","203,000,000","211,000,000","129,000,000","113,000,000","184,000,000","161,000,000","95,000,000","125,000,000","146,000,000","119,000,000","53,000,000","-714,000,000","131,000,000","156,000,000","98,000,000","-1,286,100,000","119,500,000","43,400,000","40,200,000","132,900,000","239,800,000","207,500,000","129,900,000","169,600,000","196,700,000",,,,,,,,,,,,,,,,
	NetIncome,"3,864,000,000","686,000,000","1,393,000,000","1,032,000,000","753,000,000","135,000,000","264,000,000","-3,835,000,000","-83,000,000","1,143,000,000","1,148,000,000","1,900,000,000","1,346,000,000","686,000,000","1,238,000,000","2,048,000,000","1,297,000,000","397,000,000","1,330,000,000","1,439,000,000","1,386,000,000","1,013,000,000","1,480,000,000","1,373,000,000","1,191,000,000","3,278,000,000","1,362,000,000","1,542,000,000","1,426,000,000","1,473,000,000","1,854,000,000","1,680,000,000","1,213,000,000","1,463,000,000","1,432,000,000","1,560,000,000","1,266,000,000","2,057,000,000","1,415,000,000","1,328,000,000","330,000,000","1,325,000,000","1,324,000,000","1,318,000,000","1,012,000,000","1,199,000,000","1,198,000,000","1,110,000,000","866,000,000","1,073,000,000","1,058,000,000","976,000,000","722,000,000","1,145,000,000","1,269,000,000","1,275,000,000","1,000,000,000","1,060,000,000","1,197,000,000","1,148,000,000","819,000,000","865,000,000","996,000,000","1,103,000,000","768,000,000","626,000,000","821,000,000","971,000,000","651,000,000","650,000,000","722,000,000","837,000,000","579,000,000","588,000,000","639,000,000","632,000,000","502,000,000","533,000,000","612,000,000","624,000,000","467,000,000","345,000,000","565,000,000","588,000,000","440,000,000","426,000,000","496,000,000","509,000,000","377,000,000","56,000,000","90,000,000","1,077,000,000","308,000,000","287,000,000","348,000,000","360,000,000","260,000,000","244,000,000","300,000,000","304,000,000","224,000,000","229,000,000","254,000,000","259,000,000","164,000,000","187,000,000","210,000,000","218,000,000","135,000,000","113,000,000","194,000,000","172,000,000","106,000,000","136,000,000","157,000,000","130,000,000","64,000,000","-704,000,000","142,000,000","166,000,000","109,000,000","-1,224,100,000","119,500,000","43,400,000","40,200,000","168,800,000","239,800,000","207,500,000","134,500,000","184,400,000","196,700,000",,,,,,,,,,,,,,,,
		NetIncomeIncludingNoncontrollingInterests,"4,112,000,000","772,000,000","1,466,000,000","1,080,000,000","794,000,000","204,000,000","298,000,000","-3,811,000,000","14,000,000","1,267,000,000","1,257,000,000","1,999,000,000","1,425,000,000","798,000,000","1,349,000,000","2,139,000,000","1,368,000,000","486,000,000","1,434,000,000","1,532,000,000","1,468,000,000","1,113,000,000","1,571,000,000","1,472,000,000","1,272,000,000","3,357,000,000","1,462,000,000","1,652,000,000","1,498,000,000","1,575,000,000","1,952,000,000","1,790,000,000","1,306,000,000","1,565,000,000","1,543,000,000","1,653,000,000","1,348,000,000","2,150,000,000","1,511,000,000","1,422,000,000","407,000,000","1,422,000,000","1,421,000,000","1,430,000,000","1,101,000,000","1,253,000,000","1,299,000,000","1,212,000,000","947,000,000","1,169,000,000","1,145,000,000","1,066,000,000","799,000,000","1,229,000,000","1,370,000,000","1,375,000,000","1,079,000,000","1,138,000,000","1,275,000,000","1,223,000,000","912,000,000","938,000,000","1,068,000,000","1,171,000,000","821,000,000","689,000,000","893,000,000","1,043,000,000","711,000,000","710,000,000","783,000,000","898,000,000","631,000,000","629,000,000","686,000,000","677,000,000","537,000,000","569,000,000","651,000,000","669,000,000","500,000,000","374,000,000","593,000,000","619,000,000","466,000,000","445,000,000","523,000,000","533,000,000","404,000,000","78,000,000","113,000,000","1,102,000,000","329,000,000","308,000,000","364,000,000","388,000,000","280,000,000","267,000,000","330,000,000","341,000,000","253,000,000","261,000,000","287,000,000","295,000,000","194,000,000","221,000,000","245,000,000","250,000,000","164,000,000","142,000,000","223,000,000","198,000,000","129,000,000","155,000,000","184,000,000","153,000,000","81,000,000","-677,000,000","165,000,000","188,000,000","125,000,000","-1,222,800,000","139,700,000","64,000,000","53,100,000","181,800,000","262,600,000","221,800,000","145,900,000","202,100,000","212,200,000","197,300,000","123,700,000","150,600,000","190,100,000","196,200,000","122,200,000","172,500,000","165,000,000","156,000,000","98,200,000","-228,000,000","108,200,000","64,900,000","127,600,000","165,900,000","-45,600,000"
			NetIncomeContinuousOperations,"4,145,000,000","771,000,000","1,473,000,000","1,088,000,000","813,000,000","215,000,000","185,000,000","-3,820,000,000","14,000,000","1,267,000,000","1,257,000,000","1,999,000,000","1,425,000,000","798,000,000","1,349,000,000","2,139,000,000","1,368,000,000","486,000,000","1,434,000,000","1,532,000,000","1,468,000,000","1,124,000,000","1,534,000,000","1,519,000,000","1,261,000,000","-177,000,000","1,526,000,000","1,652,000,000","1,498,000,000","1,575,000,000","1,952,000,000","1,790,000,000","1,306,000,000","1,551,000,000","1,526,000,000","1,645,000,000","1,352,000,000","1,037,000,000","1,341,000,000","1,558,000,000","1,258,000,000","1,422,000,000","1,421,000,000","1,430,000,000","1,101,000,000","1,253,000,000","1,299,000,000","1,212,000,000","947,000,000","1,169,000,000","1,145,000,000","1,066,000,000","799,000,000","1,229,000,000","1,370,000,000","1,275,000,000","1,000,000,000","1,384,000,000","1,197,000,000","1,148,000,000","819,000,000","865,000,000","996,000,000","1,103,000,000","768,000,000","721,000,000","821,000,000","971,000,000","651,000,000","884,000,000","722,000,000","837,000,000","579,000,000","756,000,000","639,000,000","632,000,000","502,000,000","686,000,000","612,000,000","624,000,000","467,000,000","345,000,000","565,000,000","588,000,000","440,000,000","426,000,000","496,000,000","509,000,000","377,000,000","56,000,000","90,000,000","417,000,000","278,000,000","287,000,000","348,000,000","360,000,000","260,000,000","244,000,000","300,000,000","304,000,000","224,000,000","229,000,000","254,000,000","259,000,000","164,000,000","187,000,000","210,000,000","218,000,000","135,000,000","113,000,000","194,000,000","172,000,000","106,000,000","136,000,000","157,000,000","130,000,000","64,000,000","-382,000,000","142,000,000","166,000,000","109,000,000","-1,224,100,000","119,500,000","43,400,000","40,200,000","168,800,000","239,800,000","207,500,000","134,500,000","184,400,000","196,700,000","197,300,000","123,700,000","150,600,000","190,100,000","196,200,000","122,200,000","172,500,000","165,000,000","156,000,000","98,200,000","-252,600,000","108,200,000","64,900,000","127,600,000","166,000,000","147,400,000"
			NetIncomeDiscontinuousOperations,"-33,000,000","1,000,000","-7,000,000","-8,000,000","-19,000,000","-11,000,000","113,000,000","9,000,000",,"-124,000,000",,,,,,,,"0","0","0","0","-11,000,000","37,000,000","-47,000,000","11,000,000","3,534,000,000","-64,000,000",,,"0","0","0","0","14,000,000","17,000,000","8,000,000","-4,000,000","1,113,000,000","170,000,000","-136,000,000","-851,000,000",,,,,,,,,,,,,,,,,,,,,,,,,,,,,,,,,,,,,,,,,,,,,,,,,"0",,"660,000,000","30,000,000",,,,,,,,,,,,,,,,,,,,,,,,,,,,,,,,,,,,,,,,,,,,,,,,,,,,,"-100,000","-193,000,000"
		MinorityInterests,"-248,000,000","-86,000,000","-73,000,000","-48,000,000","-41,000,000","-69,000,000","-34,000,000","-24,000,000","-97,000,000","-124,000,000","-109,000,000","-99,000,000","-79,000,000","-112,000,000","-111,000,000","-91,000,000","-71,000,000","-89,000,000","-104,000,000","-93,000,000","-82,000,000","-100,000,000","-91,000,000","-99,000,000","-81,000,000","-79,000,000","-100,000,000","-110,000,000","-72,000,000","-102,000,000","-98,000,000","-110,000,000","-93,000,000","-102,000,000","-111,000,000","-93,000,000","-82,000,000","-93,000,000","-96,000,000","-94,000,000","-77,000,000","-97,000,000","-97,000,000","-112,000,000","-89,000,000","-54,000,000","-101,000,000","-102,000,000","-81,000,000","-96,000,000","-87,000,000","-90,000,000","-77,000,000","-84,000,000","-101,000,000","-100,000,000","-79,000,000","-78,000,000","-78,000,000","-75,000,000","-93,000,000","-73,000,000","-72,000,000","-68,000,000","-53,000,000","-63,000,000","-72,000,000","-72,000,000","-60,000,000","-60,000,000","-61,000,000","-61,000,000","-52,000,000","-41,000,000","-47,000,000","-45,000,000","-35,000,000","-36,000,000","-39,000,000","-45,000,000","-33,000,000","-29,000,000","-28,000,000","-31,000,000","-26,000,000","-19,000,000","-27,000,000","-24,000,000","-27,000,000","-22,000,000","-23,000,000","-25,000,000","-21,000,000","-21,000,000","-16,000,000","-28,000,000","-20,000,000","-23,000,000","-30,000,000","-37,000,000","-29,000,000","-32,000,000","-33,000,000","-36,000,000","-30,000,000","-34,000,000","-35,000,000","-32,000,000","-29,000,000","-29,000,000","-29,000,000","-26,000,000","-23,000,000","-19,000,000","-27,000,000","-23,000,000","-17,000,000","-27,000,000","-23,000,000","-22,000,000","-16,000,000","-1,300,000","-20,200,000","-20,600,000","-12,900,000","-13,000,000","-22,800,000","-14,300,000","-11,400,000","-17,700,000","-15,500,000",,,,,,,,,,,,,,,,
	PreferredStockDividends,,,,,,,,,,,,,,,,,,,,,,,,,,,,,,,,,,,,,,,,,,,,,,,,,,,,,,,,,,,,,,,,,,,,,,,,,,,"8,000,000","8,000,000","8,000,000",,"7,000,000","8,000,000","8,000,000",,"7,000,000","8,000,000","8,000,000","8,000,000","8,000,000","8,000,000","8,000,000","8,000,000","9,000,000","8,000,000","8,000,000",,,,,,,,,,,,,"1,000,000","7,000,000","7,000,000","6,000,000","0","10,000,000","11,000,000","11,000,000","11,000,000","11,000,000","11,000,000","11,000,000","10,000,000","11,000,000","10,000,000","11,000,000",,,,,,,,"4,600,000",,,,,,,,,,,,,,,,,,
	OtherunderPreferredStockDividend,,,,,,,,,,,,,,,,,,,,,,,,,,,,,,,,,,,,,,,,,,,,,,,,,,,,"90,000,000",,,,,,,,,,,,,,,,,,,,,,,,,,,,,,,,,,,,,,,,,,,,,,,,,,,,,,,,,,,,,,,,,,,,,,,,,,,,,,,,,,,,,,,,,,,,,,,
DilutedNIAvailtoComStockholders,"3,864,000,000","686,000,000","1,393,000,000","1,032,000,000","753,000,000","135,000,000","264,000,000","-3,835,000,000","-83,000,000","1,143,000,000","1,148,000,000","1,900,000,000","1,346,000,000","686,000,000","1,238,000,000","2,048,000,000","1,297,000,000","397,000,000","1,330,000,000","1,439,000,000","1,386,000,000","1,013,000,000","1,480,000,000","1,373,000,000","1,191,000,000","3,278,000,000","1,362,000,000","1,542,000,000","1,426,000,000","1,473,000,000","1,854,000,000","1,680,000,000","1,213,000,000","1,463,000,000","1,432,000,000","1,560,000,000","1,266,000,000","2,057,000,000","1,415,000,000","1,328,000,000","330,000,000","1,325,000,000","1,324,000,000","1,318,000,000","1,012,000,000","1,199,000,000","1,198,000,000","1,110,000,000","866,000,000","1,073,000,000","1,058,000,000","976,000,000","722,000,000","1,145,000,000","1,269,000,000","1,275,000,000","1,000,000,000","1,060,000,000","1,197,000,000","1,148,000,000","819,000,000","865,000,000","996,000,000","1,103,000,000","768,000,000","626,000,000","821,000,000","971,000,000","651,000,000","650,000,000","722,000,000","837,000,000","579,000,000","612,000,000","631,000,000","624,000,000","494,000,000","556,000,000","605,000,000","616,000,000","459,000,000","368,000,000","558,000,000","580,000,000","432,000,000","418,000,000","488,000,000","501,000,000","369,000,000","48,000,000","81,000,000","1,069,000,000","300,000,000","287,000,000","348,000,000","360,000,000","260,000,000","244,000,000","300,000,000","304,000,000","224,000,000","229,000,000","254,000,000","259,000,000","164,000,000","186,000,000","203,000,000","211,000,000","129,000,000","113,000,000","184,000,000","161,000,000","95,000,000","125,000,000","146,000,000","119,000,000","53,000,000","-714,000,000","131,000,000","156,000,000","98,000,000","-1,286,100,000","119,500,000","43,400,000","40,200,000","132,900,000","239,800,000","207,500,000","129,900,000","169,600,000","196,700,000",,,,,,,,,,,,,,,,
BasicEPS,,"0.46","0.93","0.69","0.5","0.09","0.17","-2.55","-0.1","1.33","1.34","2.22","1.58","0.83","1.56","2.59","1.64","0.5","1.69","1.83","1.75","1.27","1.8","1.66","1.44","3.86","1.56","1.76","1.6","1.64","2.07","1.87","1.35","1.63","1.59","1.73","1.41","2.29","1.58","1.48","0.37","1.49","1.49","1.48","1.13",,"1.32","1.22","0.95",,"1.15","1.06","0.79",,"1.36","1.35","1.05",,"1.24","1.19","0.85",,"1.02","1.12","0.78",,"0.83","0.98","0.655",,"0.73","0.845","0.58",,"0.67","0.665","0.525",,"0.64","0.65","0.485",,"0.595","0.615","0.46",,"0.52","0.535","0.39",,"0.043","0.583","0.084",,"0.094","0.096","0.069",,"0.079","0.079","0.058",,"0.032","0.033","0.02",,"0.025","0.026","0.016",,"0.023","0.02","0.012",,"0.018","0.015","0.007",,"0.015","0.02","0.013",,"0.014","0.004","0.004",,"0.03","0.026","0.017",,"0.023","0.024","0.015",,"0.023","0.024","0.015",,"0.02","0.019","0.012",,"0.013","0.007","0.015",,"-0.008"
DilutedEPS,,"0.46","0.93","0.68","0.5","0.09","0.17","-2.55","-0.1","1.32","1.33","2.2","1.56","0.83","1.54","2.56","1.62","0.5","1.67","1.8","1.73","1.25","1.78","1.65","1.43","3.86","1.54","1.73","1.58","1.62","2.04","1.84","1.32","1.6","1.57","1.71","1.39","2.26","1.56","1.47","0.37","1.47","1.47","1.45","1.11",,"1.3","1.2","0.93",,"1.14","1.05","0.78",,"1.33","1.32","1.03",,"1.21","1.16","0.82",,"0.99","1.09","0.76",,"0.81","0.95","0.64",,"0.715","0.83","0.57",,"0.635","0.63","0.5",,"0.605","0.615","0.46",,"0.56","0.58","0.43",,"0.49","0.5","0.37",,"0.04","0.538","0.079",,"0.089","0.09","0.065",,"0.074","0.075","0.055",,"0.031","0.031","0.02",,"0.025","0.026","0.016",,"0.021","0.019","0.011",,"0.017","0.014","0.007",,"0.014","0.019","0.013",,"0.014","0.004","0.004",,"0.028","0.024","0.016",,"0.022","0.024","0.015",,"0.023","0.024","0.015",,"0.02","0.019","0.012",,"0.013","0.007","0.015",,"-0.008"
BasicAverageShares,,"1,490,500,000","1,497,900,000","1,506,400,000","1,511,100,000","1,512,300,000","1,511,500,000","1,501,300,000","858,400,000","856,000,000","855,000,000","854,000,000","853,000,000","823,000,000","791,000,000","791,000,000","790,000,000","789,000,000","788,000,000","789,000,000","794,000,000","802,000,000","822,000,000","825,000,000","825,000,000","850,000,000","876,000,000","877,000,000","890,000,000","895,000,000","898,000,000","900,000,000","901,000,000","901,000,000","901,000,000","901,000,000","901,000,000","898,253,275","895,569,620","897,297,297","891,891,892","888,000,000","889,000,000","893,000,000","899,000,000",,"906,000,000","910,000,000","914,000,000",,"917,000,000","919,000,000","918,000,000",,"933,000,000","944,000,000","952,000,000",,"963,000,000","966,000,000","968,000,000",,"980,000,000","983,000,000","984,000,000",,"992,000,000","995,000,000","992,000,000",,"992,000,000","992,000,000","996,000,000",,"940,000,000","936,000,000","940,000,000",,"946,000,000","946,000,000","946,000,000",,"940,000,000","942,000,000","942,000,000",,"936,000,000","940,000,000","946,000,000",,"1,920,000,000","1,836,000,000","3,608,000,000",,"903,308,000","912,120,000","918,048,000",,"931,908,000","941,700,000","947,556,000",,"966,864,000","966,864,000","974,336,000",,"976,064,000","985,880,000","986,992,000",,"997,264,000","1,010,496,000","1,034,568,000",,"999,912,000","994,712,000","992,008,000",,"984,064,000","985,536,000","975,184,000",,"973,064,000","972,368,000","973,648,000",,"965,408,000","964,384,000","962,016,000",,"1,019,088,000","1,046,112,000","1,046,112,000",,"1,045,048,000","1,043,304,000","1,043,304,000",,"1,049,304,000","1,049,304,000","1,043,176,000",,"1,043,336,000","983,160,000","983,160,000",,"983,160,000"
DilutedAverageShares,,"1,500,200,000","1,505,900,000","1,513,500,000","1,514,100,000","1,515,400,000","1,514,200,000","1,501,300,000","858,400,000","867,000,000","864,000,000","864,000,000","861,000,000","831,000,000","802,000,000","800,000,000","800,000,000","798,000,000","797,000,000","798,000,000","802,000,000","810,000,000","831,000,000","833,000,000","831,000,000","850,000,000","885,000,000","889,000,000","904,000,000","907,000,000","910,000,000","915,000,000","917,000,000","917,000,000","916,000,000","914,000,000","914,000,000","910,176,991","907,051,282","903,401,361","891,891,892","899,000,000","902,000,000","910,000,000","915,000,000",,"919,000,000","925,000,000","929,000,000",,"929,000,000","929,000,000","926,000,000",,"951,000,000","966,000,000","975,000,000",,"989,000,000","990,000,000","993,000,000",,"1,006,000,000","1,009,000,000","1,009,000,000",,"1,015,000,000","1,018,000,000","1,016,000,000",,"1,010,000,000","1,010,000,000","1,016,000,000",,"1,008,000,000","1,000,000,000","1,002,000,000",,"1,010,000,000","1,014,000,000","1,014,000,000",,"1,008,000,000","1,014,000,000","1,016,000,000",,"1,012,000,000","1,016,000,000","1,022,000,000",,"1,976,000,000","2,004,000,000","3,936,000,000",,"903,308,000","912,120,000","918,048,000",,"931,908,000","941,700,000","947,556,000",,"966,864,000","966,864,000","974,336,000",,"976,064,000","985,880,000","986,992,000",,"997,264,000","1,010,496,000","1,034,568,000",,"999,912,000","994,712,000","992,008,000",,"984,064,000","985,536,000","975,184,000",,"973,064,000","972,368,000","973,648,000",,"965,408,000","964,384,000","962,016,000",,"1,019,088,000","1,046,112,000","1,046,112,000",,"1,045,048,000","1,043,304,000","1,043,304,000",,"1,049,304,000","1,049,304,000","1,043,176,000",,"1,043,336,000","983,160,000","983,160,000",,"983,160,000"
TotalOperatingIncomeAsReported,"4,958,000,000","1,320,000,000","1,343,000,000","1,282,000,000","1,013,000,000","142,000,000","434,000,000","-3,760,000,000","1,807,000,000","1,851,000,000","2,486,000,000","2,584,000,000","2,045,000,000","1,911,000,000","1,838,000,000","2,876,000,000","1,928,000,000","1,952,000,000","2,163,000,000","2,290,000,000","2,267,000,000","1,639,000,000","2,251,000,000","2,337,000,000","1,945,000,000","392,000,000","2,302,000,000","2,552,000,000","2,274,000,000","2,570,000,000","2,746,000,000","2,355,000,000","2,098,000,000","2,330,000,000","2,366,000,000","2,507,000,000","2,006,000,000","2,602,000,000","1,830,000,000","2,179,000,000","1,401,000,000","1,898,000,000","2,202,000,000","2,220,000,000","1,779,000,000","1,774,000,000","1,949,000,000","1,925,000,000","1,538,000,000","1,807,000,000","1,771,000,000","1,637,000,000","1,250,000,000","1,803,000,000","2,049,000,000","2,099,000,000","1,674,000,000","1,793,000,000","1,888,000,000","1,865,000,000","1,504,000,000","1,428,000,000","1,647,000,000","1,741,000,000","1,282,000,000","1,221,000,000","1,384,000,000","1,489,000,000","1,088,000,000","1,081,000,000","1,176,000,000","1,250,000,000","963,000,000",,"1,048,000,000","1,033,000,000","837,000,000",,"1,002,000,000","1,031,000,000","797,000,000",,"822,000,000","989,000,000","777,000,000","667,000,000","724,000,000","788,000,000","584,000,000","47,000,000","119,000,000","638,000,000","430,000,000","532,000,000","602,000,000","632,000,000","373,000,000","368,000,000","495,000,000","501,000,000","377,000,000","320,000,000","454,000,000","461,000,000","307,000,000","353,000,000","386,000,000","383,000,000","288,000,000","311,000,000","282,000,000","195,000,000","167,000,000","-37,000,000","343,000,000","242,000,000","205,000,000","-397,000,000","332,000,000","363,000,000","269,000,000","65,300,000","306,800,000","183,700,000","167,200,000","347,400,000","507,200,000","463,600,000","263,800,000","323,100,000","394,700,000",,,,,,,,,,,,,,,,
TotalExpenses,"59,430,000,000","15,724,000,000","14,870,000,000","14,598,000,000","14,238,000,000","16,277,000,000","14,313,000,000","14,638,000,000","16,403,000,000","17,700,000,000","17,010,000,000","17,050,000,000","16,320,000,000","16,133,000,000","14,672,000,000","13,829,000,000","13,314,000,000","13,728,000,000","12,899,000,000","12,990,000,000","11,548,000,000","13,020,000,000","12,103,000,000","12,537,000,000","11,412,000,000","13,908,000,000","11,486,000,000","13,781,000,000","12,267,000,000","14,426,000,000","13,422,000,000","14,836,000,000","12,647,000,000","14,429,000,000","13,096,000,000","13,499,000,000","12,393,000,000","13,841,000,000","13,212,000,000","11,628,000,000","11,023,000,000","11,968,000,000","13,056,000,000","12,856,000,000","11,565,000,000","13,044,000,000","11,578,000,000","11,965,000,000","10,553,000,000","12,293,000,000","11,604,000,000","11,559,000,000","10,999,000,000","12,696,000,000","12,765,000,000","13,568,000,000","12,027,000,000","12,921,000,000","11,975,000,000","12,039,000,000","10,774,000,000","11,359,000,000","10,516,000,000","10,523,000,000","9,333,000,000","10,040,000,000","9,521,000,000","9,663,000,000","8,319,000,000","8,757,000,000","8,163,000,000","8,372,000,000","7,683,000,000","7,661,000,000","6,906,000,000","6,757,000,000","5,865,000,000","6,388,000,000","6,297,000,000","6,293,000,000","5,577,000,000","6,329,000,000","6,098,000,000","6,343,000,000","5,894,000,000","6,022,000,000","5,615,000,000","6,083,000,000","5,723,000,000","6,363,000,000","5,949,000,000","5,346,000,000","4,952,000,000","6,011,000,000","5,838,000,000","6,048,000,000","5,651,000,000","5,873,000,000","5,441,000,000","5,931,000,000","5,509,000,000","5,695,000,000","5,454,000,000","5,541,000,000","5,142,000,000","5,575,000,000","5,218,000,000","5,391,000,000","5,030,000,000","5,304,000,000","4,853,000,000","5,111,000,000","4,578,000,000","5,211,000,000","4,785,000,000","5,266,000,000","4,659,000,000","6,152,000,000","5,043,000,000","5,373,000,000","4,897,000,000","5,742,500,000","4,967,000,000","5,193,200,000","4,636,300,000","5,598,200,000","4,839,100,000","5,226,200,000","4,466,900,000","4,846,200,000","4,315,200,000",,,,,,,,,,,,,,,,
NetIncomeFromContinuingAndDiscontinuedOperation,"3,864,000,000","686,000,000","1,393,000,000","1,032,000,000","753,000,000","135,000,000","264,000,000","-3,835,000,000","-83,000,000","1,143,000,000","1,148,000,000","1,900,000,000","1,346,000,000","686,000,000","1,238,000,000","2,048,000,000","1,297,000,000","397,000,000","1,330,000,000","1,439,000,000","1,386,000,000","1,013,000,000","1,480,000,000","1,373,000,000","1,191,000,000","3,278,000,000","1,362,000,000","1,542,000,000","1,426,000,000","1,473,000,000","1,854,000,000","1,680,000,000","1,213,000,000","1,463,000,000","1,432,000,000","1,560,000,000","1,266,000,000","2,057,000,000","1,415,000,000","1,328,000,000","330,000,000","1,325,000,000","1,324,000,000","1,318,000,000","1,012,000,000","1,199,000,000","1,198,000,000","1,110,000,000","866,000,000","1,073,000,000","1,058,000,000","976,000,000","722,000,000","1,145,000,000","1,269,000,000","1,275,000,000","1,000,000,000","1,060,000,000","1,197,000,000","1,148,000,000","819,000,000","865,000,000","996,000,000","1,103,000,000","768,000,000","531,000,000","821,000,000","971,000,000","651,000,000","650,000,000","722,000,000","837,000,000","579,000,000","588,000,000","639,000,000","632,000,000","502,000,000","533,000,000","612,000,000","624,000,000","467,000,000","345,000,000","565,000,000","588,000,000","440,000,000","426,000,000","496,000,000","509,000,000","377,000,000","56,000,000","90,000,000","1,077,000,000","308,000,000","287,000,000","348,000,000","360,000,000","260,000,000","244,000,000","300,000,000","304,000,000","224,000,000","229,000,000","254,000,000","259,000,000","164,000,000","187,000,000","210,000,000","218,000,000","135,000,000","113,000,000","194,000,000","172,000,000","106,000,000","136,000,000","157,000,000","130,000,000","64,000,000","-382,000,000","142,000,000","166,000,000","109,000,000","-1,224,100,000","119,500,000","43,400,000","40,200,000","168,800,000","239,800,000","207,500,000","134,500,000","184,400,000","196,700,000",,,,,,,,,,,,,,,,
NormalizedIncome,"4,442,809,000","1,262,138,408.304","1,400,000,000","1,040,000,000","772,000,000","146,000,000","151,000,000","-692,830,000","398,800,000","1,143,000,000","1,148,000,000","1,900,000,000","1,346,000,000","686,000,000","1,238,000,000","2,048,000,000","1,297,000,000","397,000,000","1,330,000,000","1,439,000,000","1,386,000,000","1,024,000,000","1,443,000,000","1,420,000,000","1,180,000,000","-256,000,000","1,426,000,000","1,542,000,000","1,426,000,000","1,473,000,000","1,854,000,000","1,680,000,000","1,213,000,000","1,449,000,000","1,415,000,000","1,552,000,000","1,270,000,000","944,000,000","1,089,958,356.164","1,464,000,000","940,276,541.64","1,325,000,000","1,324,000,000","1,318,000,000","1,012,000,000","1,199,000,000","1,198,000,000","1,110,000,000","866,000,000","1,073,000,000","1,058,000,000","976,000,000","722,000,000","1,145,000,000","1,269,000,000","1,180,616,224.649","911,334,658.714","1,060,000,000","1,088,822,703.335","1,048,837,837.838","588,642,540.62","865,000,000","859,187,122.736","942,042,875.158","646,290,350.877","531,000,000","762,372,297.838","837,740,169.622","580,475,708.502","650,000,000","656,449,862.006","707,607,420.19","370,827,625.571","588,000,000","582,133,263.379","572,942,553.191","466,727,882.038","533,000,000","576,907,590.759","586,078,074.866","429,034,383.954","345,000,000","412,232,686.981","537,354,545.455","388,531,343.284","372,406,451.613","409,917,355.372","448,802,890.933","320,518,050.542","-8,200,000","32,282,608.696","378,225,122.349","237,710,144.928","304,516,431.925","360,069,364.162","369,963,099.631","202,148,337.596","194,150,537.634","271,895,424.837","270,729,613.734","193,103,448.276","150,321,229.05","234,216,080.402","233,100,000","136,562,737.643","162,690,000","181,055,718.475","176,891,428.571","119,260,089.686","111,791,443.85","120,628,205.128","62,200,000","50,200,000","136,000,000","157,000,000","92,800,000","64,000,000","-382,000,000","142,000,000","166,000,000","109,000,000","-1,224,100,000","119,500,000","43,400,000","40,200,000","168,800,000","239,800,000","207,500,000","92,020,000","127,400,000","170,480,000",,,,,,,,,,,,,,,,
InterestIncome,"36,000,000","12,000,000","9,000,000","4,000,000","11,000,000","18,000,000","6,000,000","11,000,000","20,000,000","31,000,000","34,000,000","78,000,000","19,000,000","71,000,000","65,000,000","24,000,000","27,000,000","25,000,000","35,000,000","25,000,000","23,000,000","54,000,000","27,000,000","23,000,000","18,000,000","32,000,000","39,000,000","28,000,000","22,000,000","110,000,000","51,000,000","39,000,000","18,000,000","41,000,000","22,000,000","55,000,000","19,000,000","19,000,000","44,000,000","22,000,000","35,000,000","110,000,000","28,000,000",,"17,000,000",,,,,,,,,,,,,,,,,,,,,,,,,,,,,,,,,,,,,,,,,,,,,,,,,,,,,,,,,,,,,,,,,,,,,,,,,,,,,,,,,,,,,,,,,,,,,,,,,,,,,,
InterestExpense,"1,358,000,000","288,000,000","367,000,000","346,000,000","357,000,000","367,000,000","356,000,000","346,000,000","400,000,000","450,000,000","435,000,000","438,000,000","450,000,000","388,000,000","323,000,000","258,000,000","256,000,000","272,000,000","258,000,000","251,000,000","236,000,000","420,000,000","252,000,000","248,000,000","241,000,000","238,000,000","223,000,000","244,000,000","240,000,000","375,000,000","237,000,000","245,000,000","243,000,000","259,000,000","248,000,000","272,000,000","255,000,000","279,000,000","260,000,000","190,000,000","164,000,000","176,000,000","166,000,000","141,000,000","166,000,000","190,000,000","182,000,000","192,000,000","186,000,000","183,000,000","170,000,000","177,000,000","175,000,000","171,000,000","177,000,000",,,,,,,,,,,,,,,,,,,,,,,,,,,,,,,,,,,,,,,,,,,,,,,,,,,,,,,,,,,,,,,,,,,,,,,,,,,,,,,,,,,,,,,,,,,,
NetInterestIncome,"-1,322,000,000","-276,000,000","-358,000,000","-342,000,000","-346,000,000","-349,000,000","-350,000,000","-335,000,000","-380,000,000","-419,000,000","-401,000,000","-360,000,000","-431,000,000","-317,000,000","-258,000,000","-234,000,000","-229,000,000","-247,000,000","-223,000,000","-226,000,000","-213,000,000","-366,000,000","-225,000,000","-225,000,000","-223,000,000","-206,000,000","-184,000,000","-216,000,000","-218,000,000","-265,000,000","-186,000,000","-206,000,000","-225,000,000","-218,000,000","-226,000,000","-217,000,000","-236,000,000","-260,000,000","-216,000,000","-168,000,000","-129,000,000","-66,000,000","-138,000,000","-141,000,000","-149,000,000","-88,000,000","-182,000,000","-192,000,000","-186,000,000","-183,000,000","-170,000,000","-177,000,000","-175,000,000","-171,000,000","-177,000,000",,,,,,,,,,,,,,,,,,,,,,,,,,,,,,,,,,,,,,,,,,,,,,,,,,,,,,,,,,,,,,,,,,,,,,,,,,,,,,,,,,,,,,,,,,,,
EBIT,"6,289,000,000","1,155,000,000","1,843,000,000","1,776,000,000","1,515,000,000","404,000,000","693,000,000","-3,512,000,000","1,355,000,000","2,043,000,000","2,823,000,000","2,878,000,000","2,272,000,000","2,176,000,000","2,091,000,000","3,092,000,000","2,146,000,000","1,977,000,000","2,198,000,000","2,315,000,000","2,290,000,000","1,693,000,000","2,278,000,000","2,360,000,000","1,963,000,000","424,000,000","2,341,000,000","2,580,000,000","2,296,000,000","2,680,000,000","2,797,000,000","2,394,000,000","2,116,000,000","2,371,000,000","2,388,000,000","2,562,000,000","2,025,000,000","1,770,000,000","2,085,000,000","2,201,000,000","1,737,000,000","2,008,000,000","2,230,000,000","2,220,000,000","1,796,000,000","1,876,000,000","1,949,000,000","1,925,000,000","1,538,000,000","1,807,000,000","1,771,000,000","1,637,000,000","1,250,000,000","1,803,000,000","2,049,000,000","2,099,000,000","1,674,000,000","1,793,000,000","1,888,000,000","1,865,000,000","1,504,000,000","1,428,000,000","1,647,000,000","1,741,000,000","1,282,000,000","1,221,000,000","1,384,000,000","1,489,000,000","1,088,000,000","1,081,000,000","1,176,000,000","1,250,000,000","963,000,000","927,000,000","1,048,000,000","1,033,000,000","837,000,000","827,000,000","1,002,000,000","1,031,000,000","797,000,000","645,000,000","822,000,000","989,000,000","777,000,000","667,000,000","724,000,000","788,000,000","584,000,000","47,000,000","119,000,000","638,000,000","430,000,000","532,000,000","602,000,000","632,000,000","373,000,000","368,000,000","495,000,000","501,000,000","377,000,000","320,000,000","454,000,000","461,000,000","307,000,000","353,000,000","386,000,000","383,000,000","288,000,000","311,000,000","282,000,000","195,000,000","167,000,000","-37,000,000","343,000,000","242,000,000","205,000,000","-397,000,000","332,000,000","363,000,000","269,000,000","65,300,000","306,800,000","183,700,000","167,200,000","347,400,000","507,200,000","463,600,000","263,800,000","323,100,000","394,700,000","5,273,800,000","4,464,800,000","-11,866,200,000","4,356,000,000","4,360,100,000","4,109,300,000","-11,265,600,000","4,212,600,000","4,285,200,000","3,937,300,000","-11,111,900,000","3,848,600,000","4,006,500,000","3,503,300,000","-9,610,500,000","3,412,200,000"
EBITDA,"10,846,000,000"
ReconciledCostOfRevenue,"51,897,000,000","13,616,000,000","13,089,000,000","12,655,000,000","12,537,000,000","14,266,000,000","13,004,000,000","12,214,000,000","13,408,000,000","14,734,000,000","14,211,000,000","14,413,000,000","13,707,000,000","13,747,000,000","12,536,000,000","12,422,000,000","11,280,000,000","11,733,000,000","11,043,000,000","11,100,000,000","10,077,000,000","10,723,000,000","10,342,000,000","10,741,000,000","9,654,000,000","10,653,000,000","9,800,000,000","11,825,000,000","10,523,000,000","12,360,000,000","11,466,000,000","12,931,000,000","10,690,000,000","12,284,000,000","11,020,000,000","11,552,000,000","10,465,000,000","12,286,000,000","11,003,000,000","9,934,000,000","8,941,000,000","10,851,000,000","10,756,000,000","10,905,000,000","9,641,000,000","11,000,000,000","9,667,000,000","10,015,000,000","8,732,000,000","10,317,000,000","9,836,000,000","9,601,000,000","9,107,000,000","10,557,000,000","10,664,000,000","11,359,000,000","9,981,000,000","10,729,000,000","10,068,000,000","10,129,000,000","8,996,000,000","9,521,000,000","8,794,000,000","8,775,000,000","7,650,000,000","8,239,000,000","7,891,000,000","7,990,000,000","6,815,000,000","7,183,000,000","6,797,000,000","6,971,000,000","6,270,000,000","6,310,000,000","5,713,000,000","5,619,000,000","4,866,000,000","5,248,000,000","5,238,000,000","5,190,000,000","4,485,000,000","5,168,000,000","4,923,000,000","4,959,000,000","4,590,000,000","4,610,000,000","4,315,000,000","4,770,000,000","4,416,000,000","4,749,000,000","4,648,000,000","4,150,000,000","3,794,000,000","4,681,000,000","4,579,000,000","4,764,000,000","4,398,000,000","4,529,000,000","4,281,000,000","4,669,000,000","4,325,000,000","4,377,000,000","4,265,000,000","4,343,000,000","4,000,000,000","4,383,000,000","4,125,000,000","4,272,000,000","3,976,000,000","4,165,000,000","3,805,000,000","3,991,000,000","3,531,000,000","4,038,000,000","3,706,000,000","4,129,000,000","3,549,000,000","4,427,000,000","3,814,000,000","4,154,000,000","3,668,000,000","4,488,800,000","3,798,900,000","3,942,000,000","3,422,300,000","4,351,300,000","3,642,400,000","4,038,000,000","3,308,500,000","3,691,600,000","3,286,800,000",,,,,,,,,,,,,,,,
ReconciledDepreciation,"4,557,000,000","1,144,000,000","1,158,000,000","1,132,000,000","1,123,000,000","1,153,000,000","1,164,000,000","859,000,000","980,000,000","952,000,000","967,000,000","922,000,000","942,000,000","667,000,000","593,000,000","592,000,000","581,000,000","558,000,000","543,000,000","527,000,000","512,000,000","506,000,000","496,000,000","494,000,000","466,000,000","462,000,000","443,000,000","479,000,000","479,000,000","489,000,000","483,000,000","468,000,000","467,000,000","486,000,000","452,000,000","439,000,000","444,000,000","477,000,000","422,000,000","305,000,000","320,000,000","324,000,000","346,000,000","344,000,000","333,000,000","348,000,000","342,000,000","339,000,000","327,000,000","333,000,000","316,000,000","303,000,000","306,000,000","350,000,000","326,000,000","326,000,000","319,000,000","310,000,000","308,000,000","277,000,000","278,000,000","261,000,000","252,000,000","256,000,000","264,000,000","256,000,000","265,000,000","237,000,000","226,000,000","234,000,000","230,000,000","252,000,000","262,000,000","229,000,000","203,000,000","187,000,000","180,000,000","190,000,000","173,000,000","189,000,000","175,000,000","238,000,000","220,000,000","225,000,000","222,000,000","220,000,000","210,000,000","217,000,000","212,000,000","255,000,000","209,000,000","197,000,000","183,000,000","210,000,000","216,000,000","214,000,000","214,000,000","216,000,000","202,000,000","219,000,000","211,000,000","218,000,000","211,000,000","215,000,000","209,000,000","223,000,000","200,000,000","214,000,000","207,000,000","217,000,000","208,000,000","211,000,000","204,000,000","216,000,000","208,000,000","191,000,000","200,000,000","241,000,000","205,000,000","206,000,000","200,000,000","160,100,000","177,000,000","196,600,000","201,300,000","139,700,000","170,400,000","184,300,000","180,600,000","149,500,000","156,900,000",,,,,,,,,,,,,,,,
NetIncomeFromContinuingOperationNetMinorityInterest,"3,897,000,000","685,000,000","1,400,000,000","1,040,000,000","772,000,000","146,000,000","151,000,000","-3,844,000,000","-83,000,000","1,143,000,000","1,148,000,000","1,900,000,000","1,346,000,000","686,000,000","1,238,000,000","2,048,000,000","1,297,000,000","397,000,000","1,330,000,000","1,439,000,000","1,386,000,000","1,024,000,000","1,443,000,000","1,420,000,000","1,180,000,000","-256,000,000","1,426,000,000","1,542,000,000","1,426,000,000","1,473,000,000","1,854,000,000","1,680,000,000","1,213,000,000","1,449,000,000","1,415,000,000","1,552,000,000","1,270,000,000","944,000,000","1,245,000,000","1,464,000,000","1,181,000,000","1,325,000,000","1,324,000,000","1,318,000,000","1,012,000,000","1,199,000,000","1,198,000,000","1,110,000,000","866,000,000","1,073,000,000","1,058,000,000","976,000,000","722,000,000","1,145,000,000","1,269,000,000","1,275,000,000","1,000,000,000","1,060,000,000","1,197,000,000","1,148,000,000","819,000,000","865,000,000","996,000,000","1,103,000,000","768,000,000","531,000,000","821,000,000","971,000,000","651,000,000","650,000,000","722,000,000","837,000,000","579,000,000","588,000,000","639,000,000","632,000,000","502,000,000","533,000,000","612,000,000","624,000,000","467,000,000","345,000,000","565,000,000","588,000,000","440,000,000","426,000,000","496,000,000","509,000,000","377,000,000","56,000,000","90,000,000","417,000,000","278,000,000","287,000,000","348,000,000","360,000,000","260,000,000","244,000,000","300,000,000","304,000,000","224,000,000","229,000,000","254,000,000","259,000,000","164,000,000","187,000,000","210,000,000","218,000,000","135,000,000","113,000,000","194,000,000","172,000,000","106,000,000","136,000,000","157,000,000","130,000,000","64,000,000","-382,000,000","142,000,000","166,000,000","109,000,000","-1,224,100,000","119,500,000","43,400,000","40,200,000","168,800,000","239,800,000","207,500,000","134,500,000","184,400,000","196,700,000",,,,,,,,,,,,,,,,
TotalUnusualItemsExcludingGoodwill,"-649,000,000","-649,000,000","0","0",,"0","0","-3,183,000,000","-660,000,000",,,,,,,,,,,,,,,,,,,,,,,,,,,,,,"211,000,000",,"301,000,000",,,,,,,,,,,,,,,"132,000,000","124,000,000",,"145,000,000","138,000,000","342,000,000",,"191,000,000","218,000,000","169,000,000",,"82,000,000","178,000,000","98,000,000",,"91,000,000","167,000,000","289,000,000",,"79,000,000","82,000,000","49,000,000",,"49,000,000","53,000,000","53,000,000",,"186,000,000","72,000,000","74,000,000","78,000,000","126,000,000","90,000,000","83,000,000","107,000,000","59,000,000","57,000,000","60,000,000","-26,000,000","-18,000,000","-15,000,000","87,000,000","76,000,000","43,000,000","51,000,000","48,000,000","123,000,000","31,000,000","41,000,000","44,000,000","39,000,000","47,000,000","66,000,000","26,000,000","2,000,000","118,000,000","183,000,000","93,000,000",,,"62,000,000",,,,,,,,,,,,,"70,800,000","95,000,000","43,700,000",,,,,,,,,,,,,,,,
TotalUnusualItems,"-649,000,000","-649,000,000","0","0",,"0","0","-3,183,000,000","-660,000,000",,,,,,,,,,,,,,,,,,,,,,,,,,,,,,"211,000,000",,"301,000,000",,,,,,,,,,,,,,,"132,000,000","124,000,000",,"145,000,000","138,000,000","342,000,000",,"191,000,000","218,000,000","169,000,000",,"82,000,000","178,000,000","98,000,000",,"91,000,000","167,000,000","289,000,000",,"79,000,000","82,000,000","49,000,000",,"49,000,000","53,000,000","53,000,000",,"186,000,000","72,000,000","74,000,000","78,000,000","126,000,000","90,000,000","83,000,000","107,000,000","59,000,000","57,000,000","60,000,000","-26,000,000","-18,000,000","-15,000,000","87,000,000","76,000,000","43,000,000","51,000,000","48,000,000","123,000,000","31,000,000","41,000,000","44,000,000","39,000,000","47,000,000","66,000,000","26,000,000","2,000,000","118,000,000","183,000,000","93,000,000",,,"62,000,000",,,,,,,,,,,,,"70,800,000","95,000,000","43,700,000",,,,,,,,,,,,,,,,
NormalizedEBITDA,"11,495,000,000","2,948,000,000","3,001,000,000","2,908,000,000","2,638,000,000","1,557,000,000","1,857,000,000","530,000,000","2,995,000,000","2,995,000,000","3,790,000,000","3,800,000,000","3,214,000,000","2,843,000,000","2,684,000,000","3,684,000,000","2,727,000,000","2,535,000,000","2,741,000,000","2,842,000,000","2,802,000,000","2,199,000,000","2,774,000,000","2,854,000,000","2,429,000,000","886,000,000","2,784,000,000","3,059,000,000","2,775,000,000","3,169,000,000","3,280,000,000","2,862,000,000","2,583,000,000","2,857,000,000","2,840,000,000","3,001,000,000","2,469,000,000","2,247,000,000","2,296,000,000","2,506,000,000","1,756,000,000","2,332,000,000","2,576,000,000","2,564,000,000","2,129,000,000","2,224,000,000","2,291,000,000","2,264,000,000","1,865,000,000","2,140,000,000","2,087,000,000","1,940,000,000","1,556,000,000","2,153,000,000","2,375,000,000","2,293,000,000","1,869,000,000","2,103,000,000","2,051,000,000","2,004,000,000","1,440,000,000","1,689,000,000","1,708,000,000","1,779,000,000","1,377,000,000","1,477,000,000","1,567,000,000","1,548,000,000","1,216,000,000","1,315,000,000","1,315,000,000","1,335,000,000","936,000,000","1,156,000,000","1,172,000,000","1,138,000,000","968,000,000","1,017,000,000","1,126,000,000","1,167,000,000","919,000,000","883,000,000","856,000,000","1,142,000,000","925,000,000","809,000,000","808,000,000","915,000,000","713,000,000","195,000,000","269,000,000","778,000,000","553,000,000","768,000,000","836,000,000","861,000,000","500,000,000","508,000,000","654,000,000","669,000,000","540,000,000","415,000,000","634,000,000","635,000,000","472,000,000","537,000,000","539,000,000","531,000,000","469,000,000","526,000,000","372,000,000","223,000,000","278,000,000","179,000,000","551,000,000","376,000,000","405,000,000","-156,000,000","537,000,000","569,000,000","469,000,000","225,400,000","498,400,000","382,600,000","368,500,000","487,100,000","685,600,000","647,900,000","373,600,000","377,600,000","507,900,000","5,273,800,000","4,464,800,000","-11,866,200,000","4,356,000,000","4,360,100,000","4,109,300,000","-11,265,600,000","4,212,600,000","4,285,200,000","3,937,300,000","-11,111,900,000","3,848,600,000","4,006,500,000","3,503,300,000","-9,610,500,000","3,412,200,000"
TaxRateForCalcs,"0.159","0.111","0.002","0.239","0.298","0.27","0.27","0.01","0.27","0.205","0.27","0.181","0.218","0.27","0.237","0.245","0.276","0.4","0.261","0.258","0.285","0.117","0.243","0.281","0.268","0.4","0.28","0.293","0.271","0.317","0.238","0.167","0.303","0.266","0.287","0.282","0.236","0.304","0.265","0.225","0.2","0.224","0.312","0.312","0.325","0.257","0.265","0.301","0.3","0.28","0.285","0.27","0.257","0.247","0.268","0.285","0.285","0.297","0.254","0.281","0.326","0.264","0.284","0.262","0.28","0.273","0.285","0.251","0.28","0.279","0.28","0.225","0.28","0.243","0.28","0.28","0.28","0.225","0.284","0.284","0.284","0.301","0.179","0.297","0.304","0.313","0.317","0.331","0.319","0.4","0.022","0.32","0.329","0.326","0.329","0.336","0.335","0.344","0.346","0.348","0.356","0.36","0.362","0.368","0.376","0.377","0.384","0.377","0.395","0.396","0.378","0.4","0.4","0.4","0.387","0.4","0.4","0.34","0.4","0.392","0.394","0.059","0.4","0.4","0.4","0.371","0.391","0.393","0.4","0.4","0.4",,,,,,,,,,,,,,,,
TaxEffectOfUnusualItems,"-103,191,000","-71,861,591.696","0","0","0","0","0","-31,830,000","-178,200,000","0","0","0","0","0","0","0","0","0","0","0","0","0","0","0","0","0","0","0","0","0","0","0","0","0","0","0","0","0","55,958,356.164","0","60,276,541.64","0","0","0","0","0","0","0","0","0","0","0","0","0","0","37,616,224.649","35,334,658.714","0","36,822,703.335","38,837,837.838","111,642,540.62","0","54,187,122.736","57,042,875.158","47,290,350.877","0","23,372,297.838","44,740,169.622","27,475,708.502","0","25,449,862.006","37,607,420.19","80,827,625.571","0","22,133,263.379","22,942,553.191","13,727,882.038","0","13,907,590.759","15,078,074.866","15,034,383.954","0","33,232,686.981","21,354,545.455","22,531,343.284","24,406,451.613","39,917,355.372","29,802,890.933","26,518,050.542","42,800,000","1,282,608.696","18,225,122.349","19,710,144.928","-8,483,568.075","-5,930,635.838","-5,036,900.369","29,148,337.596","26,150,537.634","14,895,424.837","17,729,613.734","17,103,448.276","44,321,229.05","11,216,080.402","15,100,000","16,562,737.643","14,690,000","18,055,718.475","24,891,428.571","10,260,089.686","791,443.85","44,628,205.128","73,200,000","37,200,000","0","0","24,800,000","0","0","0","0","0","0","0","0","0","0","0","0","28,320,000","38,000,000","17,480,000",,,,,,,,,,,,,,,,