name,ttm,12/31/2021,09/30/2021,06/30/2021,03/31/2021,12/31/2020,09/30/2020,06/30/2020,03/31/2020,12/31/2019,09/30/2019,06/30/2019,03/31/2019,12/31/2018,09/30/2018,06/30/2018,03/31/2018,12/31/2017,09/30/2017,06/30/2017,03/31/2017,12/31/2016,09/30/2016,06/30/2016,03/31/2016,12/31/2015,09/30/2015,06/30/2015,03/31/2015,12/31/2014,09/30/2014,06/30/2014,03/31/2014,12/31/2013,09/30/2013,06/30/2013,03/31/2013,12/31/2012,09/30/2012,06/30/2012,03/31/2012,12/31/2011,09/30/2011,06/30/2011,03/31/2011,12/31/2010,09/30/2010,06/30/2010,03/31/2010,12/31/2009,09/30/2009,06/30/2009,03/31/2009,12/31/2008,09/30/2008,06/30/2008,03/31/2008,12/31/2007,09/30/2007,06/30/2007,03/31/2007,12/31/2006,09/30/2006,06/30/2006,03/31/2006,12/31/2005,09/30/2005,06/30/2005,03/31/2005,12/31/2004,09/30/2004,06/30/2004,03/31/2004,12/31/2003,09/30/2003,06/30/2003,03/31/2003,12/31/2002,09/30/2002,06/30/2002,03/31/2002,12/31/2001,09/30/2001,06/30/2001,03/31/2001,12/31/2000,09/30/2000,06/30/2000,03/31/2000,12/31/1999,09/30/1999,06/30/1999,03/31/1999,12/31/1998,09/30/1998,06/30/1998,03/31/1998,12/31/1997,09/30/1997,06/30/1997,03/31/1997,12/31/1996,09/30/1996,06/30/1996,03/31/1996,12/31/1995,09/30/1995,06/30/1995,03/31/1995,12/31/1994,09/30/1994,06/30/1994,03/31/1994,12/31/1993,09/30/1993,06/30/1993,03/31/1993,12/31/1992,09/30/1992,06/30/1992,03/31/1992,12/31/1991,09/30/1991,06/30/1991,03/31/1991,12/31/1990,09/30/1990,06/30/1990,03/31/1990,12/31/1989,09/30/1989,06/30/1989,03/31/1989,12/31/1988,09/30/1988,06/30/1988,03/31/1988,12/31/1987,09/30/1987,06/30/1987,03/31/1987,12/31/1986,09/30/1986,06/30/1986,03/31/1986,12/31/1985,09/30/1985
TotalRevenue,"4,601,700,000","1,195,200,000","1,125,000,000","1,168,300,000","1,113,200,000","1,167,800,000","1,027,400,000","808,900,000","938,100,000","1,039,100,000","985,900,000","1,035,400,000","1,007,300,000","1,035,200,000","980,100,000","1,036,600,000","1,018,500,000","1,054,500,000","982,800,000","999,100,000","963,900,000","964,000,000","905,700,000","941,600,000","900,500,000","914,800,000","882,600,000","910,500,000","885,200,000","916,800,000","859,900,000","878,200,000","837,700,000","844,900,000","798,300,000","808,600,000","785,700,000","914,500,000","711,600,000","737,900,000","735,200,000","736,600,000","697,200,000","726,700,000","693,700,000","656,100,000","670,300,000","647,600,000","621,600,000","566,500,000","587,800,000","590,000,000","572,600,000","667,800,000","697,800,000","766,100,000","721,600,000","742,900,000","680,700,000","711,900,000","709,700,000","670,800,000","610,800,000","636,100,000","593,500,000","573,600,000","567,200,000","608,600,000","612,800,000","610,000,000","568,800,000","612,100,000","616,300,000","599,300,000","525,600,000","565,200,000","543,100,000","549,500,000","502,400,000","547,200,000","510,000,000","534,600,000","508,100,000","525,600,000","527,400,000","556,324,000","511,830,000","563,201,000","544,345,000","566,700,000","453,200,000","473,200,000","452,600,000","476,700,000","427,300,000","442,200,000","426,400,000","496,500,000","391,200,000","409,200,000","375,300,000","409,200,000","347,200,000","384,600,000","344,400,000","347,100,000","309,100,000","326,800,000","309,100,000","318,400,000","278,400,000","298,800,000","298,800,000","317,500,000","271,100,000","272,700,000","270,700,000","299,100,000","225,600,000","232,900,000","226,300,000","217,800,000","215,500,000","225,300,000","223,000,000","223,700,000","227,900,000","239,500,000","240,400,000","219,700,000","212,600,000","226,400,000","232,100,000","211,300,000","208,900,000","219,200,000","215,300,000","195,100,000","189,100,000","184,600,000","185,500,000","177,700,000","166,500,000","168,600,000","157,300,000","149,200,000","149,200,000"
	OperatingRevenue,"4,578,000,000","1,189,500,000","1,118,900,000","1,162,200,000","1,107,400,000","1,185,100,000","1,021,600,000","803,000,000","932,500,000","1,055,500,000","980,300,000","1,029,900,000","1,002,000,000","1,035,200,000","980,100,000","1,036,600,000","1,018,500,000","1,054,500,000","982,800,000","999,100,000","963,900,000","964,000,000","905,700,000","941,600,000","900,500,000","914,800,000","882,600,000","910,500,000","885,200,000","916,800,000","859,900,000","878,200,000","837,700,000","844,900,000","798,300,000","808,600,000","785,700,000","914,500,000","711,600,000","737,900,000","735,200,000","736,600,000","697,200,000","726,700,000","693,700,000","656,100,000","670,300,000","647,600,000","621,600,000","566,500,000","587,800,000","590,000,000","572,600,000","667,800,000","697,800,000","766,100,000","721,600,000","742,900,000","680,700,000","711,900,000","709,700,000","670,800,000","610,800,000","636,100,000","593,500,000","573,600,000","567,200,000","608,600,000","612,800,000","610,000,000","568,800,000","612,100,000","616,300,000","599,300,000","525,600,000","565,200,000","543,100,000","549,500,000","502,400,000","547,200,000","510,000,000","534,600,000","508,100,000","525,600,000","527,400,000","556,324,000","511,830,000","563,201,000","544,345,000","566,700,000","453,200,000","473,200,000","452,600,000","476,700,000","427,300,000","442,200,000","426,400,000","496,500,000","391,200,000","409,200,000","375,300,000","409,200,000","347,200,000","384,600,000","344,400,000","347,100,000","309,100,000","326,800,000","309,100,000","318,400,000","278,400,000","298,800,000","298,800,000","317,500,000","271,100,000","272,700,000","270,700,000","299,100,000","225,600,000","232,900,000","226,300,000","217,800,000","215,500,000","225,300,000","223,000,000","223,700,000","227,900,000","239,500,000","240,400,000","219,700,000","212,600,000","226,400,000","232,100,000","211,300,000","208,900,000","219,200,000","215,300,000","195,100,000","189,100,000","184,600,000","185,500,000","177,700,000","166,500,000","168,600,000","157,300,000","149,200,000","149,200,000"
CostOfRevenue,"2,218,900,000","594,600,000","533,700,000","556,300,000","534,300,000","583,100,000","492,300,000","410,100,000","459,600,000","526,400,000","476,800,000","501,000,000","473,600,000","521,700,000","466,900,000","491,700,000","490,000,000","534,800,000","478,200,000","481,500,000","463,400,000","468,500,000","436,000,000","460,800,000","438,200,000","457,500,000","432,200,000","450,100,000","434,800,000","463,300,000","428,300,000","443,000,000","424,600,000","433,400,000","402,400,000","404,800,000","398,300,000","455,800,000","371,200,000","388,000,000","387,500,000","400,800,000","367,900,000","384,500,000","363,100,000","342,600,000","364,100,000","343,800,000","334,000,000","303,400,000","332,600,000","336,000,000","313,900,000","367,800,000","385,600,000","419,600,000","395,700,000","409,500,000","379,800,000","389,500,000","397,800,000","381,400,000","347,600,000","352,100,000","333,200,000","316,200,000","306,900,000","323,800,000","341,800,000","327,100,000","311,500,000","335,400,000","345,800,000","347,900,000","303,800,000","319,100,000","297,700,000","299,500,000","274,600,000","295,800,000","274,300,000","291,000,000","285,700,000","286,300,000","283,700,000","356,092,000","263,835,000","280,548,000","278,425,000","315,400,000","221,900,000","235,600,000","221,200,000","269,000,000","264,000,000","227,200,000","204,200,000","242,300,000","182,500,000","192,100,000","173,100,000","196,000,000","163,100,000","181,600,000","161,900,000","161,800,000","142,600,000","151,600,000","141,900,000","153,700,000","130,600,000","134,800,000","136,800,000","140,300,000","122,700,000","117,600,000","123,400,000","126,500,000","104,600,000","107,500,000","106,300,000","102,000,000","100,500,000","108,100,000","107,500,000","102,500,000","107,400,000","114,700,000","113,400,000","104,800,000","104,600,000","109,600,000",,,,,,,,,,,,,,,
GrossProfit,"2,382,800,000","600,600,000","591,300,000","612,000,000","578,900,000","584,700,000","535,100,000","398,800,000","478,500,000","512,700,000","509,100,000","534,400,000","533,700,000","513,500,000","513,200,000","544,900,000","528,500,000","519,700,000","504,600,000","517,600,000","500,500,000","495,500,000","469,700,000","480,800,000","462,300,000","457,300,000","450,400,000","460,400,000","450,400,000","453,500,000","431,600,000","435,200,000","413,100,000","411,500,000","395,900,000","403,800,000","387,400,000","458,700,000","340,400,000","349,900,000","347,700,000","335,800,000","329,300,000","342,200,000","330,600,000","313,500,000","306,200,000","303,800,000","287,600,000","263,100,000","255,200,000","254,000,000","258,700,000","300,000,000","312,200,000","346,500,000","325,900,000","333,400,000","300,900,000","322,400,000","311,900,000","289,400,000","263,200,000","284,000,000","260,300,000","257,400,000","260,300,000","284,800,000","271,000,000","282,900,000","257,300,000","276,700,000","270,500,000","251,400,000","221,800,000","246,100,000","245,400,000","250,000,000","227,800,000","251,400,000","235,700,000","243,600,000","222,400,000","239,300,000","243,700,000","200,232,000","247,995,000","282,653,000","265,920,000","251,300,000","231,300,000","237,600,000","231,400,000","207,700,000","163,300,000","215,000,000","222,200,000","254,200,000","208,700,000","217,100,000","202,200,000","213,200,000","184,100,000","203,000,000","182,500,000","185,300,000","166,500,000","175,200,000","167,200,000","164,700,000","147,800,000","164,000,000","162,000,000","177,200,000","148,400,000","155,100,000","147,300,000","172,600,000","121,000,000","125,400,000","120,000,000","115,800,000","115,000,000","117,200,000","115,500,000","121,200,000","120,500,000","124,800,000","127,000,000","114,900,000","108,000,000","116,800,000",,,,,,,,,,,,,,,
OperatingExpense,"1,259,300,000","301,200,000","319,400,000","326,000,000","312,700,000","300,000,000","283,800,000","250,100,000","282,700,000","279,100,000","280,400,000","283,900,000","284,200,000","275,300,000","280,800,000","294,000,000","293,900,000","307,600,000","295,500,000","279,300,000","278,500,000","267,800,000","261,500,000","264,900,000","259,900,000","250,000,000","263,300,000","268,200,000","272,200,000","266,100,000","263,300,000","262,300,000","257,000,000","254,900,000","253,000,000","255,400,000","249,100,000","240,600,000","244,200,000","245,300,000","250,200,000","209,900,000","214,200,000","243,400,000","243,300,000","231,000,000","222,400,000","224,800,000","215,900,000","213,200,000","206,500,000","200,300,000","204,400,000","239,800,000","225,800,000","234,800,000","232,700,000","237,100,000","228,500,000","235,000,000","242,200,000","268,200,000","217,000,000","225,900,000","220,900,000","213,800,000","217,500,000","237,500,000","236,700,000","244,900,000","220,800,000","235,900,000","243,500,000","216,100,000","190,700,000","205,400,000","202,400,000","163,600,000","197,200,000","202,800,000","197,900,000","241,300,000","199,000,000","205,900,000","202,500,000","158,975,000","205,128,000","213,788,000","214,709,000","214,300,000","183,300,000","186,800,000","194,700,000","192,700,000","188,200,000","188,400,000","181,500,000","195,700,000","163,700,000","168,600,000","160,500,000","168,500,000","149,000,000","160,500,000","148,600,000","148,300,000","137,600,000","142,500,000","140,300,000","180,400,000","115,900,000","121,300,000","122,400,000","132,700,000","113,700,000","118,000,000","116,700,000","145,000,000","95,300,000","93,600,000","89,300,000","85,900,000","86,000,000","83,400,000","84,400,000","142,100,000","80,400,000","81,200,000","80,000,000","79,400,000","70,800,000","72,900,000",,,,,,,,,,,,,,,
	SellingGeneralAndAdministration,,,,,,,,,,,,,,,,,,,,,,,,,,,,,,,,,,,,,,,"244,200,000","245,300,000","250,200,000","232,000,000","235,000,000","243,400,000","243,300,000",,,"224,800,000","215,900,000",,,"200,300,000","204,400,000","211,400,000","230,600,000","245,600,000","245,500,000","245,100,000","234,100,000","240,100,000","245,900,000","268,200,000","217,000,000","225,900,000","222,900,000","213,800,000","217,500,000","237,500,000","236,700,000","244,900,000","220,800,000","235,900,000","243,500,000","228,200,000","200,700,000","216,600,000","212,900,000","201,300,000","197,200,000","202,800,000","197,900,000","241,300,000","199,000,000","205,900,000","202,500,000","210,427,000","189,585,000","195,354,000","197,234,000","196,500,000","170,500,000","174,500,000","182,200,000","180,500,000","176,400,000","178,100,000","170,800,000","185,400,000","154,300,000","159,100,000","151,300,000","161,700,000","141,400,000","151,700,000","139,700,000","141,900,000","129,200,000","134,500,000","132,400,000","174,200,000","108,900,000","113,400,000","113,900,000","124,700,000","106,100,000","109,800,000","108,300,000","135,200,000","88,900,000","86,000,000","83,600,000","80,300,000","79,300,000","76,600,000","77,700,000","136,600,000","74,700,000","74,500,000","73,500,000","73,200,000","65,800,000","67,500,000",,,,,,,,,,,,,,,
	DepreciationAmortizationDepletionIncomeStatement,,,,,,,,,,,,,,,,,,,,,,,,,,,,,,,,,,,,,,,,,,,,,,,,,,,,,,,,,,,,,,,,,,,,,,,,,,,,,,,,,,,,,,,"15,543,000","18,434,000","17,475,000","17,800,000","12,800,000","12,300,000","12,500,000","12,200,000","11,800,000","10,300,000","10,700,000","10,300,000","9,400,000","9,500,000","9,200,000","6,800,000","7,600,000","8,800,000","8,600,000","6,400,000","8,400,000","8,000,000","7,900,000","6,200,000","7,000,000","7,900,000","8,500,000","8,000,000","7,600,000","8,200,000","8,400,000","9,800,000","6,400,000","7,600,000","5,700,000","5,600,000","6,700,000","6,800,000","6,700,000","5,500,000","5,700,000","6,700,000","6,500,000","6,200,000","5,000,000","5,400,000",,,,,,,,,,,,,,,
		DepreciationAndAmortizationInIncomeStatement,,,,,,,,,,,,,,,,,,,,,,,,,,,,,,,,,,,,,,,,,,,,,,,,,,,,,,,,,,,,,,,,,,,,,,,,,,,,,,,,,,,,,,,"15,543,000","18,434,000","17,475,000","17,800,000","12,800,000","12,300,000","12,500,000","12,200,000","11,800,000","10,300,000","10,700,000","10,300,000","9,400,000","9,500,000","9,200,000","6,800,000","7,600,000","8,800,000","8,600,000","6,400,000","8,400,000","8,000,000","7,900,000","6,200,000","7,000,000","7,900,000","8,500,000","8,000,000","7,600,000","8,200,000","8,400,000","9,800,000","6,400,000","7,600,000","5,700,000","5,600,000","6,700,000","6,800,000","6,700,000","5,500,000","5,700,000","6,700,000","6,500,000","6,200,000","5,000,000","5,400,000",,,,,,,,,,,,,,,
	OtherTaxes,,,,,,,,,,,,,,,,,,,,,,,,,,,,,,,,,,,,,,,,,,,,,,,,,,,,,,,,,,,,,,,,,,,,,,,,,,,,,,,,,,,,,,,,,,,,,,,,,,,,,,,,,"300,000",,,,,,,,,,,,,,,,,,,,,,,,,,,,,,,,,,,,,,,,,,
	OtherOperatingExpenses,"1,259,300,000","301,200,000","319,400,000","326,000,000","312,700,000","300,000,000","283,800,000","250,100,000","282,700,000","279,100,000","280,400,000","283,900,000","284,200,000","275,300,000","280,800,000","294,000,000","293,900,000","307,600,000","295,500,000","279,300,000","278,500,000","267,800,000","261,500,000","264,900,000","259,900,000","250,000,000","263,300,000","268,200,000","272,200,000","266,100,000","263,300,000","262,300,000","257,000,000","254,900,000","253,000,000","255,400,000","249,100,000","240,600,000",,,,"-22,100,000","-20,800,000",,,,,"-13,900,000",,,,,,,"-4,800,000","-10,800,000","-12,800,000","-8,000,000","-5,600,000","-5,100,000","-3,700,000",,,,"-2,000,000",,,,,,,,,"-12,100,000","-10,000,000","-11,200,000","-10,500,000",,,,,,,,,,,,,,,,,,,,,,,,,,,,,,,,,,,,,,,,,,,,,,,,,,,,,,,,,,,,,,,,,,,,,,
OperatingIncome,"1,123,500,000","299,400,000","271,900,000","286,000,000","266,200,000","284,700,000","251,300,000","148,700,000","195,800,000","233,600,000","228,700,000","250,500,000","249,500,000","238,200,000","232,400,000","250,900,000","234,600,000","212,100,000","209,100,000","238,300,000","222,000,000","227,700,000","208,200,000","215,900,000","202,400,000","207,300,000","187,100,000","192,200,000","178,200,000","187,400,000","168,300,000","172,900,000","156,100,000","156,600,000","142,900,000","148,400,000","138,300,000","218,100,000","96,200,000","104,600,000","97,500,000","125,900,000","115,100,000","98,800,000","87,300,000","82,500,000","83,800,000","79,000,000","71,700,000","49,900,000","48,700,000","53,700,000","54,300,000","60,200,000","86,400,000","111,700,000","93,200,000","96,300,000","72,400,000","87,400,000","69,700,000","21,200,000","46,200,000","58,100,000","39,400,000","43,600,000","42,800,000","47,300,000","34,300,000","38,000,000","36,500,000","40,800,000","27,000,000","35,300,000","31,100,000","40,700,000","43,000,000","86,400,000","30,600,000","48,600,000","37,800,000","2,300,000","23,400,000","33,400,000","41,200,000","41,257,000","42,867,000","68,865,000","51,211,000","37,000,000","48,000,000","50,800,000","36,700,000","15,000,000","-24,900,000","26,600,000","40,700,000","58,500,000","45,000,000","48,500,000","41,700,000","44,700,000","35,100,000","42,500,000","33,900,000","37,000,000","28,900,000","32,700,000","26,900,000","-15,700,000","31,900,000","42,700,000","39,600,000","44,500,000","34,700,000","37,100,000","30,600,000","27,600,000","25,700,000","31,800,000","30,700,000","29,900,000","29,000,000","33,800,000","31,100,000","-20,900,000","40,100,000","43,600,000","47,000,000","35,500,000","37,200,000","43,900,000","232,100,000","-461,200,000","208,900,000","219,200,000","215,300,000","-434,100,000","189,100,000","184,600,000","185,500,000","-391,000,000","166,500,000","168,600,000","157,300,000","-350,000,000","149,200,000"
NetNonOperatingInterestIncomeExpense,"-51,000,000","-10,400,000","-12,800,000","-13,900,000","-13,900,000","-14,900,000","-13,300,000","-13,100,000","-11,000,000","-11,700,000","-11,600,000","-12,100,000","-12,100,000","-12,200,000","-12,300,000","-11,800,000","-13,500,000","-13,500,000","-13,100,000","-12,900,000","-12,600,000","-13,000,000","-12,900,000","-12,700,000","-13,000,000","-12,800,000","-12,900,000","-12,800,000","-12,900,000","-13,600,000","-12,600,000","-12,600,000","-13,600,000","-14,100,000","-14,300,000","-13,700,000","-13,500,000","-14,300,000","-13,600,000","-13,600,000","-13,700,000","-13,200,000","-14,800,000","-15,900,000","-15,900,000","-13,800,000","-13,000,000","-13,200,000","-14,000,000","-13,000,000","-12,800,000","-11,600,000","-8,600,000",,,,,,,,,,,,,,,,,,,,,,,,,,,,,,,,,,,,,,,,,,,,,,,,,,,,,,,,,,,,,,,,,,,,,,,,,,,,,,,,,,,,,,,,,,,,,,
	InterestIncomeNonOperating,"2,100,000","900,000","400,000","400,000","400,000","500,000","500,000","300,000","400,000","400,000","400,000","300,000","400,000","200,000","100,000","200,000","100,000","100,000","0","100,000","100,000","100,000","200,000","200,000","100,000","200,000","100,000","100,000","100,000","200,000","100,000","100,000","100,000","200,000","100,000","100,000","100,000","100,000","0","300,000","200,000","300,000","300,000","400,000","400,000","300,000","500,000",,,,,,,,,,,,,,,,,,,,,,,,,,,,,,,,,,,,,,,,,,,,,,,,,,,,,,,,,,,,,,,,,,,,,,,,,,,,,,,,,,,,,,,,,,,,,,,,,,,,
	InterestExpenseNonOperating,"53,100,000","11,300,000","13,200,000","14,300,000","14,300,000","15,400,000","13,800,000","13,400,000","11,400,000","12,100,000","12,000,000","12,400,000","12,500,000","12,400,000","12,400,000","12,000,000","13,600,000","13,600,000","13,100,000","13,000,000","12,700,000","13,100,000","13,100,000","12,900,000","13,100,000","13,000,000","13,000,000","12,900,000","13,000,000","13,800,000","12,700,000","12,700,000","13,700,000","14,300,000","14,400,000","13,800,000","13,600,000","14,400,000","13,600,000","13,900,000","13,900,000","13,500,000","15,100,000","16,300,000","16,300,000","14,100,000","13,500,000","13,200,000","14,000,000","14,700,000","12,800,000","11,600,000","8,600,000",,,,,,,,,,,,,,,,,,,,,,,,,,,,,,,,,,,,,,,,,,,,,,,,,,,,,,,,,,,,,,,,,,,,,,,,,,,,,,,,,,,,,,,,,,,,,,
OtherIncomeExpense,"14,400,000","4,200,000","3,300,000","3,000,000","3,900,000","1,900,000","2,300,000","1,700,000","1,100,000","2,000,000","2,400,000","1,800,000","1,100,000","2,800,000","-1,100,000","-800,000","2,700,000","-1,600,000","-2,100,000","-2,000,000","-1,800,000","-400,000","-1,000,000","1,000,000","-800,000","-700,000","-600,000","-800,000","-800,000","-400,000","-1,000,000","200,000","-200,000","-1,000,000","-900,000","-1,800,000","-700,000","-77,400,000","27,700,000","25,400,000","23,900,000","-1,300,000","-2,000,000","36,000,000","12,900,000","14,700,000","200,000","900,000","-1,400,000","18,800,000","200,000","17,700,000","9,700,000","32,000,000","1,800,000","7,600,000","1,000,000","13,800,000","6,800,000","5,900,000","3,700,000","77,200,000","1,300,000","-75,700,000","800,000","3,900,000","-500,000","-800,000","-900,000","4,700,000","-800,000","-900,000","-1,900,000","-34,200,000","7,600,000","10,800,000","6,800,000","-28,200,000","6,400,000","4,500,000","3,800,000","-97,100,000","-11,100,000","-8,100,000","1,900,000","-54,388,000","9,744,000","11,296,000","377,000","-3,000,000","6,000,000","-13,300,000","16,400,000","4,600,000","-149,900,000","14,300,000","16,300,000","12,900,000","15,500,000","17,800,000","16,500,000","16,700,000","16,800,000","15,700,000","15,900,000","16,000,000","17,100,000","17,400,000","17,600,000","69,200,000","1,500,000","-2,400,000","-2,400,000","8,300,000","-3,400,000","-2,600,000","-1,500,000","2,600,000","-1,200,000","-200,000","-1,300,000","4,000,000","1,400,000","-2,000,000","-3,400,000","55,900,000","-400,000","-900,000","2,100,000","3,000,000","-100,000","-900,000",,,,,,,,,,,,,,,
	GainOnSaleOfSecurity,"-2,200,000","-700,000","-500,000","-800,000","-200,000","-900,000","-400,000","-700,000","-1,900,000","-900,000","-200,000","-1,000,000","-1,500,000","300,000","-1,800,000","-300,000","-2,100,000","-1,300,000","-2,000,000","-2,000,000","-1,700,000","-400,000","-1,000,000","1,000,000","-900,000","-600,000","-600,000","-700,000","-800,000","-400,000","-1,000,000","100,000","-200,000","-1,000,000","-900,000","-1,800,000","-700,000","200,000","-200,000","-100,000",,"-1,500,000","-2,000,000","500,000","400,000",,,,,,,,,,,,,,,,,,,,,,,,,,,,,,,,,,,,,,,,,,,,,,,,,,,,,,,,,,,,,,,,,,,,,,,,,,,,,,,,,,,,,,,,,,,,,,,,,,,,,,
	EarningsFromEquityInterest,,,,,,,,,,,,,,,,,,,,,,,,,,,,,,,,,,,,,,,,,,,,,,,,,,,,,,,"800,000","-2,800,000",,"0","600,000","600,000","1,200,000",,,,,,,,,,,,,,,,,,,,,,,,,,,,,,,,,,,,,,,,,,,,,,,,,,,,,,,,,,,,,,,,,,,,,,,,,,,,,,,,,,,,,,
	SpecialIncomeCharges,,,,,,,,,,"0","0","0","0","0","0","0","5,500,000",,,,,,,,,,,,,,,,,,,,,"-77,300,000","27,900,000","25,500,000","23,900,000","200,000","0","35,500,000","12,500,000","15,400,000","200,000","900,000","-1,400,000","18,800,000","200,000","17,700,000","9,700,000","30,200,000","1,000,000","10,400,000","1,000,000","13,800,000","6,200,000","5,300,000","2,500,000","77,200,000","1,300,000","-75,700,000","800,000","3,900,000","-500,000","-800,000","-900,000","4,700,000","-800,000","-900,000","-1,900,000","-34,200,000","7,600,000","10,800,000","6,800,000","-28,200,000","6,400,000","4,500,000","3,800,000","-97,100,000","-11,100,000","-8,100,000","1,900,000","-54,388,000","9,744,000","11,296,000","377,000","-3,000,000","6,000,000","-13,300,000","16,400,000","4,600,000","-149,900,000","14,300,000","16,300,000","12,900,000","15,500,000","17,800,000","16,500,000","16,700,000","16,800,000","15,700,000","15,900,000","16,000,000","17,100,000","17,400,000","17,600,000","69,200,000","1,500,000","-2,400,000","-2,400,000","8,300,000","-3,400,000","-2,600,000","-1,500,000","2,600,000","-1,200,000","-200,000","-1,300,000","4,000,000","1,400,000","-2,000,000","-3,400,000","55,900,000","-400,000","-900,000","2,100,000","3,000,000","-100,000","-900,000",,,,,,,,,,,,,,,
		RestructuringAndMergernAcquisition,,,,,,,,,,,,,,,,,,,,,,,,,,,,,,,,,,,,,,,,,,,,,,,,,,,,,,,,,,,,,,,,,,,,,,,,,,,,,,"-1,300,000","1,600,000","1,400,000","3,400,000",,"18,000,000","14,400,000",,,,,,,,,,,,,,,,,,,,,,,,,,,,,,,,,,,,,,,,,,,,,,,,,,,,,,,,,,,,,,,
		OtherSpecialCharges,,,,,,,,,,,,,,"0",,,"-5,500,000",,,,,,,,,,,,,,,,,,,,,,"-27,900,000","-25,500,000",,,,"-35,500,000",,,,,,,,,,,,,,,,,,,,,,,,,,,,,,,,,,"29,500,000","-8,000,000","-5,900,000","-7,200,000",,"-6,900,000","-6,300,000",,,,,,,,,,,,,,,,,,,,,,,,,,,,,,,,,,,,,,,,,,,,,,,,,,,,,,,,,,,,,,,
	OtherNonOperatingIncomeExpenses,"16,600,000","4,900,000","3,800,000","3,800,000","4,100,000","2,800,000","2,700,000","2,400,000","3,000,000","2,900,000","2,600,000","2,800,000","2,600,000","2,500,000","700,000","-500,000","-700,000","-300,000","-100,000","-1,900,000","-100,000","0",,,"100,000","-100,000",,"-100,000",,"0",,"100,000",,"-800,000",,"-1,700,000",,"100,000",,,,,,,,,,,,,,,,,,,,,,,,,,,,,,,,,,,,,,,,,,,,,,,,,,,,,,,,,,,,,,,,,,,,,,,,,,,,,,,,,,,,,,,,,,,,,,,,,,,,,,,,,,,,,
PretaxIncome,"1,086,900,000","293,200,000","262,400,000","275,100,000","256,200,000","271,700,000","240,300,000","137,300,000","185,900,000","223,900,000","219,500,000","240,200,000","238,500,000","228,800,000","219,000,000","238,300,000","223,800,000","197,000,000","193,900,000","223,400,000","207,600,000","214,300,000","194,300,000","204,200,000","188,600,000","193,800,000","173,600,000","178,600,000","164,500,000","173,400,000","154,700,000","160,500,000","142,300,000","141,500,000","127,700,000","132,900,000","124,100,000","126,400,000","110,300,000","116,400,000","107,100,000","111,400,000","98,300,000","118,900,000","84,300,000","83,400,000","71,000,000","66,700,000","56,300,000","54,000,000","36,100,000","59,800,000","55,400,000","88,300,000","80,600,000","69,700,000","84,700,000","85,700,000","62,700,000","78,200,000","58,600,000","53,400,000","43,000,000","15,700,000","33,800,000","42,900,000","36,700,000","40,900,000","27,500,000","37,100,000","29,600,000","34,200,000","19,500,000","26,600,000","22,900,000","34,300,000","32,900,000","51,700,000","30,100,000","45,600,000","33,800,000","-18,000,000","3,200,000","16,100,000","46,300,000","27,411,000","42,314,000","69,588,000","53,287,000","42,400,000","66,200,000","39,100,000","50,200,000","20,400,000","-98,000,000","35,400,000","53,000,000","66,800,000","56,400,000","61,900,000","53,800,000","58,000,000","48,900,000","54,800,000","47,100,000","48,900,000","41,800,000","47,200,000","42,000,000","42,800,000","33,400,000","40,300,000","37,200,000","41,600,000","31,300,000","34,500,000","29,100,000","24,200,000","24,500,000","31,600,000","29,400,000","28,600,000","30,400,000","31,800,000","27,700,000","28,400,000","39,600,000","42,800,000","49,100,000","35,400,000","37,100,000","43,000,000",,,,,,,,,,,,,,,
TaxProvision,"247,000,000","64,100,000","60,900,000","62,900,000","59,100,000","58,200,000","55,100,000","31,900,000","43,900,000","48,900,000","50,400,000","55,600,000","56,900,000","49,500,000","51,500,000","55,800,000","57,600,000","63,800,000","57,200,000","67,300,000","62,600,000","64,900,000","59,600,000","62,200,000","57,600,000","59,300,000","53,900,000","56,200,000","51,800,000","54,900,000","48,400,000","51,900,000","44,300,000","44,600,000","40,800,000","42,500,000","38,800,000","39,800,000","34,900,000","38,300,000","35,200,000","36,200,000","30,500,000","39,800,000","27,200,000","24,500,000","23,800,000","20,300,000","19,000,000","16,500,000","10,300,000","17,600,000","18,300,000","28,200,000","26,800,000","34,500,000","28,300,000","25,900,000","21,600,000","25,400,000","19,600,000","15,400,000","14,800,000","3,900,000","11,700,000","15,500,000","15,700,000","14,300,000","9,600,000","13,100,000","6,800,000","12,000,000","6,800,000","9,300,000","5,200,000","12,000,000","11,500,000","18,600,000","10,900,000","16,400,000","12,100,000","-600,000","2,600,000","7,200,000","16,900,000","9,213,000","15,445,000","25,399,000","19,443,000","15,000,000","23,600,000","14,100,000","18,000,000","7,800,000","-24,000,000","12,700,000","19,100,000","24,700,000","20,900,000","22,900,000","19,900,000","21,400,000","18,100,000","20,300,000","17,400,000","18,100,000","15,500,000","17,500,000","15,500,000","16,100,000","10,700,000","14,200,000","14,400,000","17,200,000","10,800,000","12,100,000","10,600,000","11,400,000","9,300,000","12,000,000","10,900,000","11,700,000","11,300,000","12,000,000","10,300,000","11,100,000","14,400,000","15,600,000","18,000,000","12,700,000","13,700,000","15,700,000",,,,,,,,,,,,,,,
EarningsFromEquityInterestNetOfTax,"1,500,000","0","0","1,000,000","500,000","300,000","-500,000","500,000","0","0","100,000","300,000","500,000","0","-100,000","200,000","600,000","0","400,000","700,000","100,000","300,000","500,000","1,400,000","300,000","0","200,000","600,000","500,000","200,000","100,000","200,000","200,000","0","100,000","300,000","-200,000","100,000","1,000,000","400,000","1,100,000","900,000","2,000,000","800,000","900,000","900,000","1,100,000","500,000","700,000","600,000","600,000","-200,000","100,000",,,,,,,,,,,,,,,,,,,,,,,,,,,,,,,,,,,,,,,,,,,,,,,,,,,,,,,,,,,,,,,,,,,,,,,,,,,,,,,,,,,,,,,,,,,,,,
NetIncomeCommonStockholders,"820,500,000","223,700,000","196,200,000","208,000,000","192,600,000","208,900,000","179,700,000","101,200,000","137,200,000","170,600,000","164,600,000","180,400,000","177,900,000","175,000,000","163,200,000","178,700,000","163,000,000","129,500,000","133,400,000","153,200,000","141,600,000","146,300,000","131,700,000","140,100,000","128,300,000","131,400,000","116,800,000","120,000,000","110,500,000","116,200,000","103,700,000","106,100,000","95,900,000","94,500,000","84,600,000","88,400,000","82,800,000","84,600,000","74,100,000","76,400,000","71,000,000","74,300,000","67,800,000","78,000,000","56,200,000","57,900,000","46,500,000","45,300,000","36,800,000","36,600,000","25,400,000","37,400,000","34,800,000","58,600,000","54,600,000","66,900,000","56,600,000","57,300,000","41,100,000","43,800,000","39,000,000","38,000,000","28,200,000","11,800,000","22,100,000","27,400,000","21,000,000","26,600,000","17,900,000","24,000,000","22,800,000","22,200,000","12,700,000","17,300,000","17,700,000","22,300,000","21,400,000","33,100,000","19,200,000","29,200,000","24,500,000","-17,400,000","600,000","8,900,000","26,900,000","43,598,000","26,869,000","44,189,000","33,844,000","27,400,000","42,600,000","25,000,000","32,200,000","12,600,000","-74,000,000","22,700,000","33,900,000","42,100,000","35,500,000","39,000,000","33,900,000","36,600,000","30,800,000","34,500,000","29,700,000","30,800,000","26,300,000","29,700,000","26,500,000","26,700,000","22,700,000","26,100,000","22,800,000","24,400,000","20,500,000","22,400,000","18,500,000","12,800,000","15,200,000","19,600,000","18,500,000","16,900,000","19,100,000","19,800,000","17,400,000","17,300,000","25,200,000","27,200,000","31,100,000","22,700,000","23,400,000","27,300,000",,,,,,,,,,,,,,,
	NetIncome,"820,500,000","223,700,000","196,200,000","208,000,000","192,600,000","208,900,000","179,700,000","101,200,000","137,200,000","170,600,000","164,600,000","180,400,000","177,900,000","175,000,000","163,200,000","178,700,000","163,000,000","129,500,000","133,400,000","153,200,000","141,600,000","146,300,000","131,700,000","140,100,000","128,300,000","131,400,000","116,800,000","120,000,000","110,500,000","116,200,000","103,700,000","106,100,000","95,900,000","94,500,000","84,600,000","88,400,000","82,800,000","84,600,000","74,100,000","76,400,000","71,000,000","74,300,000","67,800,000","78,000,000","56,200,000","57,900,000","46,500,000","45,300,000","36,800,000","36,600,000","25,400,000","37,400,000","34,800,000","58,600,000","54,600,000","66,900,000","56,600,000","57,300,000","41,100,000","43,800,000","39,000,000","38,000,000","28,200,000","11,800,000","22,100,000","27,400,000","21,000,000","26,600,000","17,900,000","24,000,000","22,800,000","22,200,000","12,700,000","17,300,000","17,700,000","22,300,000","21,400,000","33,100,000","19,200,000","29,200,000","24,500,000","-17,400,000","600,000","8,900,000","26,900,000","43,598,000","26,869,000","44,189,000","33,844,000","27,400,000","42,600,000","25,000,000","32,200,000","12,600,000","-74,000,000","22,700,000","33,900,000","42,100,000","35,500,000","39,000,000","33,900,000","36,600,000","30,800,000","34,500,000","29,700,000","30,800,000","26,300,000","29,700,000","26,500,000","26,700,000","22,700,000","26,100,000","22,800,000","24,400,000","20,500,000","22,400,000","18,500,000","12,800,000","15,200,000","19,600,000","18,500,000","16,900,000","19,100,000","19,800,000","17,400,000","17,300,000","25,200,000","27,200,000","31,100,000","22,700,000","23,400,000","27,300,000",,,,,,,,,,,,,,,
		NetIncomeIncludingNoncontrollingInterests,"841,400,000","229,100,000","201,500,000","213,200,000","197,600,000","213,800,000","184,700,000","105,900,000","142,000,000","175,000,000","169,200,000","184,900,000","182,100,000","179,300,000","167,400,000","182,700,000","166,800,000","133,200,000","137,100,000","156,800,000","145,100,000","149,700,000","135,200,000","143,400,000","131,300,000","134,500,000","119,900,000","123,000,000","113,200,000","118,700,000","106,400,000","108,800,000","98,200,000","96,900,000","87,000,000","90,700,000","85,100,000","86,700,000","76,400,000","78,500,000","73,000,000","76,100,000","69,800,000","79,900,000","58,000,000","59,800,000","48,300,000","46,900,000","38,000,000","38,100,000","26,400,000","42,000,000","37,200,000","58,600,000","54,600,000","66,900,000","56,400,000","58,500,000","42,400,000","45,000,000","40,100,000","38,000,000","28,200,000","11,800,000","22,100,000","27,400,000","21,000,000","26,600,000","17,900,000","24,000,000","22,800,000","22,200,000","12,700,000","17,300,000","17,700,000","22,300,000","21,400,000","33,100,000","19,200,000","29,200,000","24,500,000","-17,400,000","600,000","8,900,000","26,900,000","43,598,000","26,869,000","44,189,000","33,844,000","27,400,000","42,600,000","25,000,000","32,200,000","12,600,000","-74,000,000","22,700,000","33,900,000","42,100,000","35,500,000","39,000,000","33,900,000","36,600,000","30,800,000","34,500,000","29,700,000","30,800,000","26,300,000","29,700,000","26,500,000","26,700,000","22,700,000","26,100,000","22,800,000","24,400,000","20,500,000","22,400,000","18,500,000","12,800,000","15,200,000","19,600,000","18,500,000","16,900,000","19,100,000","19,800,000","17,400,000","17,300,000","25,200,000","27,200,000","31,100,000","22,700,000","23,400,000","27,300,000","31,400,000","27,100,000","27,200,000","29,100,000","29,800,000","23,900,000","22,200,000","20,900,000","21,500,000","15,900,000","15,400,000","17,600,000","16,700,000","14,800,000","14,900,000"
			NetIncomeContinuousOperations,"841,400,000","229,100,000","201,500,000","213,200,000","197,600,000","213,800,000","184,700,000","105,900,000","142,000,000","175,000,000","169,200,000","184,900,000","182,100,000","179,300,000","167,400,000","182,700,000","166,800,000","133,200,000","137,100,000","156,800,000","145,100,000","149,700,000","135,200,000","143,400,000","131,300,000","134,500,000","119,900,000","123,000,000","113,200,000","118,700,000","106,400,000","108,800,000","98,200,000","96,900,000","87,000,000","90,700,000","85,100,000","86,700,000","76,400,000","78,500,000","73,000,000","76,100,000","69,800,000","79,900,000","58,000,000","59,800,000","48,300,000","46,900,000","38,000,000","38,100,000","26,400,000","42,000,000","37,200,000","58,600,000","54,600,000","66,900,000","56,600,000","57,300,000","41,100,000","52,800,000","39,000,000","38,000,000","28,200,000","11,800,000","22,100,000","27,400,000","21,000,000","26,600,000","17,900,000","24,000,000","22,800,000","22,200,000","12,700,000","17,300,000","17,700,000","22,300,000","21,400,000","33,100,000","19,200,000","29,200,000","21,700,000","-17,400,000","600,000","8,900,000","29,400,000","18,198,000","26,869,000","44,189,000","33,844,000","27,400,000","42,600,000","25,000,000","32,200,000","12,600,000","-74,000,000","22,700,000","33,900,000","42,100,000","35,500,000","39,000,000","33,900,000","36,600,000","30,800,000","34,500,000","29,700,000","30,800,000","26,300,000","29,700,000","26,500,000","26,700,000","22,700,000","26,100,000","22,800,000","24,400,000","20,500,000","22,400,000","18,500,000","12,800,000","15,200,000","19,600,000","18,500,000","16,900,000","19,100,000","19,800,000","17,400,000","17,300,000","25,200,000","27,200,000","31,100,000","22,700,000","23,400,000","27,300,000","31,400,000","27,100,000","27,200,000","29,100,000","29,800,000","23,900,000","22,200,000","20,900,000","21,500,000","15,900,000","15,400,000","17,600,000","16,700,000","14,800,000","14,900,000"
			NetIncomeDiscontinuousOperations,,,,,,,,,,,,,,,,,,,,,,,,,,,,,,,,,,,,,,,,,,,,,,,,,,,,,,,,,,"0",,"-9,000,000",,,,,,,,,,,,,,,,,,,,,,,,,,,,,,,,,,,,,,,,,,,,,,,,,,,,,,,,,,,,,,,,,,,,,,,,,,,,,,,,,,,,,,,
			NetIncomeExtraordinary,,,,,,,,,,,,,,,,,,,,,,,,,,,,,,,,,,,,,,,,,,,,,,,,,,,,,,,,,,,,,,,,,,,,,,,,,,,,,,"0",,,"2,800,000","0",,,"-2,500,000",,,,,,,,,,,,,,,,,,,,,,,,,,,,,,,,,,,,,,,,,,,,,,,,,,,,,,,,,,,,,,
		MinorityInterests,"-20,900,000","-5,400,000","-5,300,000","-5,200,000","-5,000,000","-4,900,000","-5,000,000","-4,700,000","-4,800,000","-4,400,000","-4,600,000","-4,500,000","-4,200,000","-4,300,000","-4,200,000","-4,000,000","-3,800,000","-3,700,000","-3,700,000","-3,600,000","-3,500,000","-3,400,000","-3,500,000","-3,300,000","-3,000,000","-3,100,000","-3,100,000","-3,000,000","-2,700,000","-2,500,000","-2,700,000","-2,700,000","-2,300,000","-2,400,000","-2,400,000","-2,300,000","-2,300,000","-2,100,000","-2,300,000","-2,100,000","-2,000,000","-1,800,000","-2,000,000","-1,900,000","-1,800,000","-1,900,000","-1,800,000","-1,600,000","-1,200,000","-1,500,000","-1,000,000","-4,600,000","-2,400,000",,,,"200,000","-1,200,000","-1,300,000","-1,200,000","-1,100,000",,,,,,,,,,,,,,,,,,,,,,,,,,,,,,,,,,,,,,,,,,,,,,,,,,,,,,,,,,,,,,,,,,,,,,,,,,,,,,,,,,,,,,
DilutedNIAvailtoComStockholders,"820,500,000","223,700,000","196,200,000","208,000,000","192,600,000","208,900,000","179,700,000","101,200,000","137,200,000","170,600,000","164,600,000","180,400,000","177,900,000","175,000,000","163,200,000","178,700,000","163,000,000","129,500,000","133,400,000","153,200,000","141,600,000","146,300,000","131,700,000","140,100,000","128,300,000","131,400,000","116,800,000","120,000,000","110,500,000","116,200,000","103,700,000","106,100,000","95,900,000","94,500,000","84,600,000","88,400,000","82,800,000","84,600,000","74,100,000","76,400,000","71,000,000","74,300,000","67,800,000","78,000,000","56,200,000","57,900,000","46,500,000","45,300,000","36,800,000","36,600,000","25,400,000","37,400,000","34,800,000","58,600,000","54,600,000","66,900,000","56,600,000","57,300,000","41,100,000","43,800,000","39,000,000","38,000,000","28,200,000","11,800,000","22,100,000","27,400,000","21,000,000","26,600,000","17,900,000","24,000,000","22,800,000","22,200,000","12,700,000","17,300,000","17,700,000","22,300,000","21,400,000","33,100,000","19,200,000","29,200,000","24,500,000","-17,400,000","600,000","8,900,000","26,900,000","43,598,000","26,869,000","44,189,000","33,844,000","27,400,000","42,600,000","25,000,000","32,200,000","12,600,000","-74,000,000","22,700,000","33,900,000","42,100,000","35,500,000","39,000,000","33,900,000","36,600,000","30,800,000","34,500,000","29,700,000","30,800,000","26,300,000","29,700,000","26,500,000","26,700,000","22,700,000","26,100,000","22,800,000","24,400,000","20,500,000","22,400,000","18,500,000","12,800,000","15,200,000","19,600,000","18,500,000","16,900,000","19,100,000","19,800,000","17,400,000","17,300,000","25,200,000","27,200,000","31,100,000","22,700,000","23,400,000","27,300,000",,,,,,,,,,,,,,,
BasicEPS,,"4.18","3.65","3.85","3.55","3.85","3.31","1.86","2.52","3.12","2.99","3.27","3.21","3.14","2.9","3.17","2.87","2.28","2.33","2.65","2.45","2.52","2.27","2.41","2.21","2.26","2.01","2.07","1.9","2","1.78","1.83","1.65","1.63","1.45","1.52","1.42","1.45","1.27","1.31","1.22",,"1.16","1.34","0.97",,"0.8","0.78","0.64",,"0.44","0.65","0.61",,"0.95","1.16","0.98",,"0.71","0.75","0.67",,"0.48","0.2","0.38",,"0.36","0.46","0.31",,"0.39","0.38","0.22",,"0.3","0.38","0.37",,"0.33","0.5","0.42",,"0.01","0.15","0.46",,"0.46","0.75","0.58",,"0.73","0.43","0.55",,"-1.24","0.38","0.57",,"0.58","0.64","0.56",,"0.51","0.56","0.49",,"0.43","0.49","0.41",,"0.35","0.41","0.36",,"0.32","0.35","0.29",,"0.24","0.31","0.29",,"0.3","0.32","0.28",,"0.41","0.44","0.51",,"0.38","0.44","0.51",,"0.43","0.47","0.47",,"0.35","0.34","0.35",,"0.25","0.29","0.27",,"0.25"
DilutedEPS,,"4.1","3.57","3.76","3.5","3.82","3.28","1.85","2.49","3.08","2.96","3.22","3.16","3.09","2.85","3.12","2.82","2.24","2.29","2.6","2.39","2.47","2.22","2.36","2.16","2.22","1.98","2.03","1.87","1.97","1.76","1.8","1.62","1.6","1.43","1.5","1.4","1.43","1.26","1.3","1.21",,"1.16","1.33","0.96",,"0.8","0.78","0.63",,"0.44","0.65","0.6",,"0.94","1.15","0.97",,"0.7","0.74","0.66",,"0.48","0.2","0.37",,"0.36","0.46","0.31",,"0.39","0.379","0.22",,"0.3","0.38","0.37",,"0.327","0.497","0.42",,"0.01","0.15","0.46",,"0.46","0.75","0.58",,"0.72","0.42","0.55",,"-1.24","0.38","0.56",,"0.58","0.63","0.55",,"0.5","0.56","0.48",,"0.43","0.49","0.41",,"0.35","0.41","0.36",,"0.32","0.35","0.29",,"0.24","0.31","0.29",,"0.3","0.32","0.28",,"0.41","0.44","0.51",,"0.38","0.44","0.51",,"0.43","0.47","0.47",,"0.35","0.34","0.35",,"0.25","0.29","0.27",,"0.25"
BasicAverageShares,,"53,500,000","53,800,000","54,000,000","54,200,000","54,200,000","54,300,000","54,400,000","54,500,000","54,700,000","54,969,340","55,200,000","55,500,000","55,800,000","56,300,000","56,400,000","56,700,000","56,700,000","57,200,000","57,800,000","57,900,000","58,000,000","58,000,000","58,100,000","58,100,000","58,100,000","58,100,000","58,100,000","58,100,000","58,100,000","58,100,000","58,100,000","58,200,000","58,100,000","58,200,000","58,200,000","58,300,000","58,200,000","58,300,000","58,200,000","58,200,000",,"58,200,000","58,200,000","58,200,000",,"58,100,000","58,000,000","57,800,000",,"57,700,000","57,700,000","57,500,000",,"57,500,000","57,600,000","57,500,000",,"57,700,000","58,100,000","58,200,000",,"58,200,000","58,200,000","58,200,000",,"57,900,000","57,700,000","57,800,000",,"57,700,000","57,900,000","58,200,000",,"58,300,000","58,200,000","58,200,000",,"58,400,000","58,200,000","58,000,000",,"58,000,000","57,900,000","57,800,000",,"58,488,000","58,640,000","58,557,000",,"58,356,164","58,139,535","58,545,455",,"59,677,419","59,736,842","59,473,684",,"61,206,897","60,937,500","60,535,714",,"60,392,157","61,607,143","60,612,245",,"61,162,791","60,612,245","64,634,146",,"64,857,143","63,658,537","63,333,333",,"64,062,500","64,000,000","63,793,103",,"63,333,333","63,225,806","63,793,103",,"63,666,667","61,875,000","62,142,857",,"61,463,415","61,818,182","60,980,392",,"61,578,947","62,045,455","61,906,000",,"62,666,000","62,513,000","62,513,000",,"62,174,000","61,853,000","61,853,000",,"61,798,000","61,388,000","61,361,000",,"61,352,000"
DilutedAverageShares,,"54,500,000","54,900,000","55,300,000","55,100,000","54,700,000","54,800,000","54,800,000","55,000,000","55,400,000","55,656,942","56,000,000","56,300,000","56,600,000","57,300,000","57,300,000","57,800,000","57,900,000","58,300,000","59,000,000","59,300,000","59,300,000","59,300,000","59,400,000","59,500,000","59,200,000","59,100,000","59,100,000","59,100,000","59,100,000","59,000,000","59,000,000","59,100,000","59,100,000","59,000,000","59,000,000","59,200,000","59,000,000","58,900,000","58,800,000","58,800,000",,"58,700,000","58,800,000","58,700,000",,"58,400,000","58,300,000","58,300,000",,"57,800,000","57,900,000","57,800,000",,"58,200,000","58,100,000","58,200,000",,"58,400,000","58,800,000","59,000,000",,"58,800,000","58,900,000","59,100,000",,"58,600,000","58,300,000","58,300,000",,"58,200,000","58,500,000","58,700,000",,"58,400,000","58,400,000","58,300,000",,"58,700,000","58,700,000","58,700,000",,"58,200,000","58,200,000","58,200,000",,"58,678,000","58,823,000","58,733,000",,"59,166,667","59,523,810","58,545,455",,"59,677,419","59,736,842","60,535,714",,"61,206,897","61,904,762","61,636,364",,"61,600,000","61,607,143","61,875,000",,"61,162,791","60,612,245","64,634,146",,"64,857,143","63,658,537","63,333,333",,"64,062,500","64,000,000","63,793,103",,"63,333,333","63,225,806","63,793,103",,"63,666,667","61,875,000","62,142,857",,"61,463,415","61,818,182","60,980,392",,"61,578,947","62,045,455","61,906,000",,"62,666,000","62,513,000","62,513,000",,"62,174,000","61,853,000","61,853,000",,"61,798,000","61,388,000","61,361,000",,"61,352,000"
TotalOperatingIncomeAsReported,"1,123,500,000","299,400,000","271,900,000","286,000,000","266,200,000","284,700,000","251,300,000","148,700,000","195,800,000","233,600,000","228,700,000","250,500,000","249,500,000","238,200,000","232,400,000","250,900,000","234,600,000","212,100,000","209,100,000","238,300,000","222,000,000","227,700,000","208,200,000","215,900,000","202,400,000","207,300,000","187,100,000","192,200,000","178,200,000","187,400,000","168,300,000","172,900,000","156,100,000","156,600,000","142,900,000","148,400,000","138,300,000","140,700,000","124,100,000","130,200,000","121,400,000","125,900,000","115,100,000","134,300,000","99,800,000","96,900,000","83,800,000","80,700,000","70,000,000","67,400,000","48,700,000","70,300,000","64,300,000","97,500,000","86,400,000","111,700,000","93,200,000","96,300,000","72,400,000","87,400,000","69,700,000","59,200,000","46,200,000","20,100,000","39,400,000","43,600,000","42,800,000","47,300,000","34,300,000","38,000,000","36,500,000","40,800,000","27,000,000","35,300,000","31,100,000","40,700,000","43,000,000","87,700,000","29,000,000","47,200,000","34,400,000","-14,700,000","5,400,000","19,000,000","41,200,000","29,310,000","42,867,000","68,865,000","50,858,000","30,700,000","42,700,000","43,800,000","34,800,000","8,300,000","-107,500,000","26,600,000","40,700,000","58,500,000","45,000,000","48,500,000","41,700,000","44,700,000","35,100,000","42,500,000","33,900,000","37,000,000","28,900,000","32,700,000","26,900,000","-15,700,000","31,900,000","42,700,000","39,600,000","44,500,000","34,700,000","37,100,000","30,600,000","27,600,000","25,700,000","31,800,000","30,700,000","29,900,000","29,000,000","33,800,000","31,100,000","-20,900,000","40,100,000","43,600,000","47,000,000","35,500,000","37,200,000","43,900,000",,,,,,,,,,,,,,,
TotalExpenses,"3,478,200,000","895,800,000","853,100,000","882,300,000","847,000,000","883,100,000","776,100,000","660,200,000","742,300,000","805,500,000","757,200,000","784,900,000","757,800,000","797,000,000","747,700,000","785,700,000","783,900,000","842,400,000","773,700,000","760,800,000","741,900,000","736,300,000","697,500,000","725,700,000","698,100,000","707,500,000","695,500,000","718,300,000","707,000,000","729,400,000","691,600,000","705,300,000","681,600,000","688,300,000","655,400,000","660,200,000","647,400,000","696,400,000","615,400,000","633,300,000","637,700,000","610,700,000","582,100,000","627,900,000","606,400,000","573,600,000","586,500,000","568,600,000","549,900,000","516,600,000","539,100,000","536,300,000","518,300,000","607,600,000","611,400,000","654,400,000","628,400,000","646,600,000","608,300,000","624,500,000","640,000,000","649,600,000","564,600,000","578,000,000","554,100,000","530,000,000","524,400,000","561,300,000","578,500,000","572,000,000","532,300,000","571,300,000","589,300,000","564,000,000","494,500,000","524,500,000","500,100,000","463,100,000","471,800,000","498,600,000","472,200,000","532,300,000","484,700,000","492,200,000","486,200,000","515,067,000","468,963,000","494,336,000","493,134,000","529,700,000","405,200,000","422,400,000","415,900,000","461,700,000","452,200,000","415,600,000","385,700,000","438,000,000","346,200,000","360,700,000","333,600,000","364,500,000","312,100,000","342,100,000","310,500,000","310,100,000","280,200,000","294,100,000","282,200,000","334,100,000","246,500,000","256,100,000","259,200,000","273,000,000","236,400,000","235,600,000","240,100,000","271,500,000","199,900,000","201,100,000","195,600,000","187,900,000","186,500,000","191,500,000","191,900,000","244,600,000","187,800,000","195,900,000","193,400,000","184,200,000","175,400,000","182,500,000",,,,,,,,,,,,,,,
NetIncomeFromContinuingAndDiscontinuedOperation,"820,500,000","223,700,000","196,200,000","208,000,000","192,600,000","208,900,000","179,700,000","101,200,000","137,200,000","170,600,000","164,600,000","180,400,000","177,900,000","175,000,000","163,200,000","178,700,000","163,000,000","129,500,000","133,400,000","153,200,000","141,600,000","146,300,000","131,700,000","140,100,000","128,300,000","131,400,000","116,800,000","120,000,000","110,500,000","116,200,000","103,700,000","106,100,000","95,900,000","94,500,000","84,600,000","88,400,000","82,800,000","84,600,000","74,100,000","76,400,000","71,000,000","74,300,000","67,800,000","78,000,000","56,200,000","57,900,000","46,500,000","45,300,000","36,800,000","36,600,000","25,400,000","37,400,000","34,800,000","58,600,000","54,600,000","66,900,000","56,600,000","57,300,000","41,100,000","43,800,000","39,000,000","38,000,000","28,200,000","11,800,000","22,100,000","27,400,000","21,000,000","26,600,000","17,900,000","24,000,000","22,800,000","22,200,000","12,700,000","17,300,000","17,700,000","22,300,000","21,400,000","33,100,000","19,200,000","29,200,000","21,700,000","-17,400,000","600,000","8,900,000","29,400,000","18,198,000","26,869,000","44,189,000","33,844,000","27,400,000","42,600,000","25,000,000","32,200,000","12,600,000","-74,000,000","22,700,000","33,900,000","42,100,000","35,500,000","39,000,000","33,900,000","36,600,000","30,800,000","34,500,000","29,700,000","30,800,000","26,300,000","29,700,000","26,500,000","26,700,000","22,700,000","26,100,000","22,800,000","24,400,000","20,500,000","22,400,000","18,500,000","12,800,000","15,200,000","19,600,000","18,500,000","16,900,000","19,100,000","19,800,000","17,400,000","17,300,000","25,200,000","27,200,000","31,100,000","22,700,000","23,400,000","27,300,000",,,,,,,,,,,,,,,
NormalizedIncome,"822,200,600","224,246,964.529","196,581,500","208,613,600","192,753,000","209,607,213.839","180,006,400","101,731,300","138,640,200","171,303,439.035","164,753,000","181,164,000","179,035,500","174,764,903.846","164,568,000","178,928,600","160,490,800","130,378,984.772","134,798,000","154,588,000","142,778,100","146,578,861.409","132,388,000","139,410,000","128,921,000","131,816,408.669","117,210,400","120,476,000","111,044,000","116,473,356.401","104,382,000","106,032,900","96,036,800","95,184,805.654","85,206,600","89,615,000","83,276,700","137,423,259.494","55,164,551.224","59,357,560.137","54,955,088.702","75,177,558.348","69,179,450.661","54,050,462.574","47,462,277.58","47,518,345.324","46,367,042.254","44,673,913.043","37,727,531.083","23,544,444.444","25,257,063.712","24,909,364.548","28,304,151.625","38,044,847.112","53,932,506.203","60,140,000","55,934,120.425","47,670,595.099","37,035,885.167","49,221,483.376","37,336,177.474","-16,936,329.588","27,347,441.86","68,695,541.401","21,576,923.077","24,909,090.909","21,300,000","27,120,293.399","18,485,818.182","20,959,568.733","23,416,216.216","22,784,210.526","13,937,435.897","39,542,857.143","11,825,764.192","15,278,425.656","16,976,899.696","51,154,545.455","15,117,607.973","26,318,421.053","19,260,355.03","76,463,333.333","7,260,000","13,760,000","28,193,520.518","54,305,869.979","20,681,649.809","37,015,939.357","33,604,557.209","29,338,679.245","38,738,972.81","33,503,836.317","21,680,478.088","9,758,823.529","39,189,795.918","13,530,225.989","23,474,150.943","33,969,910.18","25,743,794.326","27,785,137.318","23,503,159.851","26,061,724.138","20,218,404.908","24,615,875.912","19,673,885.35","20,722,290.389","15,540,909.091","18,751,271.186","15,395,238.095","-16,469,158.879","21,680,538.922","27,654,342.432","24,270,967.742","19,420,000","22,726,837.061","24,088,115.942","19,453,608.247","11,240,000","15,944,489.796","19,724,050.633","19,318,027.211","14,500,000","18,220,394.737","21,045,283.019","19,535,740.072","-16,751,760.563","25,454,545.455","27,771,962.617","29,769,857.434","20,776,271.186","23,463,072.776","27,871,395.349",,,,,,,,,,,,,,,
InterestIncome,"2,100,000","900,000","400,000","400,000","400,000","500,000","500,000","300,000","400,000","400,000","400,000","300,000","400,000","200,000","100,000","200,000","100,000","100,000","0","100,000","100,000","100,000","200,000","200,000","100,000","200,000","100,000","100,000","100,000","200,000","100,000","100,000","100,000","200,000","100,000","100,000","100,000","100,000","0","300,000","200,000","300,000","300,000","400,000","400,000","300,000","500,000",,,,,,,,,,,,,,,,,,,,,,,,,,,,,,,,,,,,,,,,,,,,,,,,,,,,,,,,,,,,,,,,,,,,,,,,,,,,,,,,,,,,,,,,,,,,,,,,,,,,
InterestExpense,"53,100,000","11,300,000","13,200,000","14,300,000","14,300,000","15,400,000","13,800,000","13,400,000","11,400,000","12,100,000","12,000,000","12,400,000","12,500,000","12,400,000","12,400,000","12,000,000","13,600,000","13,600,000","13,100,000","13,000,000","12,700,000","13,100,000","13,100,000","12,900,000","13,100,000","13,000,000","13,000,000","12,900,000","13,000,000","13,800,000","12,700,000","12,700,000","13,700,000","14,300,000","14,400,000","13,800,000","13,600,000","14,400,000","13,600,000","13,900,000","13,900,000","13,500,000","15,100,000","16,300,000","16,300,000","14,100,000","13,500,000","13,200,000","14,000,000","14,700,000","12,800,000","11,600,000","8,600,000",,,,,,,,,,,,,,,,,,,,,,,,,,,,,,,,,,,,,,,,,,,,,,,,,,,,,,,,,,,,,,,,,,,,,,,,,,,,,,,,,,,,,,,,,,,,,,
NetInterestIncome,"-51,000,000","-10,400,000","-12,800,000","-13,900,000","-13,900,000","-14,900,000","-13,300,000","-13,100,000","-11,000,000","-11,700,000","-11,600,000","-12,100,000","-12,100,000","-12,200,000","-12,300,000","-11,800,000","-13,500,000","-13,500,000","-13,100,000","-12,900,000","-12,600,000","-13,000,000","-12,900,000","-12,700,000","-13,000,000","-12,800,000","-12,900,000","-12,800,000","-12,900,000","-13,600,000","-12,600,000","-12,600,000","-13,600,000","-14,100,000","-14,300,000","-13,700,000","-13,500,000","-14,300,000","-13,600,000","-13,600,000","-13,700,000","-13,200,000","-14,800,000","-15,900,000","-15,900,000","-13,800,000","-13,000,000","-13,200,000","-14,000,000","-13,000,000","-12,800,000","-11,600,000","-8,600,000",,,,,,,,,,,,,,,,,,,,,,,,,,,,,,,,,,,,,,,,,,,,,,,,,,,,,,,,,,,,,,,,,,,,,,,,,,,,,,,,,,,,,,,,,,,,,,
EBIT,"1,140,000,000","304,500,000","275,600,000","289,400,000","270,500,000","287,100,000","254,100,000","150,700,000","197,300,000","236,000,000","231,500,000","252,600,000","251,000,000","241,200,000","231,400,000","250,300,000","237,400,000","210,600,000","207,000,000","236,400,000","220,300,000","227,400,000","207,400,000","217,100,000","201,700,000","206,800,000","186,600,000","191,500,000","177,500,000","187,200,000","167,400,000","173,200,000","156,000,000","155,800,000","142,100,000","146,700,000","137,700,000","140,800,000","123,900,000","130,300,000","121,000,000","124,900,000","113,400,000","135,200,000","100,600,000","97,500,000","84,500,000","79,900,000","70,300,000","68,700,000","48,900,000","71,400,000","64,000,000","100,300,000","86,400,000","111,700,000","93,200,000","96,300,000","72,400,000","87,400,000","69,700,000","21,200,000","46,200,000","58,100,000","39,400,000","43,600,000","42,800,000","47,300,000","34,300,000","38,000,000","36,500,000","40,800,000","27,000,000","35,300,000","31,100,000","40,700,000","43,000,000","86,400,000","30,600,000","48,600,000","37,800,000","2,300,000","23,400,000","33,400,000","41,200,000","41,257,000","42,867,000","68,865,000","51,211,000","37,000,000","48,000,000","50,800,000","36,700,000","15,000,000","-24,900,000","26,600,000","40,700,000","58,500,000","45,000,000","48,500,000","41,700,000","44,700,000","35,100,000","42,500,000","33,900,000","37,000,000","28,900,000","32,700,000","26,900,000","-15,700,000","31,900,000","42,700,000","39,600,000","44,500,000","34,700,000","37,100,000","30,600,000","27,600,000","25,700,000","31,800,000","30,700,000","29,900,000","29,000,000","33,800,000","31,100,000","-20,900,000","40,100,000","43,600,000","47,000,000","35,500,000","37,200,000","43,900,000","232,100,000","-461,200,000","208,900,000","219,200,000","215,300,000","-434,100,000","189,100,000","184,600,000","185,500,000","-391,000,000","166,500,000","168,600,000","157,300,000","-350,000,000","149,200,000"
EBITDA,"1,244,800,000"
ReconciledCostOfRevenue,"2,218,900,000","594,600,000","533,700,000","556,300,000","534,300,000","583,100,000","492,300,000","410,100,000","459,600,000","526,400,000","476,800,000","501,000,000","473,600,000","521,700,000","466,900,000","491,700,000","490,000,000","534,800,000","478,200,000","481,500,000","463,400,000","468,500,000","436,000,000","460,800,000","438,200,000","457,500,000","432,200,000","450,100,000","434,800,000","463,300,000","428,300,000","443,000,000","424,600,000","433,400,000","402,400,000","404,800,000","398,300,000","455,800,000","371,200,000","388,000,000","387,500,000","400,800,000","367,900,000","384,500,000","363,100,000","342,600,000","364,100,000","343,800,000","334,000,000","303,400,000","332,600,000","336,000,000","313,900,000","367,800,000","385,600,000","419,600,000","395,700,000","409,500,000","379,800,000","389,500,000","397,800,000","381,400,000","347,600,000","352,100,000","333,200,000","316,200,000","306,900,000","323,800,000","341,800,000","327,100,000","311,500,000","335,400,000","345,800,000","347,900,000","303,800,000","319,100,000","297,700,000","299,500,000","274,600,000","295,800,000","274,300,000","291,000,000","285,700,000","286,300,000","283,700,000","356,092,000","263,835,000","280,548,000","278,425,000","315,400,000","221,900,000","235,600,000","221,200,000","269,000,000","264,000,000","227,200,000","204,200,000","242,300,000","182,500,000","192,100,000","173,100,000","196,000,000","163,100,000","181,600,000","161,900,000","161,800,000","141,900,000","151,500,000","141,900,000","153,700,000","130,600,000","134,800,000","136,800,000","140,300,000","122,700,000","117,700,000","123,400,000","126,500,000","104,600,000","107,500,000","106,300,000","102,000,000","100,700,000","108,100,000","107,500,000","102,500,000","107,400,000","114,700,000","113,400,000","104,800,000","104,600,000","109,600,000",,,,,,,,,,,,,,,
ReconciledDepreciation,"104,800,000","29,700,000","24,900,000","25,500,000","24,700,000","25,200,000","23,900,000","23,800,000","23,800,000","23,900,000","22,900,000","23,000,000","22,600,000","22,900,000","23,200,000","24,000,000","24,000,000","23,800,000","23,500,000","22,800,000","23,100,000","67,400,000","-24,500,000","21,700,000","21,000,000","21,400,000","20,500,000","20,600,000","20,000,000","20,500,000","19,700,000","19,700,000","19,600,000","19,000,000","19,400,000","19,500,000","18,800,000","19,500,000","19,000,000","19,200,000","19,000,000","19,200,000","18,800,000","18,300,000","18,300,000","18,200,000","18,000,000","18,300,000","18,200,000","19,200,000","18,300,000","19,000,000","18,100,000","17,000,000","18,500,000","18,800,000","17,700,000","25,400,000","16,500,000","17,300,000","16,500,000","14,900,000","11,800,000","12,700,000","12,500,000","12,600,000","12,200,000","12,800,000","14,600,000","12,900,000","14,000,000","15,200,000","18,900,000","16,800,000","13,600,000","15,200,000","14,700,000","12,600,000","12,600,000","12,600,000","13,900,000","16,400,000","17,000,000","16,900,000","17,700,000","14,748,000","15,543,000","18,434,000","17,475,000","17,800,000","12,800,000","12,300,000","12,500,000","12,200,000","11,800,000","10,300,000","10,700,000","10,300,000","9,400,000","9,500,000","9,200,000","6,800,000","7,600,000","8,800,000","8,600,000","6,400,000","9,100,000","8,100,000","7,900,000","6,200,000","7,000,000","7,900,000","8,500,000","8,000,000","7,600,000","8,100,000","8,400,000","9,800,000","6,400,000","7,600,000","5,700,000","5,600,000","6,500,000","6,800,000","6,700,000","5,500,000","5,700,000","6,700,000","6,500,000","6,200,000","5,000,000","5,400,000",,,,,,,,,,,,,,,
NetIncomeFromContinuingOperationNetMinorityInterest,"820,500,000","223,700,000","196,200,000","208,000,000","192,600,000","208,900,000","179,700,000","101,200,000","137,200,000","170,600,000","164,600,000","180,400,000","177,900,000","175,000,000","163,200,000","178,700,000","163,000,000","129,500,000","133,400,000","153,200,000","141,600,000","146,300,000","131,700,000","140,100,000","128,300,000","131,400,000","116,800,000","120,000,000","110,500,000","116,200,000","103,700,000","106,100,000","95,900,000","94,500,000","84,600,000","88,400,000","82,800,000","84,600,000","74,100,000","76,400,000","71,000,000","74,300,000","67,800,000","78,000,000","56,200,000","57,900,000","46,500,000","45,300,000","36,800,000","36,600,000","25,400,000","37,400,000","34,800,000","58,600,000","54,600,000","66,900,000","56,600,000","57,300,000","41,100,000","52,800,000","39,000,000","38,000,000","28,200,000","11,800,000","22,100,000","27,400,000","21,000,000","26,600,000","17,900,000","24,000,000","22,800,000","22,200,000","12,700,000","17,300,000","17,700,000","22,300,000","21,400,000","33,100,000","19,200,000","29,200,000","21,700,000","-17,400,000","600,000","8,900,000","29,400,000","18,198,000","26,869,000","44,189,000","33,844,000","27,400,000","42,600,000","25,000,000","32,200,000","12,600,000","-74,000,000","22,700,000","33,900,000","42,100,000","35,500,000","39,000,000","33,900,000","36,600,000","30,800,000","34,500,000","29,700,000","30,800,000","26,300,000","29,700,000","26,500,000","26,700,000","22,700,000","26,100,000","22,800,000","24,400,000","20,500,000","22,400,000","18,500,000","12,800,000","15,200,000","19,600,000","18,500,000","16,900,000","19,100,000","19,800,000","17,400,000","17,300,000","25,200,000","27,200,000","31,100,000","22,700,000","23,400,000","27,300,000",,,,,,,,,,,,,,,
TotalUnusualItemsExcludingGoodwill,"-2,200,000","-700,000","-500,000","-800,000","-200,000","-900,000","-400,000","-700,000","-1,900,000","-900,000","-200,000","-1,000,000","-1,500,000","300,000","-1,800,000","-300,000","3,400,000","-1,300,000","-2,000,000","-2,000,000","-1,700,000","-400,000","-1,000,000","1,000,000","-900,000","-600,000","-600,000","-700,000","-800,000","-400,000","-1,000,000","100,000","-200,000","-1,000,000","-900,000","-1,800,000","-700,000","-77,100,000","27,700,000","25,400,000","23,900,000","-1,300,000","-2,000,000","36,000,000","12,900,000","14,700,000","200,000","900,000","-1,400,000","18,800,000","200,000","17,700,000","9,700,000","30,200,000","1,000,000","10,400,000","1,000,000","13,800,000","6,200,000","5,300,000","2,500,000","77,200,000","1,300,000","-75,700,000","800,000","3,900,000","-500,000","-800,000","-900,000","4,700,000","-800,000","-900,000","-1,900,000","-34,200,000","7,600,000","10,800,000","6,800,000","-28,200,000","6,400,000","4,500,000","3,800,000","-97,100,000","-11,100,000","-8,100,000","1,900,000","-54,388,000","9,744,000","11,296,000","377,000","-3,000,000","6,000,000","-13,300,000","16,400,000","4,600,000","-149,900,000","14,300,000","16,300,000","12,900,000","15,500,000","17,800,000","16,500,000","16,700,000","16,800,000","15,700,000","15,900,000","16,000,000","17,100,000","17,400,000","17,600,000","69,200,000","1,500,000","-2,400,000","-2,400,000","8,300,000","-3,400,000","-2,600,000","-1,500,000","2,600,000","-1,200,000","-200,000","-1,300,000","4,000,000","1,400,000","-2,000,000","-3,400,000","55,900,000","-400,000","-900,000","2,100,000","3,000,000","-100,000","-900,000",,,,,,,,,,,,,,,
TotalUnusualItems,"-2,200,000","-700,000","-500,000","-800,000","-200,000","-900,000","-400,000","-700,000","-1,900,000","-900,000","-200,000","-1,000,000","-1,500,000","300,000","-1,800,000","-300,000","3,400,000","-1,300,000","-2,000,000","-2,000,000","-1,700,000","-400,000","-1,000,000","1,000,000","-900,000","-600,000","-600,000","-700,000","-800,000","-400,000","-1,000,000","100,000","-200,000","-1,000,000","-900,000","-1,800,000","-700,000","-77,100,000","27,700,000","25,400,000","23,900,000","-1,300,000","-2,000,000","36,000,000","12,900,000","14,700,000","200,000","900,000","-1,400,000","18,800,000","200,000","17,700,000","9,700,000","30,200,000","1,000,000","10,400,000","1,000,000","13,800,000","6,200,000","5,300,000","2,500,000","77,200,000","1,300,000","-75,700,000","800,000","3,900,000","-500,000","-800,000","-900,000","4,700,000","-800,000","-900,000","-1,900,000","-34,200,000","7,600,000","10,800,000","6,800,000","-28,200,000","6,400,000","4,500,000","3,800,000","-97,100,000","-11,100,000","-8,100,000","1,900,000","-54,388,000","9,744,000","11,296,000","377,000","-3,000,000","6,000,000","-13,300,000","16,400,000","4,600,000","-149,900,000","14,300,000","16,300,000","12,900,000","15,500,000","17,800,000","16,500,000","16,700,000","16,800,000","15,700,000","15,900,000","16,000,000","17,100,000","17,400,000","17,600,000","69,200,000","1,500,000","-2,400,000","-2,400,000","8,300,000","-3,400,000","-2,600,000","-1,500,000","2,600,000","-1,200,000","-200,000","-1,300,000","4,000,000","1,400,000","-2,000,000","-3,400,000","55,900,000","-400,000","-900,000","2,100,000","3,000,000","-100,000","-900,000",,,,,,,,,,,,,,,
NormalizedEBITDA,"1,247,000,000","334,900,000","301,000,000","315,700,000","295,400,000","313,200,000","278,400,000","175,200,000","223,000,000","260,800,000","254,600,000","276,600,000","275,100,000","263,800,000","256,400,000","274,600,000","258,000,000","235,700,000","232,500,000","261,200,000","245,100,000","295,200,000","208,400,000","237,800,000","223,600,000","228,800,000","207,700,000","212,800,000","198,300,000","208,100,000","188,100,000","192,800,000","175,800,000","175,800,000","162,400,000","168,000,000","157,200,000","237,400,000","115,200,000","124,100,000","116,100,000","145,400,000","134,200,000","117,500,000","106,000,000","101,000,000","102,300,000","97,300,000","89,900,000","69,100,000","67,000,000","72,700,000","72,400,000","87,100,000","103,900,000","120,100,000","109,900,000","107,900,000","82,700,000","99,400,000","83,700,000","-41,100,000","56,700,000","146,500,000","51,100,000","52,300,000","55,500,000","60,900,000","49,800,000","46,200,000","51,300,000","56,900,000","47,800,000","86,300,000","37,100,000","45,100,000","50,900,000","127,200,000","36,800,000","56,700,000","47,900,000","115,800,000","51,500,000","58,400,000","57,000,000","110,393,000","48,666,000","76,003,000","68,309,000","57,800,000","54,800,000","76,400,000","32,800,000","22,600,000","136,800,000","22,600,000","35,100,000","55,900,000","38,900,000","40,200,000","34,400,000","34,800,000","25,900,000","35,600,000","26,600,000","27,400,000","20,900,000","23,400,000","17,200,000","-78,700,000","37,400,000","53,000,000","50,500,000","44,200,000","45,700,000","47,900,000","40,500,000","34,800,000","33,300,000","39,600,000","37,700,000","31,500,000","34,300,000","42,600,000","41,200,000","-71,300,000","46,200,000","51,200,000","51,400,000","38,700,000","42,300,000","50,200,000","232,100,000","-461,200,000","208,900,000","219,200,000","215,300,000","-434,100,000","189,100,000","184,600,000","185,500,000","-391,000,000","166,500,000","168,600,000","157,300,000","-350,000,000","149,200,000"
TaxRateForCalcs,"0.227","0.219","0.237","0.233","0.235","0.214","0.234","0.241","0.242","0.218","0.235","0.236","0.243","0.216","0.24","0.238","0.262","0.324","0.301","0.306","0.307","0.303","0.312","0.31","0.31","0.306","0.316","0.32","0.32","0.317","0.318","0.329","0.316","0.315","0.326","0.325","0.319","0.315","0.316","0.329","0.329","0.325","0.31","0.335","0.323","0.294","0.335","0.304","0.337","0.306","0.285","0.294","0.33","0.319","0.333","0.35","0.334","0.302","0.344","0.325","0.334","0.288","0.344","0.248","0.346","0.361","0.4","0.35","0.349","0.353","0.23","0.351","0.349","0.35","0.227","0.35","0.35","0.36","0.362","0.36","0.358","0.033","0.4","0.4","0.365","0.336","0.365","0.365","0.365","0.354","0.356","0.361","0.359","0.382","0.245","0.359","0.36","0.37","0.371","0.37","0.37","0.369","0.37","0.37","0.369","0.37","0.371","0.371","0.369","0.376","0.32","0.352","0.387","0.4","0.345","0.351","0.364","0.4","0.38","0.38","0.371","0.4","0.372","0.377","0.372","0.391","0.364","0.364","0.367","0.359","0.369","0.365",,,,,,,,,,,,,,,
TaxEffectOfUnusualItems,"-499,400","-153,035.471","-118,500","-186,400","-47,000","-192,786.161","-93,600","-168,700","-459,800","-196,560.965","-47,000","-236,000","-364,500","64,903.846","-432,000","-71,400","890,800","-421,015.228","-602,000","-612,000","-521,900","-121,138.591","-312,000","310,000","-279,000","-183,591.331","-189,600","-224,000","-256,000","-126,643.599","-318,000","32,900","-63,200","-315,194.346","-293,400","-585,000","-223,300","-24,276,740.506","8,764,551.224","8,357,560.137","7,855,088.702","-422,441.652","-620,549.339","12,050,462.574","4,162,277.58","4,318,345.324","67,042.254","273,913.043","-472,468.917","5,744,444.444","57,063.712","5,209,364.548","3,204,151.625","9,644,847.112","332,506.203","3,640,000","334,120.425","4,170,595.099","2,135,885.167","1,721,483.376","836,177.474","22,263,670.412","447,441.86","-18,804,458.599","276,923.077","1,409,090.909","-200,000","-279,706.601","-314,181.818","1,659,568.733","-183,783.784","-315,789.474","-662,564.103","-11,957,142.857","1,725,764.192","3,778,425.656","2,376,899.696","-10,145,454.545","2,317,607.973","1,618,421.053","1,360,355.03","-3,236,666.667","-4,440,000","-3,240,000","693,520.518","-18,280,130.021","3,556,649.809","4,122,939.357","137,557.209","-1,061,320.755","2,138,972.81","-4,796,163.683","5,880,478.088","1,758,823.529","-36,710,204.082","5,130,225.989","5,874,150.943","4,769,910.18","5,743,794.326","6,585,137.318","6,103,159.851","6,161,724.138","6,218,404.908","5,815,875.912","5,873,885.35","5,922,290.389","6,340,909.091","6,451,271.186","6,495,238.095","26,030,841.121","480,538.922","-845,657.568","-929,032.258","3,320,000","-1,173,162.939","-911,884.058","-546,391.753","1,040,000","-455,510.204","-75,949.367","-481,972.789","1,600,000","520,394.737","-754,716.981","-1,264,259.928","21,848,239.437","-145,454.545","-328,037.383","769,857.434","1,076,271.186","-36,927.224","-328,604.651",,,,,,,,,,,,,,,