name,ttm,12/31/2021,09/30/2021,06/30/2021,03/31/2021,12/31/2020,09/30/2020,06/30/2020,03/31/2020,12/31/2019,09/30/2019,06/30/2019,03/31/2019,12/31/2018,09/30/2018,06/30/2018,03/31/2018,12/31/2017,09/30/2017,06/30/2017,03/31/2017,12/31/2016,09/30/2016,06/30/2016,03/31/2016,12/31/2015,09/30/2015,06/30/2015,03/31/2015,12/31/2014,09/30/2014,06/30/2014,03/31/2014,12/31/2013,09/30/2013,06/30/2013,03/31/2013,12/31/2012,09/30/2012,06/30/2012,03/31/2012,12/31/2011,09/30/2011,06/30/2011,03/31/2011,12/31/2010,09/30/2010,06/30/2010,03/31/2010,12/31/2009,09/30/2009,06/30/2009,03/31/2009,12/31/2008,09/30/2008,06/30/2008,03/31/2008,12/31/2007,09/30/2007,06/30/2007,03/31/2007,12/31/2006,09/30/2006,06/30/2006,03/31/2006,12/31/2005,09/30/2005,06/30/2005,03/31/2005,12/31/2004,09/30/2004,06/30/2004,03/31/2004,12/31/2003,09/30/2003,06/30/2003,03/31/2003,12/31/2002,09/30/2002,06/30/2002,03/31/2002,12/31/2001,09/30/2001,06/30/2001,03/31/2001,12/31/2000,09/30/2000,06/30/2000,03/31/2000,12/31/1999,09/30/1999,06/30/1999,03/31/1999,12/31/1998,09/30/1998,06/30/1998,03/31/1998,12/31/1997,09/30/1997,06/30/1997,03/31/1997,12/31/1996,09/30/1996,06/30/1996,03/31/1996,12/31/1995,09/30/1995,06/30/1995,03/31/1995,12/31/1994,09/30/1994,06/30/1994,03/31/1994,12/31/1993,09/30/1993,06/30/1993,03/31/1993
TotalRevenue,"5,116,789,000","1,326,137,000","1,296,554,000","1,254,146,000","1,239,951,000","1,131,429,000","1,060,674,000","1,062,041,000","1,353,360,000","1,488,615,000","1,416,554,000","1,397,186,000","1,452,834,000","1,460,742,000","1,409,005,000","1,388,358,000","1,399,814,000","1,427,692,000","1,403,638,000","1,361,548,000","1,345,763,000","1,425,966,000","1,357,168,000","1,315,380,000","1,336,715,000","1,380,621,000","1,320,137,000","1,349,110,000","1,216,235,000","1,297,120,000","1,234,694,000","1,181,982,000","1,314,991,000","1,416,261,000","1,302,256,000","1,236,563,000","1,215,058,000","1,344,432,000","1,228,617,000","1,188,066,000","1,118,969,000","1,171,338,000","1,074,360,000","1,040,861,000","1,019,874,000","1,119,718,000","979,275,000","933,566,000","925,071,000","1,028,180,000","924,932,000","903,612,000","918,492,000","1,029,316,000","935,594,000","922,947,000","895,298,000","1,035,581,000","907,145,000","855,932,000","852,141,000","927,031,000","818,736,000","798,738,000","787,649,000","876,479,000","786,769,000","756,262,000","756,872,000","834,650,000","623,453,000","601,583,000","584,313,000","644,221,000","566,580,000","566,317,000","547,790,000","624,182,000","550,754,000","516,534,000","494,332,000","572,140,000","499,240,000","487,640,000","489,815,000","2,013,428,000","2,852,000","2,591,000","476,192,000","476,303,000","489,700,000","467,100,000","459,500,000","463,759,000","326,100,000","310,600,000","305,100,000","316,500,000","266,900,000","246,900,000","243,100,000","264,100,000","206,000,000","137,500,000","141,200,000","156,300,000","138,000,000","130,800,000","132,200,000","135,100,000","115,900,000","111,800,000","105,800,000","97,600,000","102,800,000","102,800,000","102,700,000"
	OperatingRevenue,"4,843,202,000","1,253,015,000","1,234,947,000","1,184,886,000","1,170,354,000","1,058,132,000","1,015,176,000","1,034,545,000","1,291,398,000","1,385,413,000","1,336,884,000","1,326,815,000","1,307,602,000","995,166,000","932,899,000","917,589,000","921,343,000","963,743,000","926,764,000","912,683,000","905,549,000","970,467,000","924,611,000","887,952,000","880,852,000","947,839,000","874,369,000","845,194,000","827,480,000","892,161,000","829,112,000","801,788,000","893,311,000","970,913,000","885,933,000","850,221,000","845,335,000","-195,694,000","1,228,617,000","1,188,066,000","1,118,969,000","1,171,338,000","1,074,360,000","1,040,861,000","1,019,874,000","1,119,718,000","979,275,000","933,566,000","925,071,000","1,028,180,000","924,932,000","903,612,000","918,492,000","1,029,316,000","935,594,000","922,947,000","902,439,000","1,045,325,000","907,145,000","863,891,000","873,914,000","927,031,000","854,091,000","826,219,000","787,649,000","893,851,000","805,376,000","772,852,000","785,272,000","854,954,000","648,475,000","601,583,000","587,885,000","667,731,000","590,595,000","591,910,000","573,445,000","624,182,000","573,755,000","516,534,000","504,381,000","600,648,000","505,942,000","502,145,000","505,118,000","2,086,842,000","2,852,000","2,591,000","476,192,000","525,100,000","489,700,000","467,100,000","459,500,000","491,400,000","326,100,000","310,600,000","305,100,000","316,500,000","266,900,000","246,900,000","243,100,000","264,100,000","206,000,000","137,500,000","141,200,000","156,300,000","138,000,000","130,800,000","132,200,000","135,100,000","115,900,000","111,800,000","105,800,000","97,600,000","102,800,000","102,800,000","102,700,000"
CostOfRevenue,"971,064,000","269,890,000","247,385,000","229,804,000","223,986,000","215,118,000","222,518,000","201,921,000","247,598,000","259,084,000","263,745,000","243,883,000","254,930,000","254,087,000","261,968,000","236,591,000","255,319,000","245,173,000","256,112,000","242,486,000","236,308,000","242,491,000","255,004,000","235,103,000","238,548,000","243,656,000","251,154,000","229,004,000","236,379,000","224,589,000","225,517,000","213,682,000","272,255,000","269,903,000","267,598,000","253,995,000","249,340,000","652,054,000","132,378,000","116,018,000","104,740,000","105,558,000","122,446,000","109,025,000","99,541,000","98,615,000","115,647,000","101,234,000","98,768,000","98,905,000","113,815,000","106,836,000","106,147,000","103,687,000","127,515,000","111,911,000",,,,,,,,,,,,,,,,,,,,,,,,,,,,,,,,,,,,,,,,,,,,,,,,,,,,,,,,,,,,,
GrossProfit,"4,145,725,000","1,056,247,000","1,049,169,000","1,024,342,000","1,015,965,000","916,311,000","838,156,000","860,120,000","1,105,762,000","1,229,531,000","1,152,809,000","1,153,303,000","1,197,904,000","1,206,655,000","1,147,037,000","1,151,767,000","1,144,495,000","1,182,519,000","1,147,526,000","1,119,062,000","1,109,455,000","1,183,475,000","1,102,164,000","1,080,277,000","1,098,167,000","1,136,965,000","1,068,983,000","1,120,106,000","979,856,000","1,072,531,000","1,009,177,000","968,300,000","1,042,736,000","1,146,358,000","1,034,658,000","982,568,000","965,718,000","692,378,000","1,096,239,000","1,072,048,000","1,014,229,000","1,065,780,000","951,914,000","931,836,000","920,333,000","1,021,103,000","863,628,000","832,332,000","826,303,000","929,275,000","811,117,000","796,776,000","812,345,000","925,629,000","808,079,000","811,036,000",,,,,,,,,,,,,,,,,,,,,,,,,,,,,,,,,,,,,,,,,,,,,,,,,,,,,,,,,,,,,
OperatingExpense,"1,732,535,000","464,715,000","436,845,000","419,619,000","411,353,000","454,263,000","434,132,000","409,252,000","450,893,000","452,655,000","447,507,000","472,672,000","447,566,000","452,566,000","429,646,000","414,092,000","442,562,000","433,067,000","457,458,000","432,913,000","432,784,000","482,975,000","425,973,000","421,041,000","413,266,000","427,235,000","411,396,000","417,721,000","380,685,000","417,243,000","401,620,000","406,769,000","426,864,000","453,812,000","434,093,000","417,678,000","408,029,000","76,119,000","535,287,000","550,693,000","498,620,000","593,952,000","445,304,000","464,264,000","469,443,000","448,996,000","449,917,000","416,865,000","399,387,000","306,321,000","418,940,000","572,078,000","448,129,000","479,811,000","424,384,000","431,630,000","543,340,000","506,671,000","528,446,000","522,381,000","503,175,000","537,379,000","497,412,000","488,689,000","488,445,000","530,914,000","487,171,000","467,414,000","481,618,000","498,924,000","374,609,000","361,382,000","355,843,000","330,279,000","344,854,000","336,705,000","325,966,000","338,372,000","320,889,000","295,106,000","292,697,000","371,095,000","284,614,000","278,470,000","281,238,000","1,108,107,000","4,492,000","4,378,000","267,467,000","1,745,958,000","-240,500,000","-232,500,000","-234,500,000","1,249,247,000","-163,400,000","-163,700,000","-172,300,000","-168,400,000","-126,400,000","-124,000,000","-125,500,000","-101,000,000","-123,500,000","-77,400,000","-75,700,000","-80,000,000","-71,100,000","-69,400,000","-78,100,000","-64,500,000","-65,600,000","-61,000,000","-56,700,000",,,,
	SellingGeneralAndAdministration,"144,642,000","36,218,000","45,544,000","26,819,000","36,062,000","43,012,000","17,767,000","19,985,000","40,421,000","48,548,000","44,615,000","45,779,000","46,261,000","54,092,000","48,860,000","47,404,000","47,428,000","54,298,000","49,020,000","49,570,000","49,949,000","58,835,000","50,849,000","48,297,000","49,902,000","51,274,000","53,594,000","56,560,000","33,755,000","52,644,000","52,747,000","53,748,000","39,426,000","60,194,000","45,271,000","44,781,000","35,768,000","-118,496,000","95,892,000","105,051,000","93,486,000","120,210,000","95,737,000","90,042,000","89,446,000","18,482,000","123,030,000","86,527,000","68,708,000","102,091,000","73,785,000","71,989,000","71,305,000","107,004,000","82,691,000","87,523,000","64,275,000","174,146,000","60,055,000","55,799,000","56,582,000","164,885,000","54,515,000","58,198,000","52,231,000","156,348,000","53,064,000","23,146,000","21,972,000","38,144,000","15,313,000","16,218,000","16,199,000","27,469,000","18,374,000","16,391,000","14,727,000","23,205,000","14,483,000","11,861,000","11,778,000","24,468,000","14,049,000","12,618,000","13,806,000","58,819,000","2,581,000","2,075,000","16,064,000","20,443,000","15,900,000","14,900,000","14,700,000","22,754,000","11,300,000","8,600,000","8,100,000","12,600,000","8,400,000","6,700,000","5,200,000","10,400,000","5,500,000","3,300,000","2,700,000","5,400,000","2,800,000","3,300,000","2,100,000","4,100,000","3,400,000","2,300,000","2,800,000",,,,
		GeneralAndAdministrativeExpense,"30,339,000","9,600,000","6,909,000","7,254,000","6,576,000","5,366,000","3,016,000","7,296,000","6,894,000","7,332,000","8,032,000","10,359,000","9,136,000","10,830,000","12,172,000","10,913,000","12,628,000","11,883,000","13,014,000","13,074,000","14,001,000","19,939,000","15,154,000","15,125,000","14,864,000","15,147,000","14,838,000","15,345,000","14,999,000","15,116,000","14,388,000","15,599,000","14,855,000","15,327,000","14,546,000","15,421,000","14,509,000","-159,524,000","67,778,000","76,502,000","72,388,000","85,827,000","69,964,000","65,084,000","67,558,000","46,395,000","54,010,000","52,976,000","46,172,000","64,384,000","50,559,000","52,166,000","52,799,000","74,275,000","59,749,000","65,784,000","44,902,000","141,292,000","37,863,000","35,389,000","37,698,000","132,066,000","36,797,000","37,657,000","34,829,000","121,832,000","32,061,000","4,459,000","3,792,000","6,144,000","3,615,000","3,460,000","3,564,000","3,975,000","4,030,000","4,023,000","3,055,000",,,,,,,,,,,,,,,,,,,,,,,,,,,,,,,,,,,,,,,,
			SalariesAndWages,,,,,,,,,,,,,,,,,,,,,,,,,,,,,,,,,,,,,,,,,,,,,,,,,,,,,,,,,"5,302,000","4,682,000","4,887,000","6,119,000","3,899,000","2,732,000","4,422,000","5,005,000","4,493,000","4,458,000","4,993,000","4,459,000","3,792,000","6,144,000","3,615,000","3,460,000","3,564,000",,,,"3,055,000",,,,,,,,,,,,,,,,,,,,,,,,,,,,,,,,,,,,,,,,
			OtherGandA,"30,339,000","9,600,000","6,909,000","7,254,000","6,576,000","5,366,000","3,016,000","7,296,000","6,894,000","7,332,000","8,032,000","10,359,000","9,136,000","10,830,000","12,172,000","10,913,000","12,628,000","11,883,000","13,014,000","13,074,000","14,001,000","19,939,000","15,154,000","15,125,000","14,864,000","15,147,000","14,838,000","15,345,000","14,999,000","15,116,000","14,388,000","15,599,000","14,855,000","15,327,000","14,546,000","15,421,000","14,509,000","-159,524,000","67,778,000","76,502,000","72,388,000","85,827,000","69,964,000","65,084,000","67,558,000","46,395,000","54,010,000","52,976,000","46,172,000","64,384,000","50,559,000","52,166,000","52,799,000","74,275,000","59,749,000","65,784,000","39,600,000",,"32,976,000","29,270,000","33,799,000",,"32,375,000","32,652,000","30,336,000",,"27,068,000",,,,,,,"3,975,000","4,030,000","4,023,000",,,,,,,,,,,,,,,,,,,,,,,,,,,,,,,,,,,,,,,,,
		SellingAndMarketingExpense,"114,303,000","26,618,000","38,635,000","19,565,000","29,486,000","37,646,000","14,751,000","12,689,000","33,527,000","41,216,000","36,583,000","35,420,000","37,125,000","43,262,000","36,688,000","36,491,000","34,800,000","42,415,000","36,006,000","36,496,000","35,948,000","38,896,000","35,695,000","33,172,000","35,038,000","36,127,000","38,756,000","41,215,000","18,756,000","37,528,000","38,359,000","38,149,000","24,571,000","44,867,000","30,725,000","29,360,000","21,259,000","41,028,000","28,114,000","28,549,000","21,098,000","34,383,000","25,773,000","24,958,000","21,888,000","-27,913,000","69,020,000","33,551,000","22,536,000","37,707,000","23,226,000","19,823,000","18,506,000","32,729,000","22,942,000","21,739,000","19,373,000","32,854,000","22,192,000","20,410,000","18,884,000","32,819,000","17,718,000","20,541,000","17,402,000","34,516,000","21,003,000","18,687,000","18,180,000","32,000,000","11,698,000","12,758,000","12,635,000","23,494,000","14,344,000","12,368,000","11,672,000","23,205,000","14,483,000","11,861,000","11,778,000","24,468,000","14,049,000","12,618,000","13,806,000",,,,"16,064,000","20,443,000","15,900,000","14,900,000","14,700,000","22,754,000","11,300,000","8,600,000","8,100,000","12,600,000","8,400,000","6,700,000","5,200,000","10,400,000","5,500,000","3,300,000","2,700,000","5,400,000","2,800,000","3,300,000","2,100,000","4,100,000","3,400,000","2,300,000","2,800,000",,,,
	DepreciationAmortizationDepletionIncomeStatement,"1,262,715,000","319,864,000","311,381,000","315,732,000","315,738,000","331,851,000","333,755,000","324,140,000","328,262,000","324,310,000","334,944,000","352,606,000","328,643,000","329,145,000","316,175,000","320,198,000","316,936,000","325,187,000","317,037,000","322,396,000","310,832,000","336,717,000","311,757,000","303,585,000","300,614,000","304,325,000","289,360,000","295,778,000","288,106,000","294,458,000","281,661,000","287,214,000","326,461,000","329,184,000","326,073,000","318,638,000","316,633,000","350,352,000","310,244,000","311,863,000","285,109,000","277,536,000","260,802,000","261,298,000","266,310,000","276,418,000","243,303,000","234,190,000","228,909,000","239,425,000","250,151,000","251,685,000","256,337,000","268,902,000","235,915,000","236,617,000","228,043,000","235,092,000","224,662,000","230,611,000","215,271,000","224,002,000","211,390,000","211,363,000","209,447,000","227,921,000","204,106,000","206,444,000","213,869,000","193,945,000","145,963,000","145,513,000","138,385,000","123,786,000","127,822,000","125,842,000","123,767,000","127,275,000","125,595,000","116,449,000","110,693,000","129,166,000","111,173,000","106,726,000","106,492,000","419,991,000","25,000","26,000","98,465,000",,,,,,,,,,,,,,,,,,,,,,,,,,,,
		DepreciationAndAmortizationInIncomeStatement,"1,262,715,000","319,864,000","311,381,000","315,732,000","315,738,000","331,851,000","333,755,000","324,140,000","328,262,000","324,310,000","334,944,000","352,606,000","328,643,000","329,145,000","316,175,000","320,198,000","316,936,000","325,187,000","317,037,000","322,396,000","310,832,000","336,717,000","311,757,000","303,585,000","300,614,000","304,325,000","289,360,000","295,778,000","288,106,000","294,458,000","281,661,000","287,214,000","326,461,000","329,184,000","326,073,000","318,638,000","316,633,000","350,352,000","310,244,000","311,863,000","285,109,000","277,536,000","260,802,000","261,298,000","266,310,000","276,418,000","243,303,000","234,190,000","228,909,000","239,425,000","250,151,000","251,685,000","256,337,000","268,902,000","235,915,000","236,617,000","228,043,000","235,092,000","224,662,000","230,611,000","215,271,000","224,002,000","211,390,000","211,363,000","209,447,000","227,921,000","204,106,000","206,444,000","213,869,000","193,945,000","145,963,000","145,513,000","138,385,000","123,786,000","127,822,000","125,842,000","123,767,000","127,275,000","125,595,000","116,449,000","110,693,000","129,166,000","111,173,000","106,726,000","106,492,000","419,991,000","25,000","26,000","98,465,000",,,,,,,,,,,,,,,,,,,,,,,,,,,,
	ProvisionForDoubtfulAccounts,,,,,,,,,,,,,,,,,,,,,,,,,,,,,,,,,,,,,,,,"2,906,000","3,545,000","3,325,000","1,501,000","274,000","1,405,000","5,190,000","-3,096,000","4,487,000","-3,451,000",,,"7,066,000","13,015,000","6,668,000","4,004,000","6,781,000","6,582,000","4,462,000","3,134,000","1,424,000","542,000","4,647,000","393,000",,,"4,430,000","2,868,000","1,688,000","1,975,000","7,633,000","3,366,000","3,306,000","3,415,000","3,224,000","2,301,000","4,213,000","4,566,000","1,993,000","2,267,000","1,510,000","3,202,000","587,000","2,676,000","2,248,000","2,904,000",,,,"2,131,000",,,,,,,,,,,,,,,,,,,,,,,,,,,,
	OtherTaxes,,,,,,,,,,,,,,,,,,,,,,,,,,,,,,,,,,,,,,,"105,694,000","106,777,000","98,702,000","95,803,000","87,264,000","93,424,000","93,264,000","90,893,000","86,680,000","78,658,000","89,729,000","82,784,000","79,854,000","83,076,000","88,243,000","80,586,000","84,101,000","85,450,000","-543,340,000","-603,689,000",,"-543,426,000","-503,175,000",,"-497,412,000","-488,689,000",,"-530,914,000","-487,171,000","-467,414,000","-481,618,000","-498,924,000","-374,609,000",,"-355,843,000","-325,157,000","-350,000,000","-336,705,000","-325,966,000",,"-320,970,000",,"-293,506,000","-367,718,000","-284,614,000","-279,090,000","-281,303,000",,,,,"-285,600,000","-256,400,000","-247,400,000","-249,200,000","-256,000,000","-174,700,000","-172,300,000","-180,400,000","-181,000,000","-134,800,000","-130,700,000","-130,700,000","-111,400,000","-129,000,000","-80,700,000","-78,400,000","-85,400,000","-73,900,000","-72,700,000","-80,200,000","-68,600,000","-69,000,000","-63,300,000","-59,500,000",,,,
	OtherOperatingExpenses,"325,178,000","108,633,000","79,920,000","77,068,000","59,553,000","79,400,000","82,610,000","65,127,000","82,210,000","79,797,000","67,948,000","74,287,000","72,662,000","69,329,000","64,611,000","46,490,000","78,198,000","53,582,000","91,401,000","60,947,000","72,003,000","87,423,000","63,367,000","69,159,000","62,750,000","71,636,000","68,442,000","65,383,000","58,824,000","70,141,000","67,212,000","65,807,000","60,977,000","64,434,000","62,749,000","54,259,000","55,628,000","155,436,000","23,457,000","24,096,000","17,778,000",,"24,513,000","19,226,000","19,018,000","58,013,000","12,821,000","13,003,000","12,041,000","-140,634,000","15,150,000","158,262,000","19,229,000","16,651,000","17,673,000","15,259,000","787,780,000","696,660,000","240,595,000","777,973,000","733,955,000","143,845,000","728,526,000","707,817,000","226,767,000","673,129,000","714,304,000","703,550,000","725,420,000","758,126,000","584,576,000","196,345,000","553,687,000","500,957,000","546,357,000","526,964,000","508,872,000","185,899,000","499,514,000","165,286,000","460,530,000","584,592,000","441,330,000","435,968,000","439,339,000","1,712,410,000","1,886,000","2,277,000","150,807,000",,,,,,,,,,,,,,,,,,,,,,,,,,,,
OperatingIncome,"2,413,190,000","591,532,000","612,324,000","604,723,000","604,612,000","462,048,000","404,024,000","450,868,000","654,869,000","776,876,000","705,302,000","680,631,000","750,338,000","754,089,000","717,391,000","737,675,000","701,933,000","749,452,000","690,068,000","686,149,000","676,671,000","700,500,000","676,191,000","659,236,000","684,901,000","709,730,000","657,587,000","702,385,000","599,171,000","655,288,000","607,557,000","561,531,000","615,872,000","692,546,000","600,565,000","564,890,000","557,689,000","616,259,000","560,952,000","521,355,000","515,609,000","471,828,000","506,610,000","467,572,000","450,890,000","572,107,000","413,711,000","415,467,000","426,916,000","622,954,000","392,177,000","224,698,000","364,216,000","445,818,000","383,695,000","379,406,000","351,958,000","528,910,000","378,699,000","333,551,000","348,966,000","389,652,000","321,324,000","310,049,000","299,204,000","345,565,000","299,598,000","288,848,000","275,254,000","335,726,000","248,844,000","240,201,000","228,470,000","313,942,000","221,726,000","229,612,000","221,824,000","285,810,000","229,865,000","221,428,000","201,635,000","201,045,000","214,626,000","209,170,000","208,577,000","905,321,000","-1,640,000","-1,787,000","208,725,000","-1,269,655,000","730,200,000","699,600,000","694,000,000","-785,488,000","489,500,000","474,300,000","477,400,000","484,900,000","393,300,000","370,900,000","368,600,000","365,100,000","329,500,000","214,900,000","216,900,000","236,300,000","209,100,000","200,200,000","210,300,000","199,600,000","181,500,000","172,800,000","162,500,000","326,100,000","102,800,000","102,800,000","102,700,000"
NetNonOperatingInterestIncomeExpense,"-795,712,000","-193,505,000","-199,772,000","-200,419,000","-202,016,000","-197,855,000","-201,858,000","-197,061,000","-187,627,000","-189,812,000","-202,382,000","-198,425,000","-198,733,000","-204,338,000","-199,469,000","-206,624,000","-205,492,000","-204,985,000","-199,032,000","-207,174,000","-198,202,000","-209,506,000","-214,861,000","-213,995,000","-219,190,000","-230,896,000","-229,654,000","-230,974,000","-232,173,000","-233,656,000","-249,780,000","-254,930,000","-268,151,000","-287,657,000","-284,491,000","-279,966,000","-285,026,000","-291,493,000","-288,896,000","-288,560,000","-258,079,000","-246,508,000","-244,384,000","-244,517,000","-248,119,000","-252,405,000","-249,264,000","-261,463,000","-263,959,000","-263,705,000","-257,881,000","-244,443,000","-226,036,000","-244,933,000","-239,955,000","-232,335,000",,,,,,,,,,,,,,,,,,,,,,,,,,,,,,,,,,,,,,,,,,,,,,,,,,,,,,,,,,,,,
	InterestExpenseNonOperating,"795,712,000","193,505,000","199,772,000","200,419,000","202,016,000","197,855,000","201,858,000","197,061,000","187,627,000","189,812,000","202,382,000","198,425,000","198,733,000","204,338,000","199,469,000","206,624,000","205,492,000","204,985,000","199,032,000","207,174,000","198,202,000","209,506,000","214,861,000","213,995,000","219,190,000","230,896,000","229,654,000","230,974,000","232,173,000","233,656,000","249,780,000","254,930,000","268,151,000","287,657,000","284,491,000","279,966,000","285,026,000","291,493,000","288,896,000","288,560,000","258,079,000","246,508,000","244,384,000","244,517,000","248,119,000","252,405,000","249,264,000","261,463,000","263,959,000","263,705,000","257,881,000","244,443,000","226,036,000","244,933,000","239,955,000","232,335,000",,,,,,,,,,,,,,,,,,,,,,,,,,,,,,,,,,,,,,,,,,,,,,,,,,,,,,,,,,,,,
OtherIncomeExpense,"1,108,428,000","224,535,000","433,358,000","348,568,000","101,966,000","46,961,000","-30,741,000","36,679,000","32,379,000","10,097,000","132,001,000","96,906,000","90,444,000","293,865,000","134,408,000","110,500,000","225,303,000","121,716,000","116,110,000","-31,612,000","69,085,000","-34,339,000","132,935,000","89,199,000","113,314,000","194,741,000","68,221,000","86,535,000","64,872,000","62,367,000","-54,225,000","189,634,000","60,320,000","54,205,000","58,987,000","124,584,000","74,998,000","59,824,000","34,218,000","29,132,000","30,353,000","217,488,000","72,415,000","13,821,000","18,621,000","-371,371,000","115,836,000","10,614,000","-142,203,000","-245,632,000","4,655,000","5,494,000","5,545,000","-5,972,000","14,211,000","-34,783,000",,"-136,152,000",,"1,000",,,"9,457,000",,"-42,000","-26,295,000","-55,000","2,134,000","10,473,000",,"1,121,000","11,619,000","-13,500,000","-10,605,000","-5,146,000",,"4,275,000",,"76,000","169,162,000",,"51,000","-131,000","-28,000","2,711,000",,,,,,,"-9,300,000",,,,,,,,,,,,,,"-500,000",,,"2,400,000",,,,,,,,
	GainOnSaleOfSecurity,"-8,095,000","26,000","-4,944,000","23,000","-3,201,000","493,000","-1,279,000","202,000","-19,048,000","-3,366,000","2,154,000","-12,317,000",,,,,,,,,,,,,,,,,,,,,,,,,,"6,426,000",,,,,,,,,,,,,,,,,,,,"9,347,000",,"500,000",,,"9,457,000",,,"-13,390,000","-55,000","2,134,000","10,473,000","0","1,121,000",,"-13,500,000",,,,"4,275,000",,"76,000",,,"51,000","-131,000","-28,000","2,711,000",,,,,,,,,,,,,,,,,,,,,"-500,000",,,"2,400,000",,,,,,,,
	EarningsFromEquityInterest,"782,837,000","220,699,000","198,524,000","348,545,000","15,069,000","63,260,000","61,823,000","44,322,000","50,465,000","127,658,000","119,706,000","106,542,000","90,444,000","149,987,000","134,408,000","100,828,000","90,026,000","123,058,000","116,110,000","92,017,000","69,085,000","94,344,000","83,374,000","84,990,000","90,626,000","81,517,000","68,221,000","70,196,000","64,872,000","58,301,000","55,631,000","55,764,000","57,423,000","46,596,000","47,916,000","56,516,000","54,231,000","35,294,000","37,129,000","29,132,000","30,353,000","31,677,000","17,120,000","13,821,000","18,621,000","25,192,000","22,533,000","10,614,000","17,582,000","24,526,000","4,655,000","5,494,000","5,545,000","19,186,000","17,312,000","-11,393,000",,,,,,,,,,,,,,,,,,,,,,,,,,,,,,,,,,,,,,,,,,,,,,,,,,,,,,,,,,,,,
	SpecialIncomeCharges,"333,686,000","3,810,000","239,778,000","0","90,098,000","-16,792,000","-91,285,000","-7,845,000","962,000","-114,195,000","10,141,000","2,681,000","0","143,878,000","0","9,672,000","135,277,000","-1,342,000",,"-123,629,000","0","-128,683,000","49,561,000","4,209,000","22,688,000","113,224,000","0","16,339,000","0","4,066,000","-109,856,000","133,870,000","2,897,000","7,609,000","11,071,000","68,068,000","20,767,000","18,104,000","-2,911,000","-991,000",,"185,811,000","55,295,000","0","0","-396,563,000","93,303,000","0","-159,785,000",,"238,000",,,"-25,158,000","-3,101,000","-23,390,000",,,,"-499,000",,,,"0","-42,000",,,,,,,"11,619,000",,"-5,459,000","-5,146,000",,,,,"169,162,000",,,,,,,,,"0","9,300,000",,"-9,300,000",,,,,,,,,,,,,,,,,,,,,,,,,
		RestructuringAndMergernAcquisition,"-206,855,000","-5,255,000","-108,543,000","0","-93,057,000",,,,,"-2,061,000","-10,141,000","-2,681,000","0","-143,878,000","0","-9,672,000","-135,277,000","1,342,000",,"-4,989,000","0","-8,094,000","-49,561,000","-4,209,000","-22,688,000","-234,177,000","0","-16,339,000","0","-4,066,000","-17,717,000","-133,870,000","-2,897,000","-7,609,000","-11,071,000","-68,068,000","-20,767,000","-18,104,000",,,,,,,,,,,,,,,,,,,,,,,,,,,,,,,,,,,,,,,,,,,,,,,,,,,,,,,,,,,,,,,,,,,,,,,,,,,,,,,
		ImpairmentOfCapitalAssets,,,,,,,,,,,,,,,,,,,,,,,,,,,,,,,,,,,,,,,,,,,,,,"8,169,000",,"0",,,,,,,,,,,,,,,,,,,,,,,,,,,,,,,,,,,,,,,,,,,,,,,,,,,,,,,,,,,,,,,,,,,,,
		WriteOff,,,,,,,,,,,,,,,,,,,,,,,,,,,,,,,,,,,,,,,,,,"0","0","0","0",,"185,063,000","0","165,625,000",,,,,,,,,,,,,,,,,,,,,,,,,,,,,,,,,,,,,,,,,,,,,,,,,,,,,,,,,,,,,,,,,,,,
		OtherSpecialCharges,"51,841,000","20,289,000","28,593,000",,"2,959,000",,,,,"116,256,000",,,,,,,,"0",,"128,618,000",,"136,777,000",,,,"120,953,000",,,,"0","127,573,000",,,,,,,,,,,"-277,883,000","23,012,000","703,000","1,726,000",,"15,917,000",,"202,000",,,,,,,"23,390,000",,,,,,,,,,,,,,,,,,,,,,,,,,,,,,,,,,,,,,,,,,,,,,,,,,,,,,,,,,,,,
		GainOnSaleOfBusiness,"178,672,000","18,844,000","159,828,000",,,"-16,792,000","-91,285,000","-7,845,000","962,000",,,,,,,,,,,,,,,,,,,,,,,,,,,,,,,,,,"78,307,000","14,349,000",,,"294,283,000",,,,,,,,,"0",,,,,,,,,,,,,,,,,,,,,,,,,,,,,,,,,,,,,,,,,,,,,,,,,,,,,,,,,,,,,
		GainOnSaleOfPPE,,,,,,,,,,,,,,,,,,,,,,,,,,,,,,,,,,,,,,,,,,,,,,,,,"6,042,000",,,,,,,,,,,,,,,,,,,,,,,,,,,,,,,,,,,,,,,,,,,,,,,,,,,,,,,,,,,,,,,,,,,,
PretaxIncome,"2,725,906,000","622,562,000","845,910,000","752,872,000","504,562,000","311,154,000","171,425,000","290,486,000","499,621,000","597,161,000","634,921,000","579,112,000","642,049,000","843,616,000","652,330,000","641,551,000","721,744,000","666,183,000","607,146,000","447,363,000","547,554,000","456,655,000","594,265,000","534,440,000","579,025,000","673,575,000","496,154,000","557,946,000","431,870,000","483,999,000","303,552,000","496,235,000","408,041,000","459,094,000","375,061,000","409,508,000","347,661,000","384,590,000","306,274,000","261,927,000","287,883,000","442,808,000","334,641,000","236,876,000","221,392,000",,"280,283,000","164,618,000",,"113,617,000","138,951,000","-14,251,000","143,725,000","154,367,000","125,065,000","88,544,000","99,261,000","140,172,000",,"73,675,000","114,234,000",,"147,330,000","109,306,000","95,132,000","76,105,000","112,501,000","104,032,000","102,711,000","92,207,000","110,259,000",,"77,795,000","90,283,000","90,511,000","103,189,000","57,103,000",,,,,,,,,,"-606,000","-1,501,000","50,041,000","56,152,000",,"63,900,000",,,,,,,,,,,,,,,,,,,,,,,,,
TaxProvision,"157,199,000","48,832,000","67,262,000","47,003,000","-5,898,000","-1,572,000","2,779,000","-62,000","-5,783,000","6,745,000","6,197,000","7,010,000","10,102,000","10,423,000","10,118,000","10,137,000","6,220,000","6,362,000","14,511,000","5,990,000","-3,521,000","1,052,000","6,325,000","7,115,000","15,186,000","6,730,000","3,658,000","3,420,000","6,362,000","8,007,000","6,589,000","6,626,000","6,938,000","9,791,000","7,768,000","8,983,000","13,193,000","14,094,000","-97,000","991,000","891,000","877,000","860,000","703,000","1,142,000",,"-249,000","-510,000",,"-2,316,000","-238,000","-143,000","-2,523,000","2,005,000","972,000","627,000","-23,000","-12,727,000",,"-528,000","1,285,000",,"2,536,000","-3,220,000","-1,639,000","-27,445,000","3,796,000","2,734,000","4,686,000","-22,608,000","2,196,000",,"2,010,000","-14,047,000","2,422,000","2,064,000","1,963,000",,,,,,,,,,"0","0",,"26,000",,"-3,400,000",,,,,,,,,,,,,,,,,,,,,,,,,
EarningsFromEquityInterestNetOfTax,,,,,,,,,,,,,,,,,,,,,,,,,,,,,,,,,,,,,,,,"0","494,837,000",,,"14,349,000","-584,000",,,"20,024,000",,,,,,"-40,546,000","-32,886,000","-23,744,000",,,,,,,,,,,,,,,,,,,,,,,,,,,,,,,,,,,,,,,,,,,,,,,,,,,,,,,,,,,,,
NetIncomeCommonStockholders,"2,246,294,000","503,241,000","679,936,000","617,257,000","445,860,000","271,483,000","145,926,000","254,213,000","437,605,000","510,194,000","544,254,000","495,324,000","548,475,000","712,796,000","556,267,000","547,004,000","620,654,000","571,116,000","513,783,000","381,990,000","477,736,000","394,431,000","504,744,000","455,389,000","480,995,000","569,257,000","420,009,000","472,944,000","362,174,000","405,048,000","251,968,000","406,587,000","341,648,000","381,555,000","311,675,000","339,936,000","283,138,000","315,383,000","254,921,000","215,445,000","645,410,000","362,930,000","274,000,000","205,121,000","179,412,000","217,923,000","230,624,000","152,504,000","9,373,000","91,543,000","105,547,000","-20,760,000","106,768,000","145,203,000","112,809,000","76,572,000","87,933,000","112,929,000","164,937,000","59,917,000","98,381,000","204,668,000","94,592,000","82,868,000","104,017,000","115,659,000","74,358,000","154,811,000","57,067,000","107,444,000","74,141,000","70,711,000","48,351,000","165,424,000","42,721,000","50,292,000","55,140,000","97,899,000","58,204,000","172,142,000","30,142,000","44,304,000","36,416,000","36,787,000","30,282,000","189,324,000","-606,000","-1,501,000","28,892,000","-12,486,000","66,100,000","60,000,000","58,300,000","7,398,000","45,200,000","43,200,000","24,000,000","40,200,000","79,800,000","43,500,000","8,200,000","71,600,000","17,000,000","13,400,000","15,100,000","90,000,000","20,000,000","13,900,000","12,600,000","1,800,000","8,600,000","6,800,000","15,500,000","9,200,000","8,000,000","8,000,000","7,900,000"
	NetIncome,"2,249,631,000","504,075,000","680,770,000","618,091,000","446,694,000","272,317,000","146,760,000","255,047,000","438,439,000","511,028,000","545,088,000","496,158,000","549,309,000","713,630,000","557,101,000","547,838,000","621,488,000","571,950,000","514,617,000","382,824,000","478,570,000","395,265,000","505,578,000","456,223,000","481,829,000","570,091,000","420,843,000","473,778,000","363,008,000","405,882,000","252,802,000","407,421,000","342,482,000","382,389,000","312,509,000","340,770,000","283,972,000","316,217,000","255,755,000","216,279,000","646,244,000","363,764,000","274,834,000","205,955,000","180,246,000","218,758,000","231,458,000","151,839,000","14,983,000","98,255,000","112,086,000","-14,231,000","113,297,000","152,342,000","124,093,000","87,917,000","99,284,000","125,005,000","179,227,000","74,220,000","112,787,000","226,992,000","112,995,000","101,263,000","122,590,000","134,184,000","92,883,000","173,218,000","75,464,000","126,286,000","81,975,000","78,545,000","56,187,000","173,514,000","58,404,000","65,975,000","70,822,000","113,582,000","73,887,000","188,478,000","46,641,000","60,803,000","52,915,000","45,964,000","39,467,000","226,132,000","-606,000","-1,501,000","38,113,000","-3,315,000","74,800,000","67,300,000","65,600,000","18,753,000","52,800,000","50,500,000","31,300,000","47,500,000","88,900,000","49,900,000","14,600,000","78,000,000","17,000,000","15,400,000","15,100,000","90,000,000","20,000,000","13,900,000","12,600,000","1,800,000","8,600,000","6,800,000","15,500,000","9,200,000","8,000,000","8,000,000","7,900,000"
		NetIncomeIncludingNoncontrollingInterests,"2,568,707,000","573,730,000","778,648,000","705,869,000","510,460,000","312,726,000","168,646,000","290,548,000","505,404,000","590,416,000","628,724,000","572,102,000","631,947,000","833,193,000","642,212,000","631,414,000","715,524,000","659,821,000","592,635,000","441,373,000","551,075,000","455,603,000","587,940,000","527,325,000","563,839,000","666,845,000","492,496,000","554,526,000","425,508,000","475,992,000","296,963,000","477,468,000","401,103,000","449,303,000","367,293,000","400,525,000","334,468,000","370,496,000","306,371,000","260,936,000","781,829,000","441,931,000","333,781,000","250,522,000","219,666,000","267,076,000","280,532,000","185,152,000","20,754,000","115,933,000","139,189,000","-14,108,000","146,248,000","152,342,000","124,093,000","87,917,000","101,568,000","129,843,000","182,279,000","77,356,000","115,697,000","231,004,000","116,149,000","104,696,000","123,515,000","139,193,000","96,057,000","175,471,000","78,771,000","129,083,000","84,184,000","82,365,000","57,048,000","177,484,000","59,292,000","66,561,000","72,655,000","117,711,000","75,698,000","190,448,000","49,229,000","63,557,000","55,401,000","49,079,000","41,705,000","236,849,000","-883,000","-1,571,000","40,547,000","15,104,000","72,600,000","63,600,000","63,800,000","30,788,000","51,700,000","48,300,000","29,900,000","45,800,000","87,500,000","49,200,000","7,900,000","76,100,000","15,800,000","14,700,000","6,200,000","114,400,000","9,700,000","6,700,000","12,200,000","-300,000","7,900,000","6,100,000","15,400,000","5,600,000","8,000,000","8,000,000","7,900,000"
			NetIncomeContinuousOperations,"2,568,707,000","573,730,000","778,648,000","705,869,000","510,460,000","312,726,000","168,646,000","290,548,000","505,404,000","590,416,000","628,724,000","572,102,000","631,947,000","833,193,000","642,212,000","631,414,000","715,524,000","659,821,000","592,635,000","441,373,000","551,075,000","455,603,000","587,940,000","527,325,000","563,839,000","666,845,000","492,496,000","554,526,000","425,508,000","475,992,000","296,963,000","489,609,000","401,103,000","449,303,000","367,293,000","400,525,000","334,468,000","370,496,000","306,371,000","260,936,000","781,829,000","441,931,000","333,781,000","250,522,000","219,666,000","267,076,000","280,532,000","185,152,000","20,754,000","115,933,000","139,189,000","-14,108,000","146,248,000","152,362,000","124,093,000","87,917,000","99,284,000","152,899,000","179,253,000","74,203,000","112,949,000","131,674,000","144,794,000","130,134,000","156,841,000","152,061,000","108,705,000","101,298,000","98,025,000","161,941,000","108,063,000","104,258,000","75,785,000","176,358,000","88,089,000","101,125,000","55,140,000","150,112,000","97,812,000","238,813,000","30,142,000","79,590,000","69,812,000","70,028,000","62,867,000","350,215,000","-606,000","-1,501,000","72,033,000","94,200,000","87,200,000","67,300,000","67,400,000","94,730,000","52,800,000","43,500,000","31,300,000","49,900,000","61,700,000","48,400,000","37,800,000","84,300,000","19,500,000","15,400,000","15,400,000","57,200,000","17,400,000","14,100,000","12,600,000","1,800,000","15,600,000","19,100,000","17,800,000","-17,000,000","8,000,000","8,000,000","7,900,000"
			NetIncomeDiscontinuousOperations,,,,,,,,,,,,,,,,,,,,,,,,,,"0","0","0","0","0","0","-12,141,000",,,,,,,,,,,,,,,,,,,,,,"-20,000","0","0","0","78,000","-26,000","17,000","-162,000","285,000","56,000","-135,000","163,000","20,192,000","10,920,000","1,596,000","-62,000","934,000","-391,000","-612,000","-209,000","5,647,000","329,000","-293,000",,,,,,,,,,,,,,,,,,,,,,,,,,,,,,,,,,,,,,,,,
			NetIncomeExtraordinary,,,,,,,,,,,,,,,,,,,,,,,,,,,,,,,,,,,,,,,,,,,,,,,,,,,,,,,,,,,,,,,,,,,,,,,,,,,,,,"-10,000","-1,822,000","16,139,000","0","346,000","-220,000","0","-1,663,000",,,,"-12,782,000","7,495,000","-12,400,000",,"-1,800,000","146,000",,"7,000,000",,,,,,,,,,,,,,,,,,,,,
			NetIncomeFromTaxLossCarryforward,,,,,,,,,,,,,,,,,,,,,,,,,,,,,,,,,,,,,,,,,,,,,,,,,,,,,,,,,,,,,,,,,,,,,,,,,,,,,,,"-1,822,000",,,"408,000","-220,000",,"-25,000",,,,,,,,,,,,,"-2,400,000","27,200,000","1,500,000","-23,200,000","-6,300,000","-2,500,000",,"-300,000","32,800,000","2,600,000","-200,000",,"0","-7,000,000","-12,300,000","-2,300,000",,,,
		MinorityInterests,"-319,076,000","-69,655,000","-97,878,000","-87,778,000","-63,766,000","-40,409,000","-21,886,000","-35,501,000","-66,965,000","-79,388,000","-83,636,000","-75,944,000","-82,638,000","-119,563,000","-85,111,000","-83,576,000","-94,036,000","-87,871,000","-78,018,000","-58,549,000","-72,505,000","-60,338,000","-82,362,000","-71,102,000","-82,010,000","-96,754,000","-71,653,000","-80,748,000","-62,500,000","-70,110,000","-44,161,000","-70,047,000","-58,621,000","-66,914,000","-54,784,000","-59,755,000","-50,496,000","-54,279,000","-50,616,000","-44,657,000","-135,585,000","-78,167,000","-58,947,000","-44,567,000","-39,420,000","-48,318,000","-49,074,000","-33,313,000","-5,771,000","-17,678,000","-27,103,000","-123,000","-32,951,000",,,,"-2,284,000","-4,838,000","-3,052,000","-3,136,000","-2,910,000","-4,012,000","-3,154,000","-3,433,000","-925,000","-5,009,000","-3,174,000","-2,253,000","-3,307,000","-2,797,000","-2,209,000","-3,820,000","-861,000","-3,970,000","-888,000","-586,000","-1,833,000","-4,129,000","-1,811,000","-1,970,000","-2,588,000","-2,754,000","-2,486,000","-3,115,000","-2,238,000","-10,717,000","277,000","70,000","-2,434,000","-18,419,000","2,200,000","3,700,000","1,800,000","-12,035,000","1,100,000","2,200,000","1,400,000","1,700,000","1,400,000","700,000","6,700,000","1,900,000","1,200,000","700,000","8,900,000","-24,400,000","10,300,000","7,200,000","400,000","2,100,000","700,000","700,000","100,000",,,,
	PreferredStockDividends,"3,337,000","834,000","834,000","834,000","834,000","834,000","834,000","834,000","834,000","834,000","834,000","834,000","834,000","834,000","834,000","834,000","834,000","834,000","834,000","834,000","834,000","834,000","834,000","834,000","834,000","834,000","834,000","834,000","834,000","834,000","834,000","834,000","834,000","834,000","834,000","834,000","834,000","834,000","834,000","834,000","834,000","834,000","834,000","834,000","834,000","835,000","834,000","-665,000","5,610,000","6,712,000","6,539,000","6,529,000","6,529,000","7,139,000","11,284,000","11,345,000","11,351,000","12,076,000","14,290,000","14,303,000","14,406,000","22,324,000","18,403,000","18,395,000","18,573,000","18,525,000","18,525,000","18,407,000","18,397,000","18,842,000","7,834,000","7,834,000","7,836,000","8,090,000","15,683,000","15,683,000","15,682,000","15,683,000","15,683,000","16,336,000","16,499,000","16,499,000","16,499,000","9,177,000","9,185,000",,,,"9,221,000","9,171,000","8,700,000","7,300,000","7,300,000","11,355,000","7,600,000","7,300,000","7,300,000","7,300,000","9,100,000","6,400,000","6,400,000","6,400,000",,"2,000,000",,,,,,,,,,,,,
DilutedNIAvailtoComStockholders,"2,246,294,000","503,241,000","679,936,000","617,257,000","445,860,000","271,483,000","145,926,000","254,213,000","437,605,000","510,194,000","544,254,000","495,324,000","548,475,000","712,796,000","556,267,000","547,004,000","620,654,000","571,116,000","513,783,000","381,990,000","477,736,000","394,431,000","504,744,000","455,389,000","480,995,000","569,257,000","420,009,000","472,944,000","362,174,000","405,048,000","251,968,000","406,587,000","341,648,000","381,555,000","311,675,000","339,936,000","283,138,000","315,383,000","254,921,000","215,445,000","645,410,000","362,930,000","274,000,000","205,121,000","179,412,000","217,923,000","230,624,000","152,504,000","9,373,000","91,543,000","105,547,000","-20,760,000","106,768,000","145,203,000","112,809,000","76,572,000","87,933,000","112,929,000","164,937,000","59,917,000","98,381,000","204,668,000","94,592,000","82,868,000","104,017,000","115,659,000","74,358,000","154,811,000","57,067,000","107,444,000","74,141,000","70,711,000","48,351,000","165,424,000","42,721,000","50,292,000","55,140,000","97,899,000","58,204,000","172,142,000","30,142,000","44,304,000","36,416,000","36,787,000","30,282,000","189,324,000","-606,000","-1,501,000","28,892,000","-12,486,000","66,100,000","60,000,000","58,300,000","7,398,000","45,200,000","43,200,000","24,000,000","40,200,000","79,800,000","43,500,000","8,200,000","71,600,000","17,000,000","13,400,000","15,100,000","90,000,000","20,000,000","13,900,000","12,600,000","1,800,000","8,600,000","6,800,000","15,500,000","9,200,000","8,000,000","8,000,000","7,900,000"
BasicEPS,,"1.53","2.07","1.88","1.36","0.86","0.48","0.83","1.43","1.66","1.77","1.6","1.78","2.3","1.8","1.77","2","1.84","1.65","1.23","1.53","1.26","1.61","1.45","1.55","1.27","1.36","1.52","1.16","1.3","0.81","1.31","1.1","1.23","1","1.1","0.91","1.01","0.84","0.71","2.18",,"0.93","0.699","0.61",,"0.79","0.52","0.03",,"0.38","-0.08","0.45",,"0.5","0.34","0.39",,"0.74","0.27","0.44",,"0.43","0.37","0.47",,"0.34","0.7","0.26",,"0.36","0.34","0.24",,"0.23","0.27","0.29",,"0.31","0.99","0.17",,"0.21","0.21","0.18",,"-0.35","-0.86","0.17",,"0.24","0.22","0.21",,"0.25","0.25","0.22",,"0.5","0.26","0.08",,"0.18","0.23","0.23",,"0.28","0.25","0.26",,"0.18","0.14","0.19",,"0.2","0.2","0.19"
DilutedEPS,,"1.53","2.07","1.88","1.36","0.86","0.48","0.83","1.43","1.66","1.77","1.6","1.78","2.3","1.8","1.77","2","1.84","1.65","1.23","1.53","1.26","1.61","1.45","1.55","1.27","1.36","1.52","1.16","1.3","0.81","1.31","1.1","1.229","1","1.1","0.91","1.01","0.84","0.71","2.18",,"0.93","0.699","0.61",,"0.79","0.52","0.03",,"0.38","-0.08","0.45",,"0.5","0.34","0.39",,"0.74","0.27","0.44",,"0.43","0.37","0.47",,"0.34","0.7","0.26",,"0.36","0.34","0.24",,"0.22","0.26","0.29",,"0.31","0.96","0.17",,"0.21","0.21","0.176",,"-0.35","-0.86","0.17",,"0.24","0.22","0.21",,"0.25","0.25","0.22",,"0.5","0.26","0.08",,"0.16","0.23","0.23",,"0.28","0.25","0.26",,"0.18","0.14","0.19",,"0.2","0.2","0.19"
BasicAverageShares,,"328,619,000","328,619,000","328,594,000","328,514,497","316,595,000","305,913,431","305,882,326","306,504,000","307,345,783","307,275,000","308,709,000","308,978,000","309,294,000","309,294,000","309,355,000","310,584,000","310,856,000","310,853,000","311,579,000","312,810,000","313,685,000","314,234,000","313,399,000","309,416,000","309,419,000","309,417,000","310,499,000","311,101,000","310,784,000","310,772,000","310,743,000","310,623,000","310,434,000","310,333,000","310,261,000","309,987,000","309,417,000","304,107,489","303,443,662","295,693,410",,"294,623,656","293,594,135","293,080,000",,"291,929,114","292,324,000","286,125,000",,"261,355,000","268,289,545","235,908,551",,"224,601,000","224,982,539","225,469,231",,"222,887,838","221,914,815","223,593,182",,"219,981,395","223,967,568","221,312,766",,"218,700,000","221,158,571","219,488,462",,"205,947,222","207,973,529","201,462,500",,"185,743,478","186,266,667","190,137,931",,"185,532,000","174,435,000","173,946,000",,"172,746,000","172,485,000","172,001,000",,"1,727,594","1,736,721","169,952,941",,"173,479,478","173,455,478","173,184,480",,"180,800,000","109,090,909","109,090,909",,"158,823,529","167,307,692","102,500,000",,"94,444,444","58,260,870","65,652,174",,"71,428,571","55,600,000","48,461,538",,"47,777,778","48,571,429","46,612,000",,"40,000,000","40,000,000","41,578,947"
DilutedAverageShares,,"328,619,000","328,619,000","328,594,000","328,514,497","316,595,000","305,913,431","305,882,326","306,504,000","307,345,783","307,275,000","308,709,000","308,978,000","309,294,000","309,294,000","309,355,000","310,584,000","310,856,000","310,853,000","311,579,000","312,810,000","313,685,000","314,234,000","313,399,000","309,416,000","309,419,000","309,417,000","310,499,000","311,101,000","310,784,000","310,772,000","310,743,000","310,623,000","310,434,000","310,333,000","310,261,000","309,987,000","309,418,000","304,108,559","303,443,662","295,694,520",,"294,623,656","293,594,135","293,080,000",,"291,929,114","293,187,000","286,439,000",,"262,907,000","268,289,545","236,128,461",,"225,194,000","225,571,345","225,469,231",,"222,887,838","221,914,815","223,593,182",,"219,981,395","223,967,568","221,312,766",,"218,700,000","221,158,571","219,488,462",,"205,947,222","207,973,529","201,462,500",,"194,186,364","193,430,769","190,137,931",,"186,262,000","189,457,000","174,529,000",,"173,031,000","172,805,000","172,178,000",,"1,727,594","169,952,941","169,952,941",,"173,479,478","173,455,478","173,184,480",,"180,800,000","109,090,909","109,090,909",,"158,823,529","167,307,692","102,500,000",,"106,250,000","58,260,870","65,652,174",,"71,428,571","55,600,000","48,461,538",,"47,777,778","48,571,429","46,612,000",,"40,000,000","40,000,000","41,578,947"
TotalOperatingIncomeAsReported,"2,413,190,000","591,532,000","612,324,000","604,723,000","604,612,000","462,048,000","404,024,000","450,868,000","654,869,000","776,876,000","705,302,000","680,631,000","750,338,000","754,089,000","717,391,000","737,675,000","701,933,000","749,452,000","690,068,000","686,149,000","676,671,000","700,500,000","676,191,000","659,236,000","684,901,000","709,730,000","657,587,000","702,385,000","599,171,000","655,288,000","607,557,000","561,531,000","615,872,000","692,546,000","600,565,000","564,890,000","557,689,000","622,685,000","560,952,000","521,355,000","515,609,000","533,082,000","483,598,000","467,572,000","450,890,000","504,062,000","397,794,000","415,467,000","426,916,000","425,601,000","392,177,000","224,698,000","364,216,000","445,818,000","383,695,000","379,406,000","351,958,000","473,849,000","378,699,000","333,551,000","348,966,000","389,652,000","321,324,000","310,049,000","299,204,000","345,565,000","299,598,000","288,848,000","275,254,000","335,726,000","248,844,000","240,201,000","228,470,000","303,361,000","221,726,000","229,612,000","221,824,000","285,810,000","229,865,000","221,428,000","201,635,000","201,045,000","214,626,000","209,170,000","208,577,000","905,321,000","-1,640,000","-1,787,000","208,725,000",,,,,,,,,,,,,,,,,,,,,,,,,,,,
TotalExpenses,"2,703,599,000","734,605,000","684,230,000","649,423,000","635,339,000","669,381,000","656,650,000","611,173,000","698,491,000","711,739,000","711,252,000","716,555,000","702,496,000","706,653,000","691,614,000","650,683,000","697,881,000","678,240,000","713,570,000","675,399,000","669,092,000","725,466,000","680,977,000","656,144,000","651,814,000","670,891,000","662,550,000","646,725,000","617,064,000","641,832,000","627,137,000","620,451,000","699,119,000","723,715,000","701,691,000","671,673,000","657,369,000","728,173,000","667,665,000","666,711,000","603,360,000","699,510,000","567,750,000","573,289,000","568,984,000","547,611,000","565,564,000","518,099,000","498,155,000","405,226,000","532,755,000","678,914,000","554,276,000","583,498,000","551,899,000","543,541,000","543,340,000","506,671,000","528,446,000","522,381,000","503,175,000","537,379,000","497,412,000","488,689,000","488,445,000","530,914,000","487,171,000","467,414,000","481,618,000","498,924,000","374,609,000","361,382,000","355,843,000","330,279,000","344,854,000","336,705,000","325,966,000","338,372,000","320,889,000","295,106,000","292,697,000","371,095,000","284,614,000","278,470,000","281,238,000","1,108,107,000","4,492,000","4,378,000","267,467,000","1,745,958,000","-240,500,000","-232,500,000","-234,500,000","1,249,247,000","-163,400,000","-163,700,000","-172,300,000","-168,400,000","-126,400,000","-124,000,000","-125,500,000","-101,000,000","-123,500,000","-77,400,000","-75,700,000","-80,000,000","-71,100,000","-69,400,000","-78,100,000","-64,500,000","-65,600,000","-61,000,000","-56,700,000",,,,
NetIncomeFromContinuingAndDiscontinuedOperation,"2,249,631,000","504,075,000","680,770,000","618,091,000","446,694,000","272,317,000","146,760,000","255,047,000","438,439,000","511,028,000","545,088,000","496,158,000","549,309,000","713,630,000","557,101,000","547,838,000","621,488,000","571,950,000","514,617,000","382,824,000","478,570,000","395,265,000","505,578,000","456,223,000","481,829,000","570,091,000","420,843,000","473,778,000","363,008,000","405,882,000","252,802,000","407,421,000","342,482,000","382,389,000","312,509,000","340,770,000","283,972,000","316,217,000","255,755,000","216,279,000","646,244,000","363,764,000","274,834,000","205,955,000","180,246,000","218,758,000","231,458,000","151,839,000","14,983,000","98,255,000","112,086,000","-14,231,000","113,297,000","152,342,000","124,093,000","87,917,000","99,284,000","125,005,000","179,227,000","74,220,000","112,787,000","226,992,000","112,995,000","101,263,000","122,590,000","134,184,000","92,883,000","173,218,000","75,464,000","126,286,000","81,975,000","78,545,000","56,187,000","173,514,000","58,404,000","65,975,000","70,822,000","113,592,000","77,531,000","172,339,000","46,641,000","60,049,000","53,355,000","45,964,000","41,155,000","239,772,000","-606,000","-1,501,000","50,895,000","7,890,000","87,200,000","67,300,000","67,400,000","11,507,000","52,800,000","43,500,000","31,300,000","49,900,000","61,700,000","48,400,000","37,800,000","84,300,000","19,500,000","15,400,000","15,400,000","57,200,000","17,400,000","14,100,000","12,600,000","1,800,000","15,600,000","19,100,000","17,800,000","-17,000,000","8,000,000","8,000,000","7,900,000"
NormalizedIncome,"1,942,816,355.314","500,539,884.975","464,608,677.363","618,069,435.927","383,259,190","284,215,270","237,823,429.161","260,626,390","451,641,780","627,261,135.412","532,913,002.512","505,677,358.729","549,309,000","571,529,633.893","557,101,000","538,318,825.051","487,376,819.099","573,279,183.996","514,617,000","504,797,660.354","478,570,000","523,651,551.881","456,544,497.539","452,070,034.419","459,736,034.701","457,998,273.459","420,843,000","457,539,151.95","363,008,000","401,883,265.556","360,273,429.37","287,479,505.154","339,634,258.251","374,942,275.523","301,667,294.776","274,195,145.052","263,993,063.749","292,585,946.462","257,647,150","216,279,000","646,244,000","178,321,006.556","219,681,103.627","205,955,000","180,246,000","476,523,950","170,811,050","151,839,000","118,843,250","98,255,000","112,086,000","-14,231,000","113,297,000","177,193,234.629","127,169,899.156","111,141,370.144","99,284,000","213,425,800","179,253,000","74,202,350","112,949,000","226,707,000","103,644,783.9","101,398,000","122,452,200","129,769,000","82,016,144.194","169,544,082.321","65,530,811.315","124,896,000","81,267,326.667","72,185,600","69,547,198.663","174,230,000","63,083,297.268","66,268,000","66,693,959.442","113,592,000","77,485,400","70,841,800","46,641,000","60,018,400","53,433,600","45,980,800","39,528,400","239,772,000","-606,000","-1,501,000","50,895,000","-1,405,693.831","87,200,000","72,880,000","67,400,000","11,507,000","52,800,000","43,500,000","31,300,000","49,900,000","61,700,000","48,400,000","37,800,000","84,300,000","19,500,000","15,400,000","15,400,000","57,500,000","17,400,000","14,100,000","11,160,000","1,800,000","15,600,000","19,100,000","17,800,000","-17,000,000","8,000,000","8,000,000","7,900,000"
InterestExpense,"795,712,000","193,505,000","199,772,000","200,419,000","202,016,000","197,855,000","201,858,000","197,061,000","187,627,000","189,812,000","202,382,000","198,425,000","198,733,000","204,338,000","199,469,000","206,624,000","205,492,000","204,985,000","199,032,000","207,174,000","198,202,000","209,506,000","214,861,000","213,995,000","219,190,000","230,896,000","229,654,000","230,974,000","232,173,000","233,656,000","249,780,000","254,930,000","268,151,000","287,657,000","284,491,000","279,966,000","285,026,000","291,493,000","288,896,000","288,560,000","258,079,000","246,508,000","244,384,000","244,517,000","248,119,000","252,405,000","249,264,000","261,463,000","263,959,000","263,705,000","257,881,000","244,443,000","226,036,000","244,933,000","239,955,000","232,335,000",,,,,,,,,,,,,,,,,,,,,,,,,,,,,,,,,,,,,,,,,,,,,,,,,,,,,,,,,,,,,
NetInterestIncome,"-795,712,000","-193,505,000","-199,772,000","-200,419,000","-202,016,000","-197,855,000","-201,858,000","-197,061,000","-187,627,000","-189,812,000","-202,382,000","-198,425,000","-198,733,000","-204,338,000","-199,469,000","-206,624,000","-205,492,000","-204,985,000","-199,032,000","-207,174,000","-198,202,000","-209,506,000","-214,861,000","-213,995,000","-219,190,000","-230,896,000","-229,654,000","-230,974,000","-232,173,000","-233,656,000","-249,780,000","-254,930,000","-268,151,000","-287,657,000","-284,491,000","-279,966,000","-285,026,000","-291,493,000","-288,896,000","-288,560,000","-258,079,000","-246,508,000","-244,384,000","-244,517,000","-248,119,000","-252,405,000","-249,264,000","-261,463,000","-263,959,000","-263,705,000","-257,881,000","-244,443,000","-226,036,000","-244,933,000","-239,955,000","-232,335,000",,,,,,,,,,,,,,,,,,,,,,,,,,,,,,,,,,,,,,,,,,,,,,,,,,,,,,,,,,,,,
EBIT,"3,521,618,000","816,067,000","1,045,682,000","953,291,000","706,578,000","509,009,000","373,283,000","487,547,000","687,248,000","786,973,000","837,303,000","777,537,000","840,782,000","1,047,954,000","851,799,000","848,175,000","927,236,000","871,168,000","806,178,000","654,537,000","745,756,000","666,161,000","809,126,000","748,435,000","798,215,000","904,471,000","725,808,000","788,920,000","664,043,000","717,655,000","553,332,000","751,165,000","676,192,000","746,751,000","659,552,000","689,474,000","632,687,000","676,083,000","595,170,000","550,487,000","545,962,000","689,316,000","579,025,000","481,393,000","469,511,000","221,126,000","529,547,000","426,081,000","426,916,000","377,322,000","396,832,000","230,192,000","369,761,000","399,300,000","365,020,000","320,879,000","351,958,000","528,910,000","378,699,000","333,551,000","348,966,000","389,652,000","321,324,000","310,049,000","299,204,000","345,565,000","299,598,000","288,848,000","275,254,000","335,726,000","248,844,000","240,201,000","228,470,000","313,942,000","221,726,000","229,612,000","221,824,000","285,810,000","229,865,000","221,428,000","201,635,000","201,045,000","214,626,000","209,170,000","208,577,000","905,321,000","-1,640,000","-1,787,000","208,725,000","-1,269,655,000","730,200,000","699,600,000","694,000,000","-785,488,000","489,500,000","474,300,000","477,400,000","484,900,000","393,300,000","370,900,000","368,600,000","365,100,000","329,500,000","214,900,000","216,900,000","236,300,000","209,100,000","200,200,000","210,300,000","199,600,000","181,500,000","172,800,000","162,500,000","326,100,000","102,800,000","102,800,000","102,700,000"
EBITDA,"4,847,513,000"
ReconciledCostOfRevenue,"907,884,000","248,975,000","238,433,000","212,573,000","207,904,000","209,495,000","216,432,000","188,650,000","235,595,000","244,329,000","255,330,000","224,659,000","243,655,000","243,127,000","242,539,000","217,394,000","237,583,000","225,344,000","236,422,000","225,023,000","211,391,000","223,308,000","237,361,000","213,841,000","221,363,000","229,456,000","235,074,000","212,200,000","221,818,000","206,897,000","204,258,000","160,744,000","268,154,000","257,852,000","255,310,000","241,253,000","243,999,000","641,412,000","122,501,000","106,194,000","91,347,000","89,709,000","108,610,000","100,187,000","91,572,000","90,399,000","101,636,000","95,201,000","93,821,000","94,165,000","110,473,000","104,294,000","104,879,000","102,614,000","127,093,000","123,023,000",,,,,,,,,,,,,,,,,,,,,,,,,,,,,,,,,,,,,,,,,,,,,,,,,,,,,,,,,,,,,
ReconciledDepreciation,"1,325,895,000","340,779,000","320,333,000","332,963,000","331,820,000","337,474,000","339,841,000","337,411,000","340,265,000","339,065,000","343,359,000","371,830,000","339,918,000","340,105,000","335,604,000","339,395,000","334,672,000","345,016,000","336,727,000","339,859,000","335,749,000","355,900,000","329,400,000","324,847,000","317,799,000","318,525,000","305,440,000","312,582,000","302,667,000","312,150,000","302,920,000","340,152,000","330,562,000","341,235,000","338,361,000","331,380,000","321,974,000","360,994,000","320,121,000","321,687,000","298,502,000","293,385,000","274,638,000","270,136,000","274,279,000","284,634,000","257,314,000","240,223,000","233,856,000","244,165,000","253,493,000","254,227,000","257,605,000","269,975,000","236,337,000","225,505,000","225,010,000","228,263,000","217,499,000","221,942,000","207,580,000","212,733,000","198,792,000","201,446,000","199,747,000","213,398,000","193,730,000","196,372,000","203,138,000","171,539,000","149,301,000","149,059,000","141,191,000","130,367,000","136,483,000","124,863,000","126,847,000","127,053,000","129,295,000","120,959,000","113,999,000","134,988,000","111,567,000","109,211,000","109,126,000","430,398,000","25,000","-101,773,000","101,822,000","112,604,000","96,400,000","92,900,000","92,100,000","93,012,000","64,900,000","60,500,000","60,400,000","75,000,000","42,500,000","45,700,000","45,300,000","48,600,000","39,700,000","28,600,000","26,700,000","29,500,000","24,300,000","24,000,000","23,500,000","22,100,000","21,400,000","20,400,000","19,300,000",,,,
NetIncomeFromContinuingOperationNetMinorityInterest,"2,249,631,000","504,075,000","680,770,000","618,091,000","446,694,000","272,317,000","146,760,000","255,047,000","438,439,000","511,028,000","545,088,000","496,158,000","549,309,000","713,630,000","557,101,000","547,838,000","621,488,000","571,950,000","514,617,000","382,824,000","478,570,000","395,265,000","505,578,000","456,223,000","481,829,000","570,091,000","420,843,000","473,778,000","363,008,000","405,882,000","252,802,000","419,562,000","342,482,000","382,389,000","312,509,000","340,770,000","283,972,000","316,217,000","255,755,000","216,279,000","646,244,000","363,764,000","274,834,000","205,955,000","180,246,000","218,758,000","231,458,000","151,839,000","14,983,000","98,255,000","112,086,000","-14,231,000","113,297,000","152,362,000","124,093,000","87,917,000","99,284,000","124,927,000","179,253,000","74,203,000","112,949,000","226,707,000","112,939,000","101,398,000","122,427,000","113,992,000","81,963,000","171,622,000","75,526,000","125,352,000","82,366,000","79,157,000","56,396,000","167,867,000","58,075,000","66,268,000","70,822,000","113,592,000","77,531,000","172,339,000","46,641,000","60,049,000","53,355,000","45,964,000","41,155,000","239,772,000","-606,000","-1,501,000","50,895,000","7,890,000","87,200,000","67,300,000","67,400,000","11,507,000","52,800,000","43,500,000","31,300,000","49,900,000","61,700,000","48,400,000","37,800,000","84,300,000","19,500,000","15,400,000","15,400,000","57,200,000","17,400,000","14,100,000","12,600,000","1,800,000","15,600,000","19,100,000","17,800,000","-17,000,000","8,000,000","8,000,000","7,900,000"
TotalUnusualItemsExcludingGoodwill,"325,591,000","3,836,000","234,834,000","23,000","86,897,000","-16,299,000","-92,564,000","-7,643,000","-18,086,000","-117,561,000","12,295,000","-9,636,000","0","143,878,000","0","9,672,000","135,277,000","-1,342,000",,"-123,629,000","0","-128,683,000","49,561,000","4,209,000","22,688,000","113,224,000","0","16,339,000","0","4,066,000","-109,856,000","133,870,000","2,897,000","7,609,000","11,071,000","68,068,000","20,767,000","24,530,000","-2,911,000","-991,000",,"185,811,000","55,295,000","0","0","-396,563,000","93,303,000","0","-159,785,000",,"238,000",,,"-25,158,000","-3,101,000","-23,390,000",,"-136,152,000",,"1,000",,,"9,457,000","0","-42,000","-26,295,000","-55,000","2,134,000","10,473,000","760,000","1,121,000","11,619,000","-13,500,000","-10,605,000","-5,146,000",,"4,275,000",,"76,000","169,162,000",,"51,000","-131,000","-28,000","2,711,000",,,,"0","9,300,000",,"-9,300,000",,,,,,,,,,,,,,"-500,000",,,"2,400,000",,,,,,,,
TotalUnusualItems,"325,591,000","3,836,000","234,834,000","23,000","86,897,000","-16,299,000","-92,564,000","-7,643,000","-18,086,000","-117,561,000","12,295,000","-9,636,000","0","143,878,000","0","9,672,000","135,277,000","-1,342,000",,"-123,629,000","0","-128,683,000","49,561,000","4,209,000","22,688,000","113,224,000","0","16,339,000","0","4,066,000","-109,856,000","133,870,000","2,897,000","7,609,000","11,071,000","68,068,000","20,767,000","24,530,000","-2,911,000","-991,000",,"185,811,000","55,295,000","0","0","-396,563,000","93,303,000","0","-159,785,000",,"238,000",,,"-25,158,000","-3,101,000","-23,390,000",,"-136,152,000",,"1,000",,,"9,457,000","0","-42,000","-26,295,000","-55,000","2,134,000","10,473,000","760,000","1,121,000","11,619,000","-13,500,000","-10,605,000","-5,146,000",,"4,275,000",,"76,000","169,162,000",,"51,000","-131,000","-28,000","2,711,000",,,,"0","9,300,000",,"-9,300,000",,,,,,,,,,,,,,"-500,000",,,"2,400,000",,,,,,,,
NormalizedEBITDA,"4,521,922,000","1,153,010,000","1,131,181,000","1,286,231,000","951,501,000","862,782,000","805,688,000","832,601,000","1,045,599,000","1,243,599,000","1,168,367,000","1,159,003,000","1,180,700,000","1,244,181,000","1,187,403,000","1,177,898,000","1,126,631,000","1,217,526,000","1,142,905,000","1,118,025,000","1,081,505,000","1,150,744,000","1,088,965,000","1,069,073,000","1,093,326,000","1,109,772,000","1,031,248,000","1,085,163,000","966,710,000","1,025,739,000","966,108,000","957,447,000","1,003,857,000","1,080,377,000","986,842,000","952,786,000","933,894,000","1,012,547,000","918,202,000","872,174,000","844,464,000","796,890,000","798,368,000","751,529,000","743,790,000","902,323,000","693,558,000","666,304,000","820,557,000","621,487,000","650,325,000","484,419,000","627,366,000","694,433,000","604,458,000","580,886,000","580,001,000","900,154,000","603,361,000","564,161,000","564,237,000","613,654,000","523,257,000","521,412,000","508,693,000","599,781,000","503,759,000","493,158,000","478,650,000","528,911,000","397,024,000","377,641,000","383,161,000","454,914,000","363,355,000","355,454,000","344,396,000","413,085,000","359,084,000","173,225,000","315,634,000","335,982,000","326,324,000","318,409,000","314,992,000","1,335,719,000","-1,615,000","-1,761,000","310,547,000","-1,166,351,000","826,600,000","801,800,000","786,100,000","-692,476,000","554,400,000","534,800,000","537,800,000","559,900,000","435,800,000","416,600,000","413,900,000","413,700,000","369,200,000","243,500,000","243,600,000","266,300,000","233,400,000","224,200,000","231,400,000","221,700,000","202,900,000","193,200,000","181,800,000","326,100,000","102,800,000","102,800,000","102,700,000"
TaxRateForCalcs,"0.058","0.078","0.08","0.062","0.27","0.27","0.016","0.27","0.27","0.011","0.01","0.012","0.016","0.012","0.016","0.016","0.009","0.01","0.024","0.013","0.4","0.002","0.011","0.013","0.026","0.01","0.007","0.006","0.015","0.017","0.022","0.013","0.017","0.021","0.021","0.022","0.038","0.037","0.35","0.004","0.003","0.002","0.003","0.003","0.005","0.35","0.35","0.35","0.35","0.35","0.35","0.01","0.35","0.013","0.008","0.007","0.35","0.35","0.35","0.35","0.011","0.4","0.017","0.4","0.4","0.4","0.034","0.026","0.046","0.4","0.02","0.4","0.026","0.4","0.027","0.02","0.034","0.4","0.4","0.4","0.4","0.4","0.4","0.4","0.4","0.4","0","0","0.4","0","0.4","0.4","0.4","0.4","0.4","0.4","0.4","0.4","0.4","0.4","0.4","0.4","0.4","0.4","0.4","0.4","0.4","0.4","0.4","0.4","0.4","0.4","0.4","0.4","0.4","0.4","0.4"
TaxEffectOfUnusualItems,"18,776,355.314","300,884.975","18,672,677.363","1,435.927","23,462,190","-4,400,730","-1,500,570.839","-2,063,610","-4,883,220","-1,327,864.588","120,002.512","-116,641.271","0","1,777,633.893","0","152,825.051","1,165,819.099","-12,816.004","0","-1,655,339.646","0","-296,448.119","527,497.539","56,034.419","595,034.701","1,131,273.459","0","100,151.95","0","67,265.556","-2,384,570.63","1,787,505.154","49,258.251","162,275.523","229,294.776","1,493,145.052","788,063.749","898,946.462","-1,018,850","0","0","368,006.556","142,103.627","0","0","-138,797,050","32,656,050","0","-55,924,750","0","0","0","0","-326,765.371","-24,100.844","-165,629.856","0","-47,653,200","0","350","0","0","162,783.9","0","-16,800","-10,518,000","-1,855.806","56,082.321","477,811.315","304,000","22,326.667","4,647,600","-348,801.337","-4,242,000","-137,702.732","0","146,959.442","0","30,400","67,664,800","0","20,400","-52,400","-11,200","1,084,400","0","0","0","0","4,306.169","0","-3,720,000","0","0","0","0","0","0","0","0","0","0","0","0","0","-200,000","0","0","960,000","0","0","0","0","0","0","0","0"