name,ttm,12/31/2021,09/30/2021,06/30/2021,03/31/2021,12/31/2020,09/30/2020,06/30/2020,03/31/2020,12/31/2019,09/30/2019,06/30/2019,03/31/2019,12/31/2018,09/30/2018,06/30/2018,03/31/2018,12/31/2017,09/30/2017,06/30/2017,03/31/2017,12/31/2016,09/30/2016,06/30/2016,03/31/2016,12/31/2015,09/30/2015,06/30/2015,03/31/2015,12/31/2014,09/30/2014,06/30/2014,03/31/2014,12/31/2013,09/30/2013,06/30/2013,03/31/2013,12/31/2012,09/30/2012,06/30/2012,03/31/2012,12/31/2011,09/30/2011,06/30/2011,03/31/2011,12/31/2010,09/30/2010,06/30/2010,03/31/2010,12/31/2009,09/30/2009,06/30/2009,03/31/2009,12/31/2008,09/30/2008,06/30/2008,03/31/2008,12/31/2007,09/30/2007,06/30/2007,03/31/2007,12/31/2006,09/30/2006,06/30/2006,03/31/2006,12/31/2005,09/30/2005,06/30/2005,03/31/2005,12/31/2004,09/30/2004,06/30/2004,03/31/2004,12/31/2003,09/30/2003,06/30/2003,03/31/2003,12/31/2002,09/30/2002,06/30/2002,03/31/2002,12/31/2001,09/30/2001,06/30/2001,03/31/2001,12/31/2000,09/30/2000,06/30/2000,03/31/2000,12/31/1999,09/30/1999,06/30/1999,03/31/1999,12/31/1998,09/30/1998,06/30/1998,03/31/1998,12/31/1997,09/30/1997,06/30/1997,03/31/1997,12/31/1996,09/30/1996,06/30/1996,03/31/1996,12/31/1995,09/30/1995,06/30/1995,03/31/1995,12/31/1994,09/30/1994,06/30/1994,03/31/1994,12/31/1993,09/30/1993,06/30/1993,03/31/1993,12/31/1992,09/30/1992,06/30/1992,03/31/1992,12/31/1991,09/30/1991,06/30/1991,03/31/1991,12/31/1990,09/30/1990,06/30/1990,03/31/1990,12/31/1989,09/30/1989,06/30/1989,03/31/1989,12/31/1988,09/30/1988,06/30/1988,03/31/1988,12/31/1987,09/30/1987,06/30/1987,03/31/1987,12/31/1986,09/30/1986,06/30/1986,03/31/1986,12/31/1985,09/30/1985
TotalRevenue,"8,297,000,000","2,088,000,000","2,087,000,000","2,106,000,000","2,016,000,000","1,867,000,000","1,846,000,000","1,943,000,000","1,786,000,000","1,735,000,000","1,689,000,000","1,704,000,000","1,571,000,000","1,537,000,000","1,546,000,000","1,609,000,000","1,567,000,000","1,588,000,000","1,513,000,000","1,509,000,000","1,453,000,000","1,399,000,000","1,439,000,000","1,482,000,000","1,341,000,000","1,375,000,000","1,324,000,000","1,342,000,000","1,273,000,000","1,290,000,000","1,263,000,000","1,346,000,000","1,236,000,000","1,250,000,000","1,194,000,000","1,250,000,000","1,181,000,000","-380,000,000","1,953,000,000","1,547,000,000","1,331,000,000","1,519,600,000","1,908,000,000","1,580,800,000","1,281,900,000","1,524,079,000","1,956,200,000","1,474,056,000","1,190,390,000","1,462,492,000","1,875,903,000","1,465,180,000","1,148,207,000","1,415,418,000","2,048,541,000","1,673,225,000","1,217,871,000","1,569,688,000","2,187,996,000","1,718,179,000","1,296,418,000","1,594,346,000","1,992,570,000","1,527,543,000","1,140,679,000","1,541,318,000","1,977,041,000","1,456,277,000","1,029,006,000","1,412,755,000","1,695,911,000","1,230,297,000","911,575,000","1,168,230,000","1,622,606,000","1,190,478,000","846,543,000","1,172,281,000","1,577,334,000","1,191,401,000","846,652,000","1,114,568,000","1,535,100,000","1,149,470,000","846,397,000","1,067,561,000","1,391,650,000","1,019,223,000","802,534,000","1,034,300,000","1,318,500,000","922,700,000","716,500,000","938,100,000","1,206,400,000","881,100,000","703,400,000","900,800,000","1,143,700,000","836,700,000","652,900,000","830,900,000","949,000,000","710,900,000","583,900,000","749,600,000","904,400,000","712,800,000","568,500,000","697,300,000","855,500,000","648,300,000","559,800,000","682,700,000","555,000,000","490,900,000","466,900,000","578,700,000","532,700,000","484,300,000","454,800,000","568,100,000","489,500,000","456,900,000","428,500,000","558,000,000","502,800,000","457,800,000","420,000,000","518,100,000","452,200,000","482,200,000","416,100,000","507,500,000","471,200,000","443,700,000","395,700,000","498,700,000","455,100,000","425,900,000","371,500,000","446,900,000","418,700,000","378,000,000","333,200,000","418,600,000","389,900,000"
	OperatingRevenue,"8,297,000,000","2,088,000,000","2,087,000,000","2,106,000,000","2,016,000,000","1,867,000,000","1,846,000,000","1,943,000,000","1,786,000,000","1,735,000,000","1,689,000,000","1,704,000,000","1,571,000,000","1,537,000,000","1,546,000,000","1,609,000,000","1,567,000,000","1,588,000,000","1,513,000,000","1,509,000,000","1,453,000,000","1,399,000,000","1,439,000,000","1,482,000,000","1,341,000,000","1,375,000,000","1,324,000,000","1,342,000,000","1,273,000,000","1,290,000,000","1,263,000,000","1,346,000,000","1,236,000,000","1,250,000,000","1,194,000,000","1,250,000,000","1,181,000,000","-380,000,000","1,953,000,000","1,547,000,000","1,331,000,000","1,519,600,000","1,908,000,000","1,580,800,000","1,281,900,000","1,524,079,000","1,956,200,000","1,474,056,000","1,190,390,000","1,462,492,000","1,875,903,000","1,465,180,000","1,148,207,000","1,415,418,000","2,048,541,000","1,673,225,000","1,217,871,000","1,569,688,000","2,187,996,000","1,718,179,000","1,296,418,000","1,594,346,000","1,992,570,000","1,527,543,000","1,140,679,000","1,541,318,000","1,977,041,000","1,456,277,000","1,029,006,000","1,412,755,000","1,695,911,000","1,230,297,000","911,575,000","1,168,230,000","1,622,606,000","1,190,478,000","846,543,000","1,172,281,000","1,577,334,000","1,191,401,000","846,652,000","1,114,568,000","1,535,100,000","1,149,470,000","846,397,000","1,067,561,000","1,391,650,000","1,019,223,000","802,534,000","1,034,300,000","1,318,500,000","922,700,000","716,500,000","938,100,000","1,206,400,000","881,100,000","703,400,000","900,800,000","1,143,700,000","836,700,000","652,900,000","830,900,000","949,000,000","710,900,000","583,900,000","749,600,000","904,400,000","712,800,000","568,500,000","697,300,000","855,500,000","648,300,000","559,800,000","682,700,000","555,000,000","490,900,000","466,900,000","578,700,000","532,700,000","484,300,000","454,800,000","568,100,000","489,500,000","456,900,000","428,500,000","558,000,000","502,800,000","457,800,000","420,000,000","518,100,000","452,200,000","482,200,000","416,100,000","507,500,000","471,200,000","443,700,000","395,700,000","498,700,000","455,100,000","425,900,000","371,500,000","446,900,000","418,700,000","378,000,000","333,200,000","418,600,000","389,900,000"
CostOfRevenue,"2,195,000,000","592,000,000","543,000,000","533,000,000","527,000,000","559,000,000","519,000,000","493,000,000","521,000,000","464,000,000","438,000,000","452,000,000","439,000,000","411,000,000","406,000,000","446,000,000","439,000,000","431,000,000","421,000,000","449,000,000","411,000,000","406,000,000","438,000,000","469,000,000","457,000,000","454,000,000","407,000,000","406,000,000","406,000,000","422,000,000","399,000,000","420,000,000","411,000,000","420,000,000","393,000,000","397,000,000","374,000,000","-323,000,000","680,000,000","574,000,000","529,000,000","592,500,000","711,100,000","606,900,000","516,400,000","588,216,000","708,000,000","560,895,000","476,226,000","578,683,000","735,880,000","582,505,000","488,939,000","624,572,000","747,786,000","639,270,000","501,373,000","621,526,000","766,891,000","634,801,000","504,382,000","607,029,000","712,257,000","586,476,000","481,485,000","589,163,000","722,003,000","574,441,000","430,727,000","567,605,000","622,198,000","478,774,000","378,068,000","476,393,000","653,902,000","499,700,000","376,470,000","492,931,000","656,729,000","490,844,000","403,431,000","626,011,000","558,124,000","481,819,000","412,462,000","445,032,000","518,695,000","425,149,000","373,845,000","468,200,000","508,700,000","410,000,000","351,100,000","384,400,000","528,400,000","390,200,000","358,600,000","432,000,000","510,300,000","371,500,000","325,600,000","427,000,000","397,800,000","327,100,000","293,200,000","369,100,000","365,500,000","324,300,000","281,300,000","416,600,000","345,000,000","269,300,000","255,400,000","266,100,000","265,700,000","230,000,000","227,200,000","250,800,000","258,000,000","231,800,000","224,200,000","252,100,000","237,800,000","213,500,000","202,900,000","226,300,000","232,600,000","215,600,000","199,500,000",,,,,,,,,,,,,,,,,,
GrossProfit,"6,102,000,000","1,496,000,000","1,544,000,000","1,573,000,000","1,489,000,000","1,308,000,000","1,327,000,000","1,450,000,000","1,265,000,000","1,271,000,000","1,251,000,000","1,252,000,000","1,132,000,000","1,126,000,000","1,140,000,000","1,163,000,000","1,128,000,000","1,157,000,000","1,092,000,000","1,060,000,000","1,042,000,000","993,000,000","1,001,000,000","1,013,000,000","884,000,000","921,000,000","917,000,000","936,000,000","867,000,000","868,000,000","864,000,000","926,000,000","825,000,000","830,000,000","801,000,000","853,000,000","807,000,000","-57,000,000","1,273,000,000","973,000,000","802,000,000","927,100,000","1,196,900,000","973,900,000","765,500,000","935,863,000","1,248,200,000","913,161,000","714,164,000","883,809,000","1,140,023,000","882,675,000","659,268,000","790,846,000","1,300,755,000","1,033,955,000","716,498,000","948,162,000","1,421,105,000","1,083,378,000","792,036,000","987,317,000","1,280,313,000","941,067,000","659,194,000","952,155,000","1,255,038,000","881,836,000","598,279,000","845,150,000","1,073,713,000","751,523,000","533,507,000","691,837,000","968,704,000","690,778,000","470,073,000","679,350,000","920,605,000","700,557,000","443,221,000","488,557,000","976,976,000","667,651,000","433,935,000","622,529,000","872,955,000","594,074,000","428,689,000","566,100,000","809,800,000","512,700,000","365,400,000","553,700,000","678,000,000","490,900,000","344,800,000","468,800,000","633,400,000","465,200,000","327,300,000","403,900,000","551,200,000","383,800,000","290,700,000","380,500,000","538,900,000","388,500,000","287,200,000","280,700,000","510,500,000","379,000,000","304,400,000","416,600,000","289,300,000","260,900,000","239,700,000","327,900,000","274,700,000","252,500,000","230,600,000","316,000,000","251,700,000","243,400,000","225,600,000","331,700,000","270,200,000","242,200,000","220,500,000",,,,,,,,,,,,,,,,,,
OperatingExpense,"1,892,000,000","598,000,000","464,000,000","419,000,000","410,000,000","651,000,000","391,000,000","346,000,000","360,000,000","453,000,000","409,000,000","439,000,000","427,000,000","422,000,000","436,000,000","491,000,000","417,000,000","529,000,000","434,000,000","383,000,000","394,000,000","515,000,000","375,000,000","362,000,000","372,000,000","497,000,000","507,000,000","354,000,000","366,000,000","2,016,000,000","498,000,000","440,000,000","395,000,000","546,000,000","394,000,000","417,000,000","529,000,000","-154,000,000","745,000,000","608,000,000","581,000,000","685,000,000","590,100,000","615,100,000","551,100,000","652,314,000","629,300,000","586,903,000","523,900,000","601,402,000","584,058,000","586,348,000","534,927,000","589,935,000","654,488,000","673,930,000","568,891,000","711,307,000","682,453,000","627,953,000","559,855,000","661,169,000","664,084,000","580,664,000","543,520,000","636,593,000","645,083,000","567,863,000","472,605,000","543,484,000","556,797,000","486,463,000","442,459,000","308,729,000","505,890,000","462,653,000","406,746,000","460,581,000","490,440,000","475,054,000","397,130,000","461,485,000","574,006,000","477,601,000","395,923,000","466,723,000","519,637,000","415,522,000","350,705,000","406,100,000","491,700,000","359,600,000","320,500,000","430,300,000","424,200,000","356,800,000","304,600,000","352,500,000","415,100,000","347,400,000","294,600,000","319,300,000","350,200,000","279,900,000","257,200,000","302,500,000","346,000,000","287,700,000","256,100,000","189,200,000","348,900,000","289,900,000","270,800,000","330,600,000","199,500,000","196,100,000","187,600,000","240,000,000","194,900,000","184,900,000","181,800,000","221,100,000","183,600,000","185,200,000","177,200,000","210,700,000","180,600,000","178,400,000","169,900,000",,,,,,,,,,,,,,,,,,
	SellingGeneralAndAdministration,"1,714,000,000","557,000,000","423,000,000","374,000,000","360,000,000","599,000,000","339,000,000","295,000,000","311,000,000","402,000,000","360,000,000","387,000,000","375,000,000","367,000,000","383,000,000","439,000,000","372,000,000","483,000,000","388,000,000","338,000,000","351,000,000","468,000,000","330,000,000","317,000,000","330,000,000","444,000,000","470,000,000","332,000,000","333,000,000","1,982,000,000","465,000,000","397,000,000","362,000,000","476,000,000","385,000,000","382,000,000","494,000,000","-102,000,000","701,000,000","568,000,000","544,000,000","645,900,000","552,200,000","586,900,000","509,400,000","622,231,000","597,600,000","547,719,000","487,971,000","556,853,000","546,961,000","546,126,000","491,311,000","540,460,000","610,899,000","630,375,000","527,164,000","669,009,000","644,545,000","587,687,000","536,643,000","618,500,000","625,079,000","540,241,000","504,030,000","590,099,000","613,104,000","529,719,000","439,473,000","509,025,000","525,436,000","456,697,000","413,398,000","419,113,000","493,581,000","440,391,000","386,658,000","431,511,000","460,674,000","379,741,000","330,444,000","379,450,000","439,479,000","382,132,000","321,570,000","384,967,000","384,400,000","329,387,000","291,508,000","333,300,000","378,200,000","290,400,000","267,600,000","365,900,000","308,800,000","289,000,000","253,000,000","285,800,000","310,700,000","273,200,000","246,400,000","259,700,000","265,500,000","226,300,000","216,600,000","251,200,000","264,600,000","230,000,000","215,100,000","137,400,000","263,500,000","237,600,000","230,300,000","247,000,000","180,400,000","177,500,000","169,300,000","203,300,000","182,200,000","172,400,000","169,400,000","202,200,000","165,600,000","167,300,000","159,900,000","193,100,000","163,400,000","161,700,000","154,600,000",,,,,,,,,,,,,,,,,,
	DepreciationAmortizationDepletionIncomeStatement,"178,000,000","41,000,000","41,000,000","45,000,000","50,000,000","52,000,000","52,000,000","51,000,000","49,000,000","51,000,000","49,000,000","52,000,000","52,000,000","55,000,000","53,000,000","52,000,000","45,000,000","46,000,000","46,000,000","45,000,000","43,000,000","47,000,000","45,000,000","45,000,000","42,000,000","53,000,000","37,000,000","33,000,000","33,000,000","34,000,000","33,000,000","34,000,000","33,000,000","34,000,000","33,000,000","35,000,000","35,000,000","0","44,000,000","40,000,000","37,000,000","39,100,000","37,900,000","41,400,000","41,700,000","41,141,000","31,700,000","39,184,000","35,929,000","44,549,000","37,097,000","40,222,000","43,616,000","49,475,000","43,589,000","43,555,000","41,727,000","42,298,000","37,908,000","40,266,000","40,517,000","42,669,000","39,005,000","40,423,000","39,490,000","40,972,000","38,737,000","38,144,000","33,132,000","34,459,000","31,361,000","29,766,000","29,061,000","28,479,000","28,321,000","29,475,000","29,525,000","32,180,000","29,418,000","104,891,000","66,686,000","90,366,000","150,486,000","105,393,000","74,353,000","81,756,000","135,237,000","86,135,000","59,197,000","72,800,000","113,500,000","69,200,000","52,900,000","64,400,000","115,400,000","67,800,000","51,600,000","66,700,000","104,400,000","74,200,000","48,200,000","59,600,000","84,700,000","53,600,000","40,600,000","51,300,000","81,400,000","57,700,000","41,000,000","51,800,000","85,400,000","52,300,000","40,500,000","83,600,000","19,100,000","18,600,000","18,300,000","36,700,000","12,700,000","12,500,000","12,400,000","18,900,000","18,000,000","17,900,000","17,300,000","17,600,000","17,200,000","16,700,000","15,300,000",,,,,,,,,,,,,,,,,,
		DepreciationAndAmortizationInIncomeStatement,"178,000,000","41,000,000","41,000,000","45,000,000","50,000,000","52,000,000","52,000,000","51,000,000","49,000,000","51,000,000","49,000,000","52,000,000","52,000,000","55,000,000","53,000,000","52,000,000","45,000,000","46,000,000","46,000,000","45,000,000","43,000,000","47,000,000","45,000,000","45,000,000","42,000,000","53,000,000","37,000,000","33,000,000","33,000,000","34,000,000","33,000,000","34,000,000","33,000,000","34,000,000","33,000,000","35,000,000","35,000,000","0","44,000,000","40,000,000","37,000,000","39,100,000","37,900,000","41,400,000","41,700,000","41,141,000","31,700,000","39,184,000","35,929,000","44,549,000","37,097,000","40,222,000","43,616,000","49,475,000","43,589,000","43,555,000","41,727,000","42,298,000","37,908,000","40,266,000","40,517,000","42,669,000","39,005,000","40,423,000","39,490,000","40,972,000","38,737,000","38,144,000","33,132,000","34,459,000","31,361,000","29,766,000","29,061,000","28,479,000","28,321,000","29,475,000","29,525,000","32,180,000","29,418,000","104,891,000","66,686,000","90,366,000","150,486,000","105,393,000","74,353,000","81,756,000","135,237,000","86,135,000","59,197,000","72,800,000","113,500,000","69,200,000","52,900,000","64,400,000","115,400,000","67,800,000","51,600,000","66,700,000","104,400,000","74,200,000","48,200,000","59,600,000","84,700,000","53,600,000","40,600,000","51,300,000","81,400,000","57,700,000","41,000,000","51,800,000","85,400,000","52,300,000","40,500,000","83,600,000","19,100,000","18,600,000","18,300,000","36,700,000","12,700,000","12,500,000","12,400,000","18,900,000","18,000,000","17,900,000","17,300,000","17,600,000","17,200,000","16,700,000","15,300,000",,,,,,,,,,,,,,,,,,
			DepreciationIncomeStatement,"82,000,000","19,000,000","20,000,000","23,000,000","19,000,000","23,000,000","20,000,000","19,000,000","20,000,000","21,000,000","20,000,000","21,000,000","20,000,000","24,000,000","20,000,000","19,000,000","21,000,000","21,000,000","22,000,000","20,000,000","19,000,000","22,000,000","22,000,000","22,000,000","18,000,000","26,000,000","20,000,000","22,000,000","22,000,000","22,000,000","21,000,000","22,000,000","21,000,000","21,000,000","20,000,000","22,000,000","23,000,000","5,000,000","23,000,000","23,000,000","23,000,000","24,500,000","23,100,000","26,500,000","26,900,000","27,547,000","23,300,000","26,177,000","25,948,000","28,539,000","26,031,000","28,782,000","29,412,000","31,959,000","29,952,000","30,411,000","27,527,000","28,684,000","26,199,000","28,798,000","28,905,000","30,452,000","26,868,000","28,316,000","27,564,000","29,614,000","26,299,000","26,134,000","24,703,000","24,801,000","22,188,000","22,992,000","22,196,000","21,411,000","19,702,000","20,832,000","20,882,000","22,461,000","20,088,000","23,356,000","23,684,000",,,,,,,,,,,,,,,,,,,,,,,,,,,,,,,,,,,,,,,,,,,,,,,,,,,,,,,,,,,,,,,,,,
			Amortization,"96,000,000","22,000,000","21,000,000","22,000,000","31,000,000","29,000,000","32,000,000","32,000,000","29,000,000","30,000,000","29,000,000","31,000,000","32,000,000","31,000,000","33,000,000","33,000,000","24,000,000","25,000,000","24,000,000","25,000,000","24,000,000","25,000,000","23,000,000","23,000,000","24,000,000","27,000,000","17,000,000","11,000,000","11,000,000","12,000,000","12,000,000","12,000,000","12,000,000","13,000,000","13,000,000","13,000,000","12,000,000","-5,000,000","21,000,000","17,000,000","14,000,000","14,600,000","14,800,000","14,900,000","14,800,000","13,594,000","8,400,000","13,007,000","9,981,000","16,010,000","11,066,000","11,440,000","14,204,000","17,516,000","13,637,000","13,144,000","14,200,000","13,614,000","11,709,000","11,468,000","11,612,000","12,217,000","12,137,000","12,107,000","11,926,000","11,358,000","12,438,000","12,010,000","8,429,000","9,658,000","9,173,000","6,774,000","6,865,000","7,068,000","8,619,000","8,643,000","8,643,000","9,719,000","9,330,000","81,535,000","43,002,000",,,,,,,,,,,,,,,,,,,,,,,,,,,,,,,,,,,,,,,,,,,,,,,,,,,,,,,,,,,,,,,,,,
				AmortizationOfIntangiblesIncomeStatement,"96,000,000","22,000,000","21,000,000","22,000,000","31,000,000","29,000,000","32,000,000","32,000,000","29,000,000","30,000,000","29,000,000","31,000,000","32,000,000","31,000,000","33,000,000","33,000,000","24,000,000","25,000,000","24,000,000","25,000,000","24,000,000","25,000,000","23,000,000","23,000,000","24,000,000","27,000,000","17,000,000","11,000,000","11,000,000","12,000,000","12,000,000","12,000,000","12,000,000","13,000,000","13,000,000","13,000,000","12,000,000","-5,000,000","21,000,000","17,000,000","14,000,000","14,600,000","14,800,000","14,900,000","14,800,000","13,594,000","8,400,000","13,007,000","9,981,000","16,010,000","11,066,000","11,440,000","14,204,000","17,516,000","13,637,000","13,144,000","14,200,000","13,614,000","11,709,000","11,468,000","11,612,000","12,217,000","12,137,000","12,107,000","11,926,000","11,358,000","12,438,000","12,010,000","8,429,000","9,658,000","9,173,000","6,774,000","6,865,000","7,068,000","8,619,000","8,643,000","8,643,000","9,719,000","9,330,000","81,535,000","43,002,000",,,,,,,,,,,,,,,,,,,,,,,,,,,,,,,,,,,,,,,,,,,,,,,,,,,,,,,,,,,,,,,,,,
	OtherOperatingExpenses,"4,087,000,000","1,191,000,000",,,,"1,211,000,000","910,000,000",,,"917,000,000","847,000,000",,"866,000,000","832,000,000","842,000,000",,"856,000,000","961,000,000",,,"805,000,000","921,000,000",,"831,000,000",,"0","914,000,000","-11,000,000",,"0",,"9,000,000","806,000,000","36,000,000","-24,000,000",,,"879,000,000",,"1,182,000,000",,,,"-13,200,000",,,,,,,,,,,,,,"0",,,"-17,305,000",,,,,"5,522,000","-6,758,000",,,,,,,"-138,863,000","-16,012,000","-7,213,000","-9,437,000","-3,110,000","348,000","-9,578,000",,"-8,331,000","-15,959,000","-9,924,000",,,,,,,,,,,,,,,,,,,,,,,,,,,,,,,,,,,,,,,,,,,,,,,,,,,,,,,,,,,,,,,
OperatingIncome,"4,210,000,000","898,000,000","1,080,000,000","1,154,000,000","1,079,000,000","657,000,000","936,000,000","1,104,000,000","905,000,000","818,000,000","842,000,000","813,000,000","705,000,000","704,000,000","704,000,000","672,000,000","711,000,000","628,000,000","658,000,000","677,000,000","648,000,000","478,000,000","626,000,000","651,000,000","512,000,000","424,000,000","410,000,000","582,000,000","501,000,000","-1,148,000,000","366,000,000","486,000,000","430,000,000","284,000,000","407,000,000","436,000,000","278,000,000","97,000,000","528,000,000","365,000,000","221,000,000","242,100,000","606,800,000","358,800,000","214,400,000","283,549,000","618,900,000","326,258,000","190,264,000","282,407,000","555,965,000","296,327,000","124,341,000","200,911,000","646,267,000","360,025,000","147,607,000","236,855,000","738,652,000","455,425,000","232,181,000","326,148,000","616,229,000","360,403,000","115,674,000","315,562,000","609,955,000","313,973,000","125,674,000","301,666,000","516,916,000","265,060,000","91,048,000","383,108,000","462,814,000","228,125,000","63,327,000","218,769,000","430,165,000","225,503,000","46,091,000","27,072,000","402,970,000","190,050,000","38,012,000","155,806,000","353,318,000","178,552,000","77,984,000","160,000,000","318,100,000","153,100,000","44,900,000","123,400,000","253,800,000","134,100,000","40,200,000","116,300,000","218,300,000","117,800,000","32,700,000","84,600,000","201,000,000","103,900,000","33,500,000","78,000,000","192,900,000","100,800,000","31,100,000","91,500,000","161,600,000","89,100,000","33,600,000","86,000,000","89,800,000","64,800,000","52,100,000","87,900,000","79,800,000","67,600,000","48,800,000","94,900,000","68,100,000","58,200,000","48,400,000","121,000,000","89,600,000","63,800,000","50,600,000","-1,217,600,000","452,200,000","482,200,000","416,100,000","-1,036,100,000","471,200,000","443,700,000","395,700,000","-984,300,000","455,100,000","425,900,000","371,500,000","-850,900,000","418,700,000","378,000,000","333,200,000","-810,800,000","389,900,000"
NetNonOperatingInterestIncomeExpense,"-119,000,000","-25,000,000","-31,000,000","-32,000,000","-32,000,000","-32,000,000","-35,000,000","-40,000,000","-34,000,000","-93,000,000","-32,000,000","-37,000,000","-36,000,000","-36,000,000","-38,000,000","-26,000,000","-34,000,000","-39,000,000","-37,000,000","-37,000,000","-37,000,000","-59,000,000","-39,000,000","-42,000,000","-40,000,000","-40,000,000","-30,000,000","-16,000,000","-16,000,000","-19,000,000","-12,000,000","-14,000,000","-14,000,000","-14,000,000","-14,000,000","-16,000,000","-15,000,000","-20,000,000","-20,000,000","-20,000,000","-21,000,000","-18,200,000","-18,100,000","-19,500,000","-19,100,000","-19,445,000","-19,300,000","-20,840,000","-22,039,000","-19,950,000","-17,827,000","-18,499,000","-20,591,000",,,,,,,,,,,,,,,,,,,,,,,,,,,,,,,,,,,,,,,,,,,,,,,,,,,,,,,,,,,,,,,,,,,,,,,,,,,,,,,,,,,,,,,,,,,,,,
	InterestExpenseNonOperating,"119,000,000","25,000,000","31,000,000","32,000,000","32,000,000","32,000,000","35,000,000","40,000,000","34,000,000","93,000,000","32,000,000","37,000,000","36,000,000","36,000,000","38,000,000","26,000,000","34,000,000","39,000,000","37,000,000","37,000,000","37,000,000","59,000,000","39,000,000","42,000,000","40,000,000","40,000,000","30,000,000","16,000,000","16,000,000","19,000,000","12,000,000","14,000,000","14,000,000","14,000,000","14,000,000","16,000,000","15,000,000","20,000,000","20,000,000","20,000,000","21,000,000",,"18,100,000",,"19,100,000","19,445,000","19,319,000","20,840,000","22,039,000","19,950,000","17,827,000","18,499,000","20,591,000",,,,,,,,,,,,,,,,,,,,,,,,,,,,,,,,,,,,,,,,,,,,,,,,,,,,,,,,,,,,,,,,,,,,,,,,,,,,,,,,,,,,,,,,,,,,,,
	TotalOtherFinanceCost,,,,,,,,,,"93,000,000","32,000,000","37,000,000","36,000,000","36,000,000","38,000,000","26,000,000","34,000,000","39,000,000","37,000,000","37,000,000","37,000,000","59,000,000","39,000,000","42,000,000","40,000,000","40,000,000","30,000,000","16,000,000","16,000,000","19,000,000","12,000,000","14,000,000","14,000,000","14,000,000","14,000,000","16,000,000","15,000,000","20,000,000","20,000,000","20,000,000","21,000,000","18,200,000","18,100,000","19,500,000",,,"19,300,000",,,,,,,,,,,,,,,,,,,,,,,,,,,,,,,,,,,,,,,,,,,,,,,,,,,,,,,,,,,,,,,,,,,,,,,,,,,,,,,,,,,,,,,,,,,,,,,,,,,,
OtherIncomeExpense,"73,000,000","17,000,000","25,000,000","22,000,000","9,000,000","15,000,000","-265,000,000","11,000,000","6,000,000","6,000,000","41,000,000","6,000,000","-103,000,000","3,000,000","6,000,000","11,000,000","4,000,000",,,,,"379,000,000","722,000,000",,,,,,,,,,,,,,,,,,,,,,,,"11,058,000",,,"10,545,000",,"-13,849,000",,,,,,"0",,,"17,305,000",,,,,"-5,522,000","6,758,000",,,,,,,"138,863,000","16,012,000","7,213,000","9,437,000","3,110,000","-348,000","9,578,000","7,054,000","8,331,000","15,959,000","9,924,000","12,024,000","5,637,000","15,734,000","8,113,000","25,039,000","47,600,000","6,900,000","4,800,000","4,600,000","7,800,000","37,600,000","6,500,000","4,800,000","7,100,000","23,000,000","5,100,000","3,600,000","424,600,000","4,800,000","4,700,000","5,200,000","28,200,000","3,500,000","5,400,000","5,400,000","6,900,000","6,000,000","5,400,000","3,200,000","3,100,000","-190,600,000","14,700,000","-17,300,000","-10,700,000","36,300,000","9,000,000","-13,900,000","-5,200,000","39,800,000","14,300,000","-13,200,000","-16,100,000","43,600,000","14,900,000","-9,300,000",,,,,,,,,,,,,,,,,,
	GainOnSaleOfSecurity,"17,000,000","0","11,000,000","11,000,000","-4,000,000","7,000,000","-3,000,000","5,000,000","-10,000,000","-3,000,000","-16,000,000","-1,000,000",,,,,,,,,,,,,,,,,,,,,,,,,,,,,,,,,,,,,,,,,,,,,,,,,,,,,,,,,,,,,,,,,,,,,,,,,,,,,,,,,,,,,,,,,,,,,,,,,,,,,,,,,,,,,,,,,,,,,,,,,,,,,,,,,,,,,,,
	SpecialIncomeCharges,"11,000,000","6,000,000","3,000,000","0","2,000,000","0","-271,000,000","1,000,000","7,000,000","0","49,000,000",,,,,,,"0","0",,,"379,000,000","722,000,000",,,,,,,,,,,,,,,,,,,,,,,,"11,058,000","0",,"10,545,000","0","-13,849,000",,,,,,"0",,,"17,305,000",,,,,"-5,522,000","6,758,000",,,,,,,"138,863,000","16,012,000","7,213,000","9,437,000","3,110,000","-348,000","9,578,000","7,054,000","8,331,000","15,959,000","9,924,000","12,024,000","5,637,000","15,734,000","8,113,000","25,039,000","47,600,000","6,900,000","4,800,000","4,600,000","7,800,000","37,600,000","6,500,000","4,800,000","7,100,000","23,000,000","5,100,000","3,600,000","424,600,000","4,800,000","4,700,000","5,200,000","28,200,000","3,500,000","5,400,000","5,400,000","6,900,000","6,000,000","5,400,000","3,200,000","3,100,000","-190,600,000","14,700,000","-17,300,000","-10,700,000","36,300,000","9,000,000","-13,900,000","-5,200,000","39,800,000","14,300,000","-13,200,000","-16,100,000","43,600,000","14,900,000","-9,300,000",,,,,,,,,,,,,,,,,,
		OtherSpecialCharges,,,,,,"0","279,000,000",,,,,,,,,,,,,,,,,,,,,,,,,,,,,,,,,,,,,,,,,,,,,,,,,,,,,,,,,,,,,,,,,,,,,,,,,,,,,,,,,,,,,,,,,,,,,,,,,,,,,,,,,,,,,,,,,,,,,,,,,,,,,,,,,,,,,,,,,,,,
		GainOnSaleOfBusiness,"11,000,000","6,000,000","3,000,000","0","2,000,000","0","8,000,000","1,000,000","7,000,000","0","49,000,000",,,,,,,"0","0",,,"379,000,000","722,000,000",,,,,,,,,,,,,,,,,,,,,,,,,,,,,,,,,,,,,,,,,,,,,,,,,,,,,,,,,,,,,,,,,,,,,,,,,,,,,,,,,,,,,,,,,,,,,,,,,,,,,,,,,,,,,,,,,,,,,,,,,,,,
	OtherNonOperatingIncomeExpenses,"45,000,000","11,000,000","11,000,000","11,000,000","11,000,000","8,000,000","9,000,000","5,000,000","9,000,000","9,000,000","8,000,000","7,000,000","-103,000,000","3,000,000","6,000,000","11,000,000","4,000,000",,,,,,,,,,,,,,,,,,,,,,,,,,,,,,,,,,,,,,,,,,,,,,,,,,,,,,,,,,,,,,,,,,,,,,,,,,,,,,,,,,,,,,,,,,,,,,,,,,,,,,,,,,,,,,,,,,,,,,,,,,,,,,,,,,
PretaxIncome,"4,164,000,000","890,000,000","1,074,000,000","1,144,000,000","1,056,000,000","640,000,000","636,000,000","1,075,000,000","877,000,000","731,000,000","851,000,000","782,000,000","566,000,000","671,000,000","672,000,000","657,000,000","681,000,000","589,000,000","621,000,000","640,000,000","611,000,000","798,000,000","1,309,000,000","609,000,000","472,000,000","384,000,000","380,000,000","566,000,000","485,000,000","-1,167,000,000","354,000,000","472,000,000","416,000,000","270,000,000","393,000,000","420,000,000","263,000,000","77,000,000","508,000,000","345,000,000","200,000,000","223,700,000","588,700,000","339,300,000","195,300,000","253,046,000","610,700,000","305,418,000","168,225,000","273,002,000","538,138,000","263,979,000","103,750,000","185,473,000","624,265,000","339,671,000","129,777,000","225,000,000","723,229,000","443,326,000","230,977,000","326,078,000","608,714,000","351,848,000","118,183,000","317,378,000","607,147,000","310,461,000","124,976,000","301,646,000","515,049,000","262,899,000","89,311,000","383,389,000","460,788,000","225,452,000","60,648,000","215,790,000","424,200,000","218,352,000","46,723,000","18,461,000","389,412,000","174,029,000","33,156,000","144,220,000","354,017,000","175,427,000","93,678,000","198,000,000","312,300,000","147,600,000","40,000,000","122,100,000","277,700,000","127,600,000","33,000,000","111,800,000","226,000,000","108,600,000","25,000,000","498,500,000","192,800,000","96,300,000","27,300,000","92,700,000","179,900,000","89,800,000","23,800,000","84,900,000","153,400,000","81,700,000","25,500,000","76,600,000","-108,800,000","71,800,000","26,700,000","68,500,000","106,700,000","67,400,000","24,800,000","79,100,000","96,100,000","60,900,000","22,200,000","90,300,000","118,200,000","65,300,000","28,900,000",,,,,,,,,,,,,,,,,,
TaxProvision,"901,000,000","154,000,000","213,000,000","287,000,000","248,000,000","135,000,000","138,000,000","233,000,000","188,000,000","145,000,000","189,000,000","180,000,000","113,000,000","120,000,000","137,000,000","156,000,000","147,000,000","290,000,000","169,000,000","183,000,000","181,000,000","229,000,000","386,000,000","197,000,000","149,000,000","108,000,000","99,000,000","185,000,000","156,000,000","-183,000,000","139,000,000","156,000,000","141,000,000","79,000,000","128,000,000","147,000,000","89,000,000","35,000,000","171,000,000","125,000,000","73,000,000","81,200,000","213,700,000","123,500,000","71,100,000","92,108,000","221,700,000","111,172,000","61,234,000","99,373,000","195,882,000","96,088,000","37,765,000","69,552,000","234,099,000","127,377,000","48,667,000","84,375,000","271,211,000","166,248,000","87,139,000","121,301,000","226,441,000","130,887,000","43,963,000","128,066,000","225,858,000","115,491,000","46,241,000","111,609,000","190,568,000","97,273,000","13,045,000","166,118,000","170,492,000","83,417,000","22,439,000","80,921,000","147,981,000","81,882,000","17,521,000","21,306,000","149,924,000","54,032,000","12,765,000","55,524,000","136,297,000","67,539,000","36,066,000","77,200,000","121,800,000","57,600,000","15,600,000","47,600,000","108,300,000","49,800,000","12,900,000","44,700,000","82,500,000","43,400,000","10,000,000","190,700,000","78,300,000","39,100,000","11,100,000","38,200,000","74,100,000","37,000,000","9,800,000","35,000,000","63,200,000","33,700,000","10,500,000","31,800,000","-16,900,000","28,600,000","11,400,000","29,200,000","45,600,000","28,800,000","10,600,000","33,800,000","41,000,000","26,000,000","9,500,000","38,800,000","50,800,000","28,100,000","12,400,000",,,,,,,,,,,,,,,,,,
NetIncomeCommonStockholders,"3,024,000,000","675,000,000","797,000,000","798,000,000","755,000,000","454,000,000","455,000,000","792,000,000","639,000,000","541,000,000","617,000,000","555,000,000","410,000,000","511,000,000","495,000,000","461,000,000","491,000,000","262,000,000","414,000,000","421,000,000","399,000,000","537,000,000","892,000,000","383,000,000","294,000,000","247,000,000","252,000,000","353,000,000","303,000,000","-846,000,000","190,000,000","292,000,000","248,000,000","172,000,000","215,000,000","254,000,000","735,000,000","-215,000,000","314,000,000","216,000,000","123,000,000","214,400,000","365,600,000","211,100,000","120,000,000","153,843,000","379,900,000","191,084,000","103,286,000","167,294,000","336,111,000","164,093,000","63,004,000","115,921,000","390,166,000","212,294,000","81,110,000","140,625,000","452,018,000","277,078,000","143,838,000","204,777,000","382,273,000","220,961,000","74,220,000","189,312,000","381,289,000","194,970,000","78,735,000","190,037,000","324,481,000","165,626,000","75,679,000","159,924,000","290,296,000","142,035,000","95,395,000","134,869,000","276,219,000","136,470,000","29,202,000","-2,845,000","239,488,000","119,997,000","20,391,000","20,574,000","217,720,000","107,888,000","57,612,000","120,800,000","190,500,000","90,000,000","24,400,000","74,500,000","160,700,000","77,800,000","20,100,000","67,100,000","143,500,000","65,200,000","15,000,000","307,800,000","114,500,000","57,200,000","16,200,000","54,500,000","105,800,000","52,800,000","14,000,000","49,900,000","90,200,000","48,000,000","15,000,000","44,800,000","-91,900,000","43,200,000","15,300,000","-85,300,000","61,100,000","38,600,000","14,200,000","45,300,000","55,100,000","34,900,000","12,700,000","51,500,000","67,400,000","37,200,000","16,500,000",,,,,,,,,,,,,,,,,,
	NetIncome,"3,024,000,000","675,000,000","797,000,000","798,000,000","755,000,000","454,000,000","455,000,000","792,000,000","639,000,000","541,000,000","617,000,000","555,000,000","410,000,000","511,000,000","495,000,000","461,000,000","491,000,000","262,000,000","414,000,000","421,000,000","399,000,000","537,000,000","892,000,000","383,000,000","294,000,000","247,000,000","252,000,000","353,000,000","303,000,000","-846,000,000","190,000,000","292,000,000","248,000,000","172,000,000","215,000,000","254,000,000","735,000,000","-215,000,000","314,000,000","216,000,000","123,000,000","214,400,000","365,600,000","211,100,000","120,000,000","153,843,000","379,900,000","191,084,000","103,286,000","167,294,000","336,111,000","164,093,000","63,004,000","115,921,000","390,166,000","212,294,000","81,110,000","140,625,000","452,018,000","277,078,000","143,838,000","204,777,000","382,273,000","220,961,000","74,220,000","189,312,000","381,289,000","194,970,000","78,735,000","190,037,000","324,481,000","165,626,000","75,679,000","159,924,000","290,296,000","142,035,000","95,395,000","134,869,000","276,219,000","136,470,000","29,202,000","-2,845,000","239,488,000","119,997,000","20,391,000","20,574,000","217,720,000","107,888,000","57,612,000","120,800,000","190,500,000","90,000,000","24,400,000","74,500,000","160,700,000","77,800,000","20,100,000","67,100,000","143,500,000","65,200,000","15,000,000","307,800,000","114,500,000","57,200,000","16,200,000","54,500,000","105,800,000","52,800,000","14,000,000","49,900,000","90,200,000","48,000,000","15,000,000","44,800,000","-91,900,000","43,200,000","15,300,000","-85,300,000","61,100,000","38,600,000","14,200,000","45,300,000","55,100,000","34,900,000","12,700,000","51,500,000","67,400,000","37,200,000","16,500,000",,,,,,,,,,,,,,,,,,
		NetIncomeIncludingNoncontrollingInterests,"3,263,000,000","736,000,000","861,000,000","857,000,000","808,000,000","505,000,000","498,000,000","842,000,000","689,000,000","586,000,000","662,000,000","602,000,000","453,000,000","551,000,000","535,000,000","501,000,000","534,000,000","299,000,000","452,000,000","457,000,000","430,000,000","569,000,000","923,000,000","412,000,000","323,000,000","276,000,000","281,000,000","381,000,000","329,000,000","-821,000,000","217,000,000","316,000,000","275,000,000","189,000,000","245,000,000","277,000,000","755,000,000","-192,000,000","337,000,000","220,000,000","127,000,000","220,200,000","373,900,000","215,800,000","124,200,000","160,938,000","389,700,000","194,246,000","106,991,000","173,629,000","342,256,000","167,891,000","65,985,000","115,921,000","390,166,000","212,294,000","81,110,000","140,625,000","452,018,000","277,078,000","143,838,000","204,777,000","382,273,000","220,961,000","74,220,000","189,312,000","381,289,000","194,970,000","78,735,000","190,037,000","324,481,000","165,626,000","75,679,000","159,924,000","290,296,000","142,035,000","95,395,000","134,869,000","276,219,000","136,470,000","29,202,000","-2,845,000","239,488,000","119,997,000","20,391,000","20,574,000","217,720,000","107,888,000","57,612,000","120,800,000","190,500,000","90,000,000","24,400,000","74,500,000","160,700,000","77,800,000","20,100,000","67,100,000","143,500,000","65,200,000","15,000,000","307,800,000","114,500,000","57,200,000","16,200,000","54,500,000","105,800,000","52,800,000","14,000,000","49,900,000","90,200,000","48,000,000","15,000,000","44,800,000","-91,900,000","43,200,000","15,300,000","-85,300,000","61,100,000","38,600,000","14,200,000","45,300,000","55,100,000","34,900,000","12,700,000","51,500,000","67,400,000","37,200,000","16,500,000","-98,300,000","64,100,000","50,800,000","23,200,000","55,000,000","58,800,000","44,800,000","27,000,000","49,900,000","52,400,000","40,000,000","22,500,000","42,000,000","47,100,000","37,200,000","27,700,000","40,700,000","43,400,000"
			NetIncomeContinuousOperations,"3,263,000,000","736,000,000","861,000,000","857,000,000","808,000,000","505,000,000","498,000,000","842,000,000","689,000,000","586,000,000","662,000,000","602,000,000","453,000,000","551,000,000","535,000,000","501,000,000","534,000,000","299,000,000","452,000,000","457,000,000","430,000,000","569,000,000","923,000,000","412,000,000","323,000,000","276,000,000","281,000,000","381,000,000","329,000,000","-984,000,000","215,000,000","316,000,000","275,000,000","191,000,000","265,000,000","273,000,000","174,000,000","42,000,000","337,000,000","220,000,000","127,000,000","142,500,000","375,000,000","215,800,000","124,200,000","160,938,000","389,000,000","194,246,000","106,991,000","173,629,000","342,256,000","167,891,000","65,985,000","115,921,000","390,166,000","212,294,000","81,110,000","140,625,000","452,018,000","277,078,000","143,838,000","204,777,000","382,273,000","220,961,000","74,220,000","189,312,000","381,289,000","194,970,000","78,735,000","190,037,000","324,481,000","165,626,000","76,266,000","217,271,000","290,296,000","142,035,000","38,209,000","134,869,000","276,219,000","136,470,000","29,202,000","-2,845,000","239,488,000","119,997,000","20,391,000","88,696,000","217,720,000","107,888,000","57,612,000","120,800,000","190,500,000","90,000,000","24,400,000","74,500,000","169,400,000","77,800,000","20,100,000","67,100,000","143,500,000","65,200,000","15,000,000","307,800,000","114,500,000","57,200,000","16,200,000","54,500,000","105,800,000","52,800,000","14,000,000","49,900,000","90,200,000","48,000,000","15,000,000","44,800,000","-91,900,000","43,200,000","15,300,000","39,300,000","61,100,000","38,600,000","14,200,000","45,300,000","55,100,000","34,900,000","12,700,000","51,500,000","67,400,000","37,200,000","16,500,000","-98,300,000","64,100,000","50,800,000","23,200,000","55,000,000","58,800,000","44,800,000","27,000,000","49,900,000","52,400,000","40,000,000","22,500,000","42,000,000","47,100,000","37,200,000","27,700,000","40,700,000","43,400,000"
			NetIncomeDiscontinuousOperations,,,,,,,,,,,,,,,,,,,,,,,,,,"0","0","0","0","163,000,000","2,000,000","0","0","-2,000,000","-20,000,000","4,000,000","581,000,000","-234,000,000","0","0","0","77,700,000","-1,100,000",,,,"700,000",,,,,,,,,,,,,,,,,,,,,,,"0",,,"-587,000","-57,347,000",,,"57,186,000",,,,,,,,,,,,,,,,,,,,,,,,,,,,,,,,,,,,,,,,,,,,,,,,,,,,,,,,,,,,,,,,,,,,,,
			NetIncomeFromTaxLossCarryforward,,,,,,,,,,,,,,,,,,,,,,,,,,,,,,,,,,,,,,,,,,,,,,,,,,,,,,,,,,,,,,,,,,,,,,,,,,,,,,,,,,,,,,,,,,,,,,"0","-8,700,000",,,,,,,,,,,,,,,,,,,,,,,,,,,,,,,,,,,,,,,,,,,,,,,,,,,,
		MinorityInterests,"-239,000,000","-61,000,000","-64,000,000","-59,000,000","-53,000,000","-51,000,000","-43,000,000","-50,000,000","-50,000,000","-45,000,000","-45,000,000","-47,000,000","-43,000,000","-40,000,000","-40,000,000","-40,000,000","-43,000,000","-37,000,000","-38,000,000","-36,000,000","-31,000,000","-32,000,000","-31,000,000","-29,000,000","-29,000,000","-29,000,000","-29,000,000","-28,000,000","-26,000,000","-25,000,000","-27,000,000","-24,000,000","-27,000,000","-17,000,000","-30,000,000","-23,000,000","-20,000,000","-23,000,000","-23,000,000","-4,000,000","-4,000,000","-5,800,000","-8,300,000","-4,700,000","-4,200,000","-7,095,000","-9,800,000","-3,162,000","-3,705,000","-6,335,000","-6,145,000","-3,798,000","-2,981,000",,,,,,,,,,,,,,,,,,,,,,,,,,,,,,,,,,,,,,,,,,,,,,,,,,,,,,,,,,,,,,,,,,,,,,,,,,,,,,,,,,,,,,,,,,,,,,
DilutedNIAvailtoComStockholders,"3,024,000,000","675,000,000","797,000,000","798,000,000","755,000,000","454,000,000","455,000,000","792,000,000","639,000,000","541,000,000","617,000,000","555,000,000","410,000,000","511,000,000","495,000,000","461,000,000","491,000,000","262,000,000","414,000,000","421,000,000","399,000,000","537,000,000","892,000,000","383,000,000","294,000,000","247,000,000","252,000,000","353,000,000","303,000,000","-846,000,000","190,000,000","292,000,000","248,000,000","172,000,000","215,000,000","254,000,000","735,000,000","-215,000,000","314,000,000","216,000,000","123,000,000","214,400,000","365,600,000","211,100,000","120,000,000","153,843,000","379,900,000","191,084,000","103,286,000","167,294,000","336,111,000","164,093,000","63,004,000","115,921,000","390,166,000","212,294,000","81,110,000","140,625,000","452,018,000","277,078,000","143,838,000","204,777,000","382,273,000","220,961,000","74,220,000","189,312,000","381,289,000","194,970,000","78,735,000","190,037,000","324,481,000","165,626,000","75,679,000","159,924,000","290,296,000","142,035,000","95,395,000","134,869,000","276,219,000","136,470,000","29,202,000","-2,845,000","239,488,000","119,997,000","20,391,000","20,574,000","217,720,000","107,888,000","57,612,000","120,800,000","190,500,000","90,000,000","24,400,000","74,500,000","160,700,000","77,800,000","20,100,000","67,100,000","143,500,000","65,200,000","15,000,000","307,800,000","114,500,000","57,200,000","16,200,000","54,500,000","105,800,000","52,800,000","14,000,000","49,900,000","90,200,000","48,000,000","15,000,000","44,800,000","-91,900,000","43,200,000","15,300,000","-85,300,000","61,100,000","38,600,000","14,200,000","45,300,000","55,100,000","34,900,000","12,700,000","51,500,000","67,400,000","37,200,000","16,500,000",,,,,,,,,,,,,,,,,,
BasicEPS,,"2.8","3.31","3.31","3.14","1.89","1.89","3.29","2.64","2.22","2.52","2.25","1.66","2.06","1.97","1.83","1.94","1.03","1.62","1.63","1.54","2.07","3.39","1.45","1.11","0.92","0.93","1.29","1.11","-3.11","0.7","1.08","0.91","0.63","0.79","0.93","2.62","-0.78","1.13","0.77","0.44",,"1.23","0.7","0.39",,"1.24","0.61","0.33",,"1.08","0.53","0.2",,"1.25","0.67","0.25",,"1.37","0.81","0.41",,"1.09","0.62","0.2",,"1.02","0.52","0.21",,"0.855","0.435","0.2",,"0.76","0.375","0.25",,"0.715","0.355","0.075",,"0.62","0.31","0.055",,"0.56","0.28","0.15",,"0.485","0.23","0.06",,"0.405","0.2","0.05",,"0.365","0.165","0.04",,"0.29","0.145","0.04",,"0.265","0.135","0.035",,"0.23","0.125","0.04",,"-0.235","0.11","0.04",,"0.16","0.1","0.04",,"0.145","0.09","0.035",,"0.175","0.095","0.045",,"0.165","0.13","0.06",,"0.155","0.115","0.07",,"0.13","0.1","0.055",,"0.12","0.095","0.07",,"0.11"
DilutedEPS,,"2.79","3.3","3.3","3.12","1.88","1.88","3.28","2.62","2.2","2.5","2.24","1.65","2.03","1.95","1.82","1.93","1.02","1.61","1.62","1.53","2.05","3.36","1.44","1.1","0.91","0.92","1.28","1.1","-3.11","0.69","1.06","0.89","0.62","0.77","0.91","2.59","-0.78","1.1","0.76","0.43",,"1.21","0.68","0.39",,"1.23","0.61","0.33",,"1.07","0.52","0.2",,"1.23","0.66","0.25",,"1.34","0.79","0.4",,"1.06","0.6","0.2",,"1","0.51","0.205",,"0.845","0.43","0.195",,"0.755","0.37","0.25",,"0.71","0.35","0.075",,"0.61","0.305","0.05",,"0.555","0.275","0.145",,"0.48","0.225","0.06",,"0.405","0.195","0.05",,"0.36","0.165","0.04",,"0.29","0.145","0.04",,"0.265","0.135","0.035",,"0.23","0.125","0.04",,"-0.235","0.11","0.04",,"0.16","0.1","0.04",,"0.145","0.09","0.035",,"0.175","0.095","0.045",,"0.165","0.13","0.06",,"0.155","0.115","0.07",,"0.13","0.1","0.055",,"0.12","0.095","0.07",,"0.11"
BasicAverageShares,,"241,000,000","240,900,000","240,800,000","240,600,000","240,500,000","240,600,000","240,900,000","242,100,000","244,000,000","245,000,000","246,100,000","246,700,000","249,000,000","251,300,000","251,100,000","252,400,000","254,400,000","255,500,000","257,300,000","258,200,000","258,900,000","262,900,000","264,500,000","265,000,000","268,500,000","271,300,000","273,100,000","273,500,000","271,700,000","270,900,000","271,500,000","271,800,000","270,400,000","272,800,000","274,300,000","280,500,000","277,900,000","278,700,000","279,700,000","278,000,000",,"297,800,000","303,600,000","305,200,000",,"307,246,000","311,167,000","313,372,000",,"312,471,000","312,226,000","312,017,000",,"313,105,000","317,746,000","319,945,000",,"330,249,000","340,183,000","351,215,000",,"351,139,000","355,783,000","367,456,000",,"373,552,000","373,534,000","378,830,000",,"378,760,000","379,180,000","381,162,000",,"381,048,000","379,660,000","381,866,000",,"386,060,000","386,534,000","385,778,000",,"387,784,000","389,142,000","387,914,000",,"388,976,000","387,410,000","388,782,000",,"392,783,505","391,304,348","406,666,667",,"396,790,123","389,000,000","402,000,000",,"393,150,685","395,151,515","375,000,000",,"394,827,586","394,482,759","405,000,000",,"399,245,283","391,111,111","400,000,000",,"392,173,913","384,000,000","375,000,000",,"391,063,830","392,727,273","382,500,000",,"381,875,000","386,000,000","355,000,000",,"380,000,000","387,777,778","362,857,143",,"385,142,857","391,578,947","366,666,667",,"389,008,000","388,240,000","388,240,000",,"386,960,000","385,768,000","385,768,000",,"404,256,000","404,256,000","404,256,000",,"404,152,000","404,152,000","403,328,000",,"403,176,000"
DilutedAverageShares,,"242,100,000","241,700,000","241,800,000","241,600,000","241,700,000","241,600,000","241,900,000","243,300,000","245,600,000","246,500,000","247,400,000","248,300,000","251,500,000","253,500,000","253,300,000","254,400,000","257,000,000","257,900,000","259,900,000","260,800,000","261,600,000","265,300,000","266,700,000","267,200,000","272,100,000","274,400,000","275,700,000","276,300,000","271,700,000","275,400,000","276,100,000","277,200,000","278,000,000","278,800,000","278,300,000","284,300,000","284,700,000","284,600,000","285,300,000","283,800,000",,"303,600,000","309,200,000","309,600,000",,"309,292,000","313,167,000","316,264,000",,"313,642,000","313,033,000","312,017,000",,"317,203,000","321,087,000","323,400,000",,"337,733,000","350,298,000","361,497,000",,"360,935,000","365,507,000","377,333,000",,"381,163,000","380,047,000","386,600,000",,"384,112,000","385,214,000","386,980,000",,"384,110,000","382,548,000","383,964,000",,"388,922,000","390,100,000","389,934,000",,"391,360,000","393,924,000","391,926,000",,"393,700,000","390,880,000","392,208,000",,"396,875,000","400,000,000","406,666,667",,"396,790,123","398,974,359","402,000,000",,"398,611,111","395,151,515","375,000,000",,"394,827,586","394,482,759","405,000,000",,"399,245,283","391,111,111","400,000,000",,"392,173,913","384,000,000","375,000,000",,"391,063,830","392,727,273","382,500,000",,"381,875,000","386,000,000","355,000,000",,"380,000,000","387,777,778","362,857,143",,"385,142,857","391,578,947","366,666,667",,"389,008,000","388,240,000","388,240,000",,"386,960,000","385,768,000","385,768,000",,"404,256,000","404,256,000","404,256,000",,"404,152,000","404,152,000","403,328,000",,"403,176,000"
TotalOperatingIncomeAsReported,"4,221,000,000","904,000,000","1,083,000,000","1,154,000,000","1,081,000,000","657,000,000","944,000,000","1,105,000,000","912,000,000","818,000,000","891,000,000","813,000,000","705,000,000","704,000,000","704,000,000","672,000,000","711,000,000","628,000,000","658,000,000","677,000,000","648,000,000","857,000,000","1,348,000,000","651,000,000","512,000,000","424,000,000","410,000,000","582,000,000","501,000,000","-1,148,000,000","366,000,000","486,000,000","430,000,000","284,000,000","407,000,000","436,000,000","278,000,000","97,000,000","528,000,000","365,000,000","221,000,000","241,900,000","606,800,000","358,800,000","214,400,000","283,549,000","630,000,000","326,258,000","190,264,000","279,103,000","555,965,000","296,327,000","124,341,000","200,911,000","646,267,000","360,025,000","147,607,000","236,855,000","738,652,000","455,425,000","232,181,000","326,148,000","616,229,000","360,403,000","115,674,000","315,562,000","609,955,000","313,973,000","125,674,000","301,666,000","516,916,000","265,060,000","91,048,000","383,108,000","462,814,000","228,125,000","63,327,000","218,769,000","430,165,000","225,503,000","46,091,000","27,072,000","402,970,000","190,050,000","38,012,000","155,806,000","353,318,000","178,552,000","77,984,000","160,000,000","318,100,000","153,100,000","44,900,000","123,400,000","253,800,000","134,100,000","40,200,000","116,300,000","218,300,000","117,800,000","32,700,000","84,600,000","201,000,000","103,900,000","33,500,000","78,000,000","192,900,000","100,800,000","31,100,000","91,500,000","161,600,000","89,100,000","33,600,000","86,000,000","89,800,000","64,800,000","52,100,000","87,900,000","79,800,000","67,600,000","48,800,000","94,900,000","68,100,000","58,200,000","48,400,000","121,000,000","89,600,000","63,800,000","50,600,000",,,,,,,,,,,,,,,,,,
TotalExpenses,"4,087,000,000","1,190,000,000","1,007,000,000","952,000,000","937,000,000","1,210,000,000","910,000,000","839,000,000","881,000,000","917,000,000","847,000,000","891,000,000","866,000,000","833,000,000","842,000,000","937,000,000","856,000,000","960,000,000","855,000,000","832,000,000","805,000,000","921,000,000","813,000,000","831,000,000","829,000,000","951,000,000","914,000,000","760,000,000","772,000,000","2,438,000,000","897,000,000","860,000,000","806,000,000","966,000,000","787,000,000","814,000,000","903,000,000","-477,000,000","1,425,000,000","1,182,000,000","1,110,000,000","1,277,500,000","1,301,200,000","1,222,000,000","1,067,500,000","1,240,530,000","1,337,300,000","1,147,798,000","1,000,126,000","1,180,085,000","1,319,938,000","1,168,853,000","1,023,866,000","1,214,507,000","1,402,274,000","1,313,200,000","1,070,264,000","1,332,833,000","1,449,344,000","1,262,754,000","1,064,237,000","1,268,198,000","1,376,341,000","1,167,140,000","1,025,005,000","1,225,756,000","1,367,086,000","1,142,304,000","903,332,000","1,111,089,000","1,178,995,000","965,237,000","820,527,000","785,122,000","1,159,792,000","962,353,000","783,216,000","953,512,000","1,147,169,000","965,898,000","800,561,000","1,087,496,000","1,132,130,000","959,420,000","808,385,000","911,755,000","1,038,332,000","840,671,000","724,550,000","874,300,000","1,000,400,000","769,600,000","671,600,000","814,700,000","952,600,000","747,000,000","663,200,000","784,500,000","925,400,000","718,900,000","620,200,000","746,300,000","748,000,000","607,000,000","550,400,000","671,600,000","711,500,000","612,000,000","537,400,000","605,800,000","693,900,000","559,200,000","526,200,000","596,700,000","465,200,000","426,100,000","414,800,000","490,800,000","452,900,000","416,700,000","406,000,000","473,200,000","421,400,000","398,700,000","380,100,000","437,000,000","413,200,000","394,000,000","369,400,000",,,,,,,,,,,,,,,,,,
NetIncomeFromContinuingAndDiscontinuedOperation,"3,024,000,000","675,000,000","797,000,000","798,000,000","755,000,000","454,000,000","455,000,000","792,000,000","639,000,000","541,000,000","617,000,000","555,000,000","410,000,000","511,000,000","495,000,000","461,000,000","491,000,000","262,000,000","414,000,000","421,000,000","399,000,000","537,000,000","892,000,000","383,000,000","294,000,000","247,000,000","252,000,000","353,000,000","303,000,000","-846,000,000","190,000,000","292,000,000","248,000,000","172,000,000","215,000,000","254,000,000","735,000,000","-215,000,000","314,000,000","216,000,000","123,000,000","214,400,000","365,600,000","211,100,000","120,000,000","153,843,000","379,900,000","191,084,000","103,286,000","167,294,000","336,111,000","164,093,000","63,004,000","115,921,000","390,166,000","212,294,000","81,110,000","140,625,000","452,018,000","277,078,000","143,838,000","204,777,000","382,273,000","220,961,000","74,220,000","189,312,000","381,289,000","194,970,000","78,735,000","190,037,000","324,481,000","165,626,000","75,679,000","159,924,000","290,296,000","142,035,000","95,395,000","134,869,000","276,219,000","136,470,000","29,202,000","-2,845,000","239,488,000","119,997,000","20,391,000","88,696,000","217,720,000","107,888,000","57,612,000","120,800,000","190,500,000","90,000,000","24,400,000","74,500,000","169,400,000","77,800,000","20,100,000","67,100,000","143,500,000","65,200,000","15,000,000","307,800,000","114,500,000","57,200,000","16,200,000","54,500,000","105,800,000","52,800,000","14,000,000","49,900,000","90,200,000","48,000,000","15,000,000","44,800,000","-91,900,000","43,200,000","15,300,000","39,300,000","61,100,000","38,600,000","14,200,000","45,300,000","55,100,000","34,900,000","12,700,000","51,500,000","67,400,000","37,200,000","16,500,000",,,,,,,,,,,,,,,,,,
NormalizedIncome,"3,002,048,000","670,038,202.247","785,786,000","789,761,000","756,532,000","448,476,562.5","669,542,000","787,302,000","641,355,000","543,404,924.761","591,326,000","555,770,000","410,000,000","511,000,000","495,000,000","461,000,000","491,000,000","262,000,000","414,000,000","421,000,000","399,000,000","266,760,651.629","382,990,000","383,000,000","294,000,000","247,000,000","252,000,000","353,000,000","303,000,000","-1,009,000,000","188,000,000","292,000,000","248,000,000","174,000,000","235,000,000","250,000,000","154,000,000","19,000,000","314,000,000","216,000,000","123,000,000","136,700,000","366,700,000","211,100,000","120,000,000","153,843,000","379,200,000","191,084,000","103,286,000","160,587,390.506","336,111,000","172,900,982.677","63,004,000","115,921,000","390,166,000","212,294,000","81,110,000","140,625,000","452,018,000","277,078,000","133,061,530.525","204,777,000","382,273,000","220,961,000","74,220,000","192,625,200","377,044,968.387","194,970,000","78,735,000","190,037,000","324,481,000","165,626,000","76,266,000","133,953,200","280,208,455.29","137,490,802.322","32,263,571.742","132,925,246.397","276,445,601.16","130,483,750","24,793,231.128","-7,843,600","229,673,230.573","113,154,173.643","12,996,218.241","85,229,217.64","208,043,610.222","102,898,486.732","42,213,006.981","91,759,191.919","186,291,066.282","87,073,170.732","21,594,000","69,740,786.241","146,463,593.806","73,836,833.856","17,176,363.636","62,838,729.875","128,896,017.699","62,138,121.547","12,840,000","45,629,729.188","111,620,000","54,380,000","13,080,000","37,580,000","103,700,000","49,560,000","10,760,000","45,760,000","86,600,000","44,760,000","13,080,000","42,940,000","69,093,933.824","34,355,431.755","25,680,000","45,720,000","39,320,000","33,200,000","22,540,000","48,420,000","31,220,000","26,320,000","20,620,000","61,160,000","41,240,000","28,260,000","22,080,000",,,,,,,,,,,,,,,,,,
InterestExpense,"119,000,000","25,000,000","31,000,000","32,000,000","32,000,000","32,000,000","35,000,000","40,000,000","34,000,000","93,000,000","32,000,000","37,000,000","36,000,000","36,000,000","38,000,000","26,000,000","34,000,000","39,000,000","37,000,000","37,000,000","37,000,000","59,000,000","39,000,000","42,000,000","40,000,000","40,000,000","30,000,000","16,000,000","16,000,000","19,000,000","12,000,000","14,000,000","14,000,000","14,000,000","14,000,000","16,000,000","15,000,000","20,000,000","20,000,000","20,000,000","21,000,000",,"18,100,000",,"19,100,000","19,445,000","19,319,000","20,840,000","22,039,000","19,950,000","17,827,000","18,499,000","20,591,000",,,,,,,,,,,,,,,,,,,,,,,,,,,,,,,,,,,,,,,,,,,,,,,,,,,,,,,,,,,,,,,,,,,,,,,,,,,,,,,,,,,,,,,,,,,,,,
NetInterestIncome,"-119,000,000","-25,000,000","-31,000,000","-32,000,000","-32,000,000","-32,000,000","-35,000,000","-40,000,000","-34,000,000","-93,000,000","-32,000,000","-37,000,000","-36,000,000","-36,000,000","-38,000,000","-26,000,000","-34,000,000","-39,000,000","-37,000,000","-37,000,000","-37,000,000","-59,000,000","-39,000,000","-42,000,000","-40,000,000","-40,000,000","-30,000,000","-16,000,000","-16,000,000","-19,000,000","-12,000,000","-14,000,000","-14,000,000","-14,000,000","-14,000,000","-16,000,000","-15,000,000","-20,000,000","-20,000,000","-20,000,000","-21,000,000","-18,200,000","-18,100,000","-19,500,000","-19,100,000","-19,445,000","-19,300,000","-20,840,000","-22,039,000","-19,950,000","-17,827,000","-18,499,000","-20,591,000",,,,,,,,,,,,,,,,,,,,,,,,,,,,,,,,,,,,,,,,,,,,,,,,,,,,,,,,,,,,,,,,,,,,,,,,,,,,,,,,,,,,,,,,,,,,,,
EBIT,"4,283,000,000","915,000,000","1,105,000,000","1,176,000,000","1,088,000,000","672,000,000","671,000,000","1,115,000,000","911,000,000","824,000,000","883,000,000","819,000,000","602,000,000","707,000,000","710,000,000","683,000,000","715,000,000","628,000,000","658,000,000","677,000,000","648,000,000","857,000,000","1,348,000,000","651,000,000","512,000,000","424,000,000","410,000,000","582,000,000","501,000,000","-1,148,000,000","366,000,000","486,000,000","430,000,000","284,000,000","407,000,000","436,000,000","278,000,000","97,000,000","528,000,000","365,000,000","221,000,000","242,100,000","606,800,000","358,800,000","214,400,000","272,491,000","618,900,000","326,258,000","190,264,000","292,952,000","555,965,000","282,478,000","124,341,000","200,911,000","646,267,000","360,025,000","147,607,000","236,855,000","738,652,000","455,425,000","232,181,000","326,148,000","616,229,000","360,403,000","115,674,000","315,562,000","609,955,000","313,973,000","125,674,000","301,666,000","516,916,000","265,060,000","91,048,000","383,108,000","462,814,000","228,125,000","63,327,000","218,769,000","430,165,000","225,503,000","46,091,000","27,072,000","402,970,000","190,050,000","38,012,000","155,806,000","353,318,000","178,552,000","77,984,000","160,000,000","318,100,000","153,100,000","44,900,000","123,400,000","253,800,000","134,100,000","40,200,000","116,300,000","218,300,000","117,800,000","32,700,000","84,600,000","201,000,000","103,900,000","33,500,000","78,000,000","192,900,000","100,800,000","31,100,000","91,500,000","161,600,000","89,100,000","33,600,000","86,000,000","89,800,000","64,800,000","52,100,000","87,900,000","79,800,000","67,600,000","48,800,000","94,900,000","68,100,000","58,200,000","48,400,000","121,000,000","89,600,000","63,800,000","50,600,000","-1,217,600,000","452,200,000","482,200,000","416,100,000","-1,036,100,000","471,200,000","443,700,000","395,700,000","-984,300,000","455,100,000","425,900,000","371,500,000","-850,900,000","418,700,000","378,000,000","333,200,000","-810,800,000","389,900,000"
EBITDA,"4,461,000,000"
ReconciledCostOfRevenue,"2,195,000,000","592,000,000","542,000,000","533,000,000","527,000,000","559,000,000","517,000,000","493,000,000","521,000,000","464,000,000","438,000,000","452,000,000","439,000,000","411,000,000","405,000,000","446,000,000","439,000,000","431,000,000","421,000,000","449,000,000","411,000,000","406,000,000","436,000,000","469,000,000","457,000,000","454,000,000","406,000,000","406,000,000","406,000,000","422,000,000","398,000,000","421,000,000","411,000,000","420,000,000","393,000,000","397,000,000","374,000,000","-323,000,000","672,000,000","566,000,000","522,000,000","584,700,000","703,000,000","601,200,000","511,100,000","528,120,000","593,877,000","491,472,000","450,423,000","533,816,000","608,707,000","511,367,000","461,648,000","572,918,000","623,227,000","573,223,000","473,191,000","576,761,000","656,413,000","577,959,000","476,285,000","557,502,000","608,938,000","533,437,000","458,965,000","534,529,000","622,741,000","519,265,000","405,523,000","517,793,000","509,184,000","406,349,000","345,253,000","420,046,000","524,213,000","430,314,000","344,513,000","446,076,000","527,988,000","490,844,000","403,431,000","626,011,000","558,124,000","481,819,000","412,462,000","445,032,000","518,695,000","425,149,000","373,845,000","468,200,000","508,700,000","410,000,000","351,100,000","384,400,000","528,400,000","390,200,000","358,600,000","432,000,000","510,200,000","371,600,000","325,600,000","427,000,000","397,800,000","327,000,000","293,200,000","369,100,000","365,500,000","324,300,000","281,300,000","416,600,000","345,000,000","269,300,000","255,400,000","266,100,000","265,700,000","230,000,000","227,200,000","250,800,000","258,000,000","231,800,000","224,200,000","252,100,000","237,800,000","213,500,000","202,900,000","226,300,000","232,600,000","215,600,000","199,500,000",,,,,,,,,,,,,,,,,,
ReconciledDepreciation,"178,000,000","41,000,000","42,000,000","45,000,000","50,000,000","52,000,000","54,000,000","51,000,000","49,000,000","51,000,000","49,000,000","52,000,000","52,000,000","55,000,000","54,000,000","52,000,000","45,000,000","46,000,000","46,000,000","45,000,000","43,000,000","47,000,000","47,000,000","45,000,000","42,000,000","53,000,000","38,000,000","33,000,000","33,000,000","34,000,000","34,000,000","33,000,000","33,000,000","34,000,000","33,000,000","35,000,000","35,000,000","-3,000,000","52,000,000","48,000,000","44,000,000","46,900,000","46,000,000","47,100,000","47,000,000","101,237,000","145,823,000","108,607,000","61,732,000","89,416,000","164,270,000","111,360,000","70,907,000","101,129,000","168,148,000","109,602,000","69,909,000","87,063,000","148,386,000","97,108,000","68,614,000","92,196,000","142,324,000","93,462,000","62,010,000","95,606,000","137,999,000","93,320,000","58,336,000","84,271,000","144,375,000","102,191,000","61,876,000","84,826,000","158,010,000","98,861,000","61,482,000","79,035,000","158,159,000","104,891,000","66,686,000","90,366,000","150,486,000","105,393,000","74,353,000","81,756,000","135,237,000","86,135,000","59,197,000","72,800,000","113,500,000","69,200,000","52,900,000","64,400,000","115,400,000","67,800,000","51,600,000","66,700,000","104,500,000","74,100,000","48,200,000","59,600,000","84,700,000","53,700,000","40,600,000","51,300,000","81,400,000","57,700,000","41,000,000","51,800,000","85,400,000","52,300,000","40,500,000","83,600,000","19,100,000","18,600,000","18,300,000","36,700,000","12,700,000","12,500,000","12,400,000","18,900,000","18,000,000","17,900,000","17,300,000","17,600,000","17,200,000","16,700,000","15,300,000",,,,,,,,,,,,,,,,,,
NetIncomeFromContinuingOperationNetMinorityInterest,"3,024,000,000","675,000,000","797,000,000","798,000,000","755,000,000","454,000,000","455,000,000","792,000,000","639,000,000","541,000,000","617,000,000","555,000,000","410,000,000","511,000,000","495,000,000","461,000,000","491,000,000","262,000,000","414,000,000","421,000,000","399,000,000","537,000,000","892,000,000","383,000,000","294,000,000","247,000,000","252,000,000","353,000,000","303,000,000","-1,009,000,000","188,000,000","292,000,000","248,000,000","174,000,000","235,000,000","250,000,000","154,000,000","19,000,000","314,000,000","216,000,000","123,000,000","136,700,000","366,700,000","211,100,000","120,000,000","153,843,000","379,200,000","191,084,000","103,286,000","167,294,000","336,111,000","164,093,000","63,004,000","115,921,000","390,166,000","212,294,000","81,110,000","140,625,000","452,018,000","277,078,000","143,838,000","204,777,000","382,273,000","220,961,000","74,220,000","189,312,000","381,289,000","194,970,000","78,735,000","190,037,000","324,481,000","165,626,000","76,266,000","217,271,000","290,296,000","142,035,000","38,209,000","134,869,000","276,219,000","136,470,000","29,202,000","-2,845,000","239,488,000","119,997,000","20,391,000","88,696,000","217,720,000","107,888,000","57,612,000","120,800,000","190,500,000","90,000,000","24,400,000","74,500,000","169,400,000","77,800,000","20,100,000","67,100,000","143,500,000","65,200,000","15,000,000","307,800,000","114,500,000","57,200,000","16,200,000","54,500,000","105,800,000","52,800,000","14,000,000","49,900,000","90,200,000","48,000,000","15,000,000","44,800,000","-91,900,000","43,200,000","15,300,000","39,300,000","61,100,000","38,600,000","14,200,000","45,300,000","55,100,000","34,900,000","12,700,000","51,500,000","67,400,000","37,200,000","16,500,000",,,,,,,,,,,,,,,,,,
TotalUnusualItemsExcludingGoodwill,"28,000,000","6,000,000","14,000,000","11,000,000","-2,000,000","7,000,000","-274,000,000","6,000,000","-3,000,000","-3,000,000","33,000,000","-1,000,000",,,,,,"0","0",,,"379,000,000","722,000,000",,,,,,,,,,,,,,,,,,,,,,,,"11,058,000","0",,"10,545,000","0","-13,849,000",,,,,,"0",,,"17,305,000",,,,,"-5,522,000","6,758,000",,,,,,,"138,863,000","16,012,000","7,213,000","9,437,000","3,110,000","-348,000","9,578,000","7,054,000","8,331,000","15,959,000","9,924,000","12,024,000","5,637,000","15,734,000","8,113,000","25,039,000","47,600,000","6,900,000","4,800,000","4,600,000","7,800,000","37,600,000","6,500,000","4,800,000","7,100,000","23,000,000","5,100,000","3,600,000","424,600,000","4,800,000","4,700,000","5,200,000","28,200,000","3,500,000","5,400,000","5,400,000","6,900,000","6,000,000","5,400,000","3,200,000","3,100,000","-190,600,000","14,700,000","-17,300,000","-10,700,000","36,300,000","9,000,000","-13,900,000","-5,200,000","39,800,000","14,300,000","-13,200,000","-16,100,000","43,600,000","14,900,000","-9,300,000",,,,,,,,,,,,,,,,,,
TotalUnusualItems,"28,000,000","6,000,000","14,000,000","11,000,000","-2,000,000","7,000,000","-274,000,000","6,000,000","-3,000,000","-3,000,000","33,000,000","-1,000,000",,,,,,"0","0",,,"379,000,000","722,000,000",,,,,,,,,,,,,,,,,,,,,,,,"11,058,000","0",,"10,545,000","0","-13,849,000",,,,,,"0",,,"17,305,000",,,,,"-5,522,000","6,758,000",,,,,,,"138,863,000","16,012,000","7,213,000","9,437,000","3,110,000","-348,000","9,578,000","7,054,000","8,331,000","15,959,000","9,924,000","12,024,000","5,637,000","15,734,000","8,113,000","25,039,000","47,600,000","6,900,000","4,800,000","4,600,000","7,800,000","37,600,000","6,500,000","4,800,000","7,100,000","23,000,000","5,100,000","3,600,000","424,600,000","4,800,000","4,700,000","5,200,000","28,200,000","3,500,000","5,400,000","5,400,000","6,900,000","6,000,000","5,400,000","3,200,000","3,100,000","-190,600,000","14,700,000","-17,300,000","-10,700,000","36,300,000","9,000,000","-13,900,000","-5,200,000","39,800,000","14,300,000","-13,200,000","-16,100,000","43,600,000","14,900,000","-9,300,000",,,,,,,,,,,,,,,,,,
NormalizedEBITDA,"4,433,000,000","950,000,000","1,133,000,000","1,210,000,000","1,140,000,000","717,000,000","999,000,000","1,160,000,000","963,000,000","878,000,000","899,000,000","872,000,000","654,000,000","762,000,000","764,000,000","735,000,000","760,000,000","674,000,000","704,000,000","722,000,000","691,000,000","525,000,000","673,000,000","696,000,000","554,000,000","477,000,000","448,000,000","615,000,000","534,000,000","-1,114,000,000","400,000,000","520,000,000","463,000,000","318,000,000","440,000,000","471,000,000","313,000,000","97,000,000","580,000,000","413,000,000","265,000,000","289,000,000","652,800,000","405,900,000","261,400,000","373,728,000","764,723,000","434,865,000","251,996,000","371,823,000","720,235,000","407,687,000","195,248,000","302,040,000","814,415,000","469,627,000","217,516,000","323,918,000","887,038,000","552,533,000","283,490,000","418,344,000","758,553,000","453,865,000","177,684,000","416,690,000","741,196,000","407,293,000","184,010,000","385,937,000","661,291,000","367,251,000","152,924,000","329,071,000","604,812,000","319,773,000","115,372,000","294,694,000","588,672,000","320,816,000","105,723,000","109,107,000","537,497,000","285,519,000","100,341,000","231,925,000","472,821,000","256,574,000","112,142,000","185,200,000","424,700,000","217,500,000","93,200,000","180,000,000","331,600,000","195,400,000","87,000,000","175,900,000","299,800,000","186,900,000","77,300,000","-280,400,000","280,900,000","152,900,000","68,900,000","101,100,000","270,800,000","153,100,000","66,700,000","136,400,000","241,000,000","136,000,000","70,900,000","166,500,000","299,500,000","68,700,000","87,700,000","135,300,000","56,200,000","71,100,000","75,100,000","119,000,000","46,300,000","61,800,000","78,900,000","154,700,000","63,200,000","65,600,000","75,200,000","-1,217,600,000","452,200,000","482,200,000","416,100,000","-1,036,100,000","471,200,000","443,700,000","395,700,000","-984,300,000","455,100,000","425,900,000","371,500,000","-850,900,000","418,700,000","378,000,000","333,200,000","-810,800,000","389,900,000"
TaxRateForCalcs,"0.216","0.173","0.199","0.251","0.234","0.211","0.217","0.217","0.215","0.198","0.222","0.23","0.199","0.179","0.204","0.238","0.216","0.4","0.273","0.286","0.295","0.287","0.295","0.323","0.315","0.281","0.259","0.326","0.321","0.157","0.392","0.331","0.34","0.293","0.326","0.35","0.337","0.35","0.337","0.362","0.365","0.363","0.363","0.364","0.364","0.364","0.363","0.364","0.364","0.364","0.364","0.364","0.364","0.375","0.375","0.375","0.375","0.375","0.375","0.375","0.377","0.372","0.372","0.372","0.372","0.4","0.372","0.372","0.37","0.37","0.37","0.37","0.146","0.4","0.37","0.37","0.37","0.375","0.349","0.375","0.375","0.4","0.385","0.31","0.385","0.385","0.385","0.385","0.385","0.39","0.39","0.39","0.39","0.39","0.39","0.39","0.391","0.4","0.365","0.4","0.4","0.383","0.4","0.4","0.4","0.4","0.4","0.4","0.4","0.4","0.4","0.4","0.4","0.4","0.155","0.398","0.4","0.4","0.4","0.4","0.4","0.4","0.4","0.4","0.4","0.4","0.4","0.4","0.4",,,,,,,,,,,,,,,,,,
TaxEffectOfUnusualItems,"6,048,000","1,038,202.247","2,786,000","2,761,000","-468,000","1,476,562.5","-59,458,000","1,302,000","-645,000","-595,075.239","7,326,000","-230,000","0","0","0","0","0","0","0","0","0","108,760,651.629","212,990,000","0","0","0","0","0","0","0","0","0","0","0","0","0","0","0","0","0","0","0","0","0","0","0","0","0","0","3,838,390.506","0","-5,041,017.323","0","0","0","0","0","0","0","0","6,528,530.525","0","0","0","0","-2,208,800","2,513,968.387","0","0","0","0","0","0","55,545,200","5,924,455.29","2,668,802.322","3,491,571.742","1,166,246.397","-121,398.84","3,591,750","2,645,231.128","3,332,400","6,144,230.573","3,081,173.643","4,629,218.241","2,170,217.64","6,057,610.222","3,123,486.732","9,640,006.981","18,559,191.919","2,691,066.282","1,873,170.732","1,794,000","3,040,786.241","14,663,593.806","2,536,833.856","1,876,363.636","2,838,729.875","8,396,017.699","2,038,121.547","1,440,000","162,429,729.188","1,920,000","1,880,000","2,080,000","11,280,000","1,400,000","2,160,000","2,160,000","2,760,000","2,400,000","2,160,000","1,280,000","1,240,000","-29,606,066.176","5,855,431.755","-6,920,000","-4,280,000","14,520,000","3,600,000","-5,560,000","-2,080,000","15,920,000","5,720,000","-5,280,000","-6,440,000","17,440,000","5,960,000","-3,720,000",,,,,,,,,,,,,,,,,,