name,ttm,12/31/2021,09/30/2021,06/30/2021,03/31/2021,12/31/2020,09/30/2020,06/30/2020,03/31/2020,12/31/2019,09/30/2019,06/30/2019,03/31/2019,12/31/2018,09/30/2018,06/30/2018,03/31/2018,12/31/2017,09/30/2017,06/30/2017,03/31/2017,12/31/2016,09/30/2016,06/30/2016,03/31/2016,12/31/2015,09/30/2015,06/30/2015,03/31/2015,12/31/2014,09/30/2014,06/30/2014,03/31/2014,12/31/2013,09/30/2013,06/30/2013,03/31/2013,12/31/2012,09/30/2012,06/30/2012,03/31/2012,12/31/2011,09/30/2011,06/30/2011,03/31/2011,12/31/2010,09/30/2010,06/30/2010,03/31/2010,12/31/2009,09/30/2009,06/30/2009,03/31/2009,12/31/2008,09/30/2008,06/30/2008,03/31/2008,12/31/2007,09/30/2007,06/30/2007,03/31/2007,12/31/2006,09/30/2006,06/30/2006,03/31/2006,12/31/2005,09/30/2005,06/30/2005,03/31/2005,12/31/2004,09/30/2004,06/30/2004,03/31/2004,12/31/2003,09/30/2003,06/30/2003,03/31/2003,12/31/2002,09/30/2002,06/30/2002,03/31/2002,12/31/2001,09/30/2001,06/30/2001,03/31/2001,12/31/2000,09/30/2000,06/30/2000,03/31/2000,12/31/1999,09/30/1999,06/30/1999,03/31/1999,12/31/1998,09/30/1998,06/30/1998,03/31/1998,12/31/1997,09/30/1997,06/30/1997,03/31/1997,12/31/1996,09/30/1996,06/30/1996,03/31/1996,12/31/1995,09/30/1995,06/30/1995,03/31/1995,12/31/1994,09/30/1994,06/30/1994,03/31/1994,12/31/1993,09/30/1993,06/30/1993,03/31/1993,12/31/1992,09/30/1992,06/30/1992,03/31/1992,12/31/1991,09/30/1991,06/30/1991,03/31/1991,12/31/1990,09/30/1990,06/30/1990
TotalRevenue,"4,247,909,000","1,208,971,000","1,196,985,000","968,422,000","873,531,000","808,924,000","756,132,000","668,932,000","822,991,000","774,261,000","736,840,000","696,803,000","768,213,000","696,238,000","678,961,000","638,758,000","715,973,000","661,900,000","634,159,000","607,964,000","681,189,000","646,774,000","646,415,000","638,378,000","690,277,000","618,688,000","489,897,000","439,902,000","501,647,000","473,244,000","462,729,000","412,643,000","465,287,000","405,551,000","383,762,000","367,652,000","428,216,000","380,405,000","356,321,000","336,960,000","390,249,000","355,215,000","342,707,000","318,639,000","377,760,000","328,283,000","312,425,000","188,980,000","332,129,000","327,832,000","314,229,000","283,543,000","344,366,000","319,467,000","323,127,000","311,565,000","375,170,000","313,974,000","295,002,000","280,944,000","349,837,000","298,967,000","283,536,000","265,067,000","331,274,000","287,492,000","284,370,000","276,698,000","315,713,000","284,389,000","264,846,000","254,797,000","296,057,000","274,286,000","257,389,000","259,280,000","273,692,000","244,312,000","232,732,000","221,351,000","244,593,000","218,637,000","206,393,000","197,074,000","218,631,000","204,465,000","193,178,000","183,813,000","190,126,000","195,100,000","198,600,000","176,800,000","226,900,000","205,800,000","191,100,000","173,775,000","204,500,000","186,639,000","173,383,000","155,134,000","170,500,000","151,000,000","138,500,000","127,900,000","25,600,000","24,200,000","21,600,000","19,800,000","19,600,000","16,500,000","15,200,000","13,000,000","14,300,000","12,000,000","10,500,000","9,100,000","8,800,000","6,800,000","6,200,000","5,000,000","4,700,000","3,400,000","2,500,000","2,300,000","2,200,000","2,500,000","2,400,000","1,600,000"
	OperatingRevenue,"4,247,909,000","1,208,971,000","1,196,985,000","968,422,000","873,531,000","808,924,000","756,132,000","668,932,000","822,991,000","774,261,000","736,840,000","696,803,000","768,213,000","696,238,000","678,961,000","638,758,000","715,973,000","661,900,000","634,159,000","607,964,000","681,189,000","646,774,000","646,415,000","638,378,000","690,277,000","618,688,000","489,897,000","439,902,000","501,647,000","473,244,000","462,729,000","412,643,000","465,287,000","405,551,000","383,762,000","367,652,000","428,216,000","380,405,000","356,321,000","336,960,000","390,249,000","355,215,000","342,707,000","318,639,000","377,760,000","328,283,000","312,425,000","188,980,000","332,129,000","327,832,000","314,229,000","283,543,000","344,366,000","319,467,000","323,127,000","311,565,000","375,170,000","313,974,000","295,002,000","280,944,000","349,837,000","298,967,000","283,536,000","265,067,000","331,274,000","287,492,000","284,370,000","276,698,000","315,713,000","284,389,000","264,846,000","254,797,000","296,057,000","274,286,000","257,389,000","259,280,000","273,692,000","244,312,000","232,732,000","221,351,000","244,593,000","218,637,000","206,393,000","197,074,000","218,631,000","204,465,000","193,178,000","183,813,000","190,126,000","195,100,000","198,600,000","176,800,000","226,900,000","205,800,000","191,100,000","173,775,000","204,500,000","186,639,000","173,383,000","155,134,000","170,500,000","151,000,000","138,500,000","127,900,000","25,600,000","24,200,000","21,600,000","19,800,000","19,600,000","16,500,000","15,200,000","13,000,000","14,300,000","12,000,000","10,500,000","9,100,000","8,800,000","6,800,000","6,200,000","5,000,000","4,700,000","3,400,000","2,500,000","2,300,000","2,200,000","2,500,000","2,400,000","1,600,000"
CostOfRevenue,"2,423,351,000","670,857,000","716,641,000","542,140,000","491,897,000","463,063,000","426,095,000","383,364,000","458,931,000","442,908,000","418,173,000","390,960,000","433,497,000","409,241,000","394,297,000","369,708,000","423,220,000","383,312,000","367,398,000","351,843,000","401,064,000","389,165,000","398,507,000","398,388,000","426,388,000","380,507,000","280,576,000","255,812,000","288,587,000","276,088,000","268,737,000","242,550,000","280,792,000","241,776,000","229,256,000","220,806,000","250,448,000","227,283,000","203,200,000","199,708,000","226,024,000","217,209,000","209,398,000","185,714,000","221,733,000","191,269,000","177,370,000","170,914,000","189,922,000","188,349,000","181,574,000","158,707,000","204,555,000","195,400,000","190,764,000","181,064,000","223,794,000","183,775,000","171,332,000","162,232,000","204,867,000","171,266,000","164,775,000","151,692,000","197,944,000","165,396,000","168,137,000","158,927,000","185,004,000","164,827,000","153,358,000","144,905,000","170,440,000","159,189,000","146,775,000","152,709,000","157,024,000","140,369,000","136,337,000","129,537,000","144,124,000","129,792,000","121,719,000","115,861,000","131,939,000","102,189,000","96,856,000","94,592,000","124,829,000","97,900,000","97,900,000","84,900,000","115,300,000","101,600,000","93,500,000","92,461,000","109,011,000","102,591,000","95,196,000","88,300,000","93,400,000","87,500,000","81,700,000","76,900,000","8,800,000","8,600,000","7,800,000","7,000,000","6,900,000","5,800,000","5,500,000","4,600,000","5,200,000","4,400,000","4,100,000","3,600,000","3,400,000","2,700,000","2,600,000","2,000,000",,,,,,,,
GrossProfit,"1,824,558,000","538,114,000","480,344,000","426,282,000","381,634,000","345,861,000","330,037,000","285,568,000","364,060,000","331,353,000","318,667,000","305,843,000","334,716,000","286,997,000","284,664,000","269,050,000","292,753,000","278,588,000","266,761,000","256,121,000","280,125,000","257,609,000","247,908,000","239,990,000","263,889,000","238,181,000","209,321,000","184,090,000","213,060,000","197,156,000","193,992,000","170,093,000","184,495,000","163,775,000","154,506,000","146,846,000","177,768,000","153,122,000","153,121,000","137,252,000","164,225,000","138,006,000","133,309,000","132,925,000","156,027,000","137,014,000","135,055,000","18,066,000","142,207,000","139,483,000","132,655,000","124,836,000","139,811,000","124,067,000","132,363,000","130,501,000","151,376,000","130,199,000","123,670,000","118,712,000","144,970,000","127,701,000","118,761,000","113,375,000","133,330,000","122,096,000","116,233,000","117,771,000","130,709,000","119,562,000","111,488,000","109,892,000","125,617,000","115,097,000","110,614,000","106,571,000","116,668,000","103,943,000","96,395,000","91,814,000","100,469,000","88,845,000","84,674,000","81,213,000","86,692,000","102,276,000","96,322,000","89,221,000","65,297,000","97,200,000","100,700,000","91,900,000","111,600,000","104,200,000","97,600,000","81,314,000","95,489,000","84,048,000","78,187,000","66,834,000","77,100,000","63,500,000","56,800,000","51,000,000","16,800,000","15,600,000","13,800,000","12,800,000","12,700,000","10,700,000","9,700,000","8,400,000","9,100,000","7,600,000","6,400,000","5,500,000","5,400,000","4,100,000","3,600,000","3,000,000",,,,,,,,
OperatingExpense,"1,349,547,000","335,388,000","363,631,000","411,944,000","238,584,000","198,811,000","188,850,000","171,401,000","206,289,000","189,414,000","192,208,000","194,366,000","188,998,000","191,266,000","178,085,000","174,626,000","179,183,000","174,338,000","167,330,000","169,815,000","221,504,000","173,351,000","178,297,000","166,314,000","164,407,000","191,653,000","186,714,000","140,600,000","145,167,000","136,919,000","139,298,000","126,097,000","112,564,000","107,077,000","104,188,000","105,782,000","112,653,000","86,368,000","90,892,000","89,086,000","91,055,000","83,118,000","85,567,000","85,766,000","97,774,000","101,206,000","80,042,000","80,726,000","85,689,000","80,041,000","82,705,000","82,185,000","91,364,000","75,394,000","85,358,000","95,627,000","96,888,000","95,785,000","96,524,000","95,754,000","91,977,000","90,672,000","25,376,000","86,809,000","89,419,000","83,042,000","89,187,000","90,522,000","84,510,000","79,650,000","-19,379,000","81,877,000","81,635,000","77,271,000","78,290,000","80,347,000","74,704,000","69,914,000","67,214,000","71,221,000","70,218,000","65,335,000","67,941,000","71,094,000","58,800,000","80,968,000","80,383,000","83,615,000","100,291,000","77,000,000","74,400,000","73,800,000","74,300,000","63,700,000","64,900,000","55,560,000","60,210,000","52,088,000","52,547,000","47,099,000","51,300,000","41,600,000","37,000,000","34,100,000","10,500,000","10,000,000","9,200,000","9,000,000","8,700,000","7,200,000","6,700,000","5,800,000","6,400,000","5,500,000","4,700,000","4,000,000","4,200,000","3,400,000","3,300,000","2,800,000",,,,,,,,
	SellingGeneralAndAdministration,"1,270,186,000","310,564,000","344,799,000","393,752,000","221,070,000","182,373,000","172,707,000","155,170,000","189,064,000","172,927,000","175,959,000","178,781,000","173,120,000","176,099,000","162,312,000","158,406,000","161,574,000","159,143,000","153,356,000","155,811,000","205,743,000","158,760,000","163,680,000","151,886,000","150,097,000","177,319,000","172,459,000","126,835,000","130,992,000","122,370,000","126,292,000","113,688,000","100,883,000","95,497,000","90,661,000","93,929,000","100,927,000","75,953,000","81,040,000","79,774,000","81,969,000","73,922,000","76,652,000","77,009,000","87,885,000","93,467,000","71,999,000","72,117,000","75,716,000","71,776,000","74,516,000","74,605,000","83,073,000","67,272,000","77,290,000","87,348,000","87,935,000","85,612,000","87,993,000","86,495,000","83,107,000","82,594,000","82,786,000","78,414,000","81,386,000","74,316,000","79,165,000","81,793,000","76,136,000","70,465,000","71,944,000","72,566,000","74,907,000","69,623,000","71,879,000","72,680,000","66,719,000","63,103,000","61,457,000","66,249,000","64,740,000","60,377,000","62,963,000","64,802,000","85,845,000","63,447,000","63,717,000","66,782,000","84,250,000","61,100,000","58,600,000","57,700,000","57,400,000","49,800,000","50,700,000","49,531,000","54,215,000","46,099,000","46,573,000","41,143,000","39,300,000","32,500,000","27,600,000","26,100,000","7,800,000","7,300,000","6,800,000","6,700,000","6,400,000","5,200,000","4,800,000","4,200,000","6,100,000","5,300,000","4,600,000","3,900,000","4,100,000","3,300,000","3,200,000","2,700,000",,,,,,,,
	ResearchAndDevelopment,"79,361,000","24,824,000","18,832,000","18,192,000","17,514,000","16,438,000","16,143,000","16,231,000","17,225,000","16,487,000","16,249,000","15,585,000","15,878,000","15,167,000","15,773,000","16,220,000","17,609,000","15,195,000","13,974,000","14,004,000","15,761,000","14,591,000","14,617,000","14,428,000","14,310,000","14,334,000","14,255,000","13,765,000","14,175,000","14,549,000","13,006,000","12,409,000","11,681,000","11,580,000","13,527,000","11,853,000","11,726,000","10,415,000","9,852,000","9,312,000","9,086,000","9,196,000","8,915,000","8,757,000","9,889,000","7,739,000","8,043,000","8,609,000","9,973,000","8,265,000","8,189,000","7,580,000","8,291,000","8,122,000","8,068,000","8,279,000","8,953,000","10,173,000","8,531,000","9,259,000","8,870,000","8,078,000","8,283,000","8,395,000","8,033,000","8,726,000","10,022,000","8,729,000","8,374,000","9,185,000","8,677,000","9,311,000","6,728,000","7,648,000","6,411,000","7,667,000","7,985,000","6,811,000","5,757,000","4,972,000","5,478,000","4,958,000","4,978,000","6,292,000","6,923,000","5,752,000","5,479,000","5,821,000","6,469,000","5,800,000","5,700,000","6,200,000","6,500,000","6,200,000","6,100,000","6,029,000","5,995,000","5,989,000","5,974,000","5,956,000","6,400,000","5,400,000","5,900,000","4,300,000","2,200,000","2,200,000","2,000,000","1,900,000","1,900,000","1,700,000","1,700,000","1,400,000",,,,,,,,,,,,,,,,
	DepreciationAmortizationDepletionIncomeStatement,,,,,,,,,,,,,,,,,,,,,,,,,,,,,,,,,,,,,,,,,,,,,,,,,,,,,,,,,,,,,,,,,,,,,,,,,,,,,,,,,,,,,"12,603,000","11,769,000","11,187,000","11,012,000","9,572,000","10,100,000","10,100,000","9,900,000","10,400,000","7,700,000","8,100,000",,,,,,"5,600,000","3,700,000","3,500,000","3,700,000","500,000","500,000","400,000","400,000","400,000","300,000","200,000","200,000","300,000","200,000","100,000","100,000","100,000","100,000","100,000","100,000",,,,,,,,
		DepreciationAndAmortizationInIncomeStatement,,,,,,,,,,,,,,,,,,,,,,,,,,,,,,,,,,,,,,,,,,,,,,,,,,,,,,,,,,,,,,,,,,,,,,,,,,,,,,,,,,,,,"12,603,000","11,769,000","11,187,000","11,012,000","9,572,000","10,100,000","10,100,000","9,900,000","10,400,000","7,700,000","8,100,000",,,,,,"5,600,000","3,700,000","3,500,000","3,700,000","500,000","500,000","400,000","400,000","400,000","300,000","200,000","200,000","300,000","200,000","100,000","100,000","100,000","100,000","100,000","100,000",,,,,,,,
	OtherOperatingExpenses,,,,,,,,,,,,,,,,,,,,,,,,,,,,,,,,,,,,,,,,,,,,,,,,,,,,,,,,,,,,,,,"-65,693,000",,,,,,,,"-100,000,000",,,,,,,,,,,,,,,,,,,,,,,,,,,,,,,,,,,,,,,,,,,,,,,,,,,,,,,,,
OperatingIncome,"475,011,000","202,726,000","116,713,000","14,338,000","143,050,000","147,050,000","141,187,000","114,167,000","157,771,000","141,939,000","126,459,000","111,477,000","145,718,000","95,731,000","106,579,000","94,424,000","113,570,000","104,250,000","99,431,000","86,306,000","58,621,000","84,258,000","69,611,000","73,676,000","99,482,000","46,528,000","22,607,000","43,490,000","67,893,000","60,237,000","54,694,000","43,996,000","71,931,000","56,698,000","50,318,000","41,064,000","65,115,000","66,754,000","62,229,000","48,166,000","73,170,000","54,888,000","47,742,000","47,159,000","58,253,000","35,808,000","55,013,000","-62,660,000","56,518,000","59,442,000","49,950,000","42,651,000","48,447,000","48,673,000","47,005,000","34,874,000","54,488,000","34,414,000","27,146,000","22,958,000","52,993,000","37,029,000","93,385,000","26,566,000","43,911,000","39,054,000","27,046,000","27,249,000","46,199,000","39,912,000","130,867,000","28,015,000","43,982,000","37,826,000","32,324,000","26,224,000","41,964,000","34,029,000","29,181,000","20,593,000","30,251,000","23,510,000","16,733,000","10,119,000","27,892,000","21,308,000","15,939,000","5,606,000","-34,994,000","20,200,000","26,300,000","18,100,000","37,300,000","40,500,000","32,700,000","25,754,000","35,279,000","31,960,000","25,640,000","19,735,000","25,800,000","21,900,000","19,800,000","16,900,000","6,300,000","5,600,000","4,600,000","3,800,000","4,000,000","3,500,000","3,000,000","2,600,000","2,700,000","2,100,000","1,700,000","1,500,000","1,200,000","700,000","300,000","200,000","-8,200,000","3,400,000","2,500,000","2,300,000","-6,400,000","2,500,000","2,400,000","1,600,000"
NetNonOperatingInterestIncomeExpense,"-71,470,000","-20,524,000","-22,013,000","-20,378,000","-8,555,000","-7,600,000","-7,477,000","-7,203,000","-9,753,000","-8,435,000","-9,426,000","-10,678,000","-7,478,000","-11,824,000","-11,320,000","-11,373,000","-12,178,000","-12,236,000","-12,057,000","-12,001,000","-11,291,000","-10,441,000","-10,640,000","-10,578,000","-10,847,000","-17,300,000","-6,822,000","-5,658,000","-4,612,000","-4,405,000","-4,912,000","-4,462,000","-4,619,000","-4,431,000","-4,642,000","-4,739,000","-5,774,000","-3,869,000","-3,375,000","-2,712,000","-3,073,000","-2,632,000","-2,399,000","-3,104,000","-3,012,000","-2,728,000","-2,808,000","-2,845,000","-3,423,000","-2,756,000","-2,852,000","-2,865,000",,,,,,,,,,,,,,,,,,,,,,,,,,,,,,,,,,,,,,,,,,,,,,,,,,,,,,,,,,,,,,,,,,,,,,,,,,,,
	InterestIncomeNonOperating,"6,474,000","2,447,000","1,023,000","1,434,000","1,569,000","1,299,000","1,188,000","2,289,000","-176,000","1,378,000","1,018,000","-233,000",,,"73,000","367,000","841,000","225,000","626,000","465,000","254,000","539,000","284,000","493,000","549,000","406,000","663,000","462,000","123,000","417,000","36,000","220,000","-376,000","241,000","227,000","248,000","-685,000","338,000","31,000","260,000","-91,000","373,000","682,000","0","-64,000","321,000","188,000","162,000","244,000","535,000","278,000","218,000",,,,,,,,,,,,,,,,,,,,,,,,,,,,,,,,,,,,,,,,,,,,,,,,,,,,,,,,,,,,,,,,,,,,,,,,,,,,
	InterestExpenseNonOperating,"77,944,000","22,971,000","23,036,000","21,812,000","10,124,000","8,899,000","8,665,000","9,492,000","9,577,000","9,813,000","10,444,000","10,678,000","10,498,000","11,824,000","11,393,000","11,740,000","13,019,000","12,461,000","12,683,000","12,466,000","11,545,000","10,980,000","10,924,000","11,071,000","11,396,000","17,706,000","7,485,000","6,120,000","4,735,000","4,822,000","4,948,000","4,682,000","4,243,000","4,672,000","4,869,000","4,987,000","5,145,000","4,207,000","3,406,000","2,972,000","2,982,000","3,005,000","3,081,000","3,104,000","2,948,000","3,049,000","2,996,000","3,007,000","3,667,000","3,291,000","3,130,000","3,083,000",,,,,,,,,,,,,,,,,,,,,,,,,,,,,,,,,,,,,,,,,,,,,,,,,,,,,,,,,,,,,,,,,,,,,,,,,,,,
	TotalOtherFinanceCost,,,,,,,,,,,,,,,,,,,,,,,,,,,,,,,,,,,,,,,,,,,,,,,,"2,845,000",,"2,756,000",,"-2,865,000",,,,,,,,,,,,,,,,,,,,,,,,,,,,,,,,,,,,,,,,,,,,,,,,,,,,,,,,,,,,,,,,,,,,,,,,,,,,
OtherIncomeExpense,"-24,799,000","207,000","-5,093,000","-22,937,000","3,024,000","-20,000","76,000","-166,000","-6,000","448,000","274,000","-1,389,000","-4,840,000","-26,147,000",,,"53,000","-78,000","-27,000","-51,000","5,000","-58,374,000","-48,000","-154,000","-156,000","194,000","56,000","726,000","381,000","1,109,000","-1,271,000","172,000","-12,326,000","-808,000","-18,000","-52,000","-5,000","386,000","48,000","136,000","878,000","-1,164,000","-99,000","-258,000","-779,000","23,000","-105,000","-341,000","-5,161,000","-14,000","115,000","211,000","-828,000","-2,855,000","-37,000","166,000","-12,420,000","-952,000","-698,000","-1,391,000","-1,142,000","-3,179,000","-1,158,000","-1,105,000",,,"-937,000","706,000",,,,"116,000",,,,,,,,,,,,,,,,,,,,"400,000","900,000","200,000","400,000",,,,,,"1,000,000","700,000","900,000","-88,900,000","200,000","200,000","200,000","200,000","100,000","100,000","200,000","200,000","200,000",,"100,000","100,000","100,000","100,000","100,000",,,,,,,,,
	SpecialIncomeCharges,"3,007,000","207,000","-210,000","-14,000","3,024,000","-20,000","76,000","-166,000","-6,000","448,000","274,000","-1,389,000","-4,840,000","-26,147,000","0",,"53,000","-78,000","-27,000","-51,000","5,000","-58,374,000","-48,000","-154,000","-156,000","194,000","56,000","726,000","381,000","1,109,000","-1,271,000","172,000","-12,326,000","-808,000","-18,000","-52,000","-5,000","386,000","48,000","136,000","878,000","-1,164,000","-99,000","-258,000","-779,000","23,000","-105,000","-341,000","-5,161,000","-14,000","115,000","211,000","-828,000","-2,855,000","-37,000","166,000","-12,420,000","-952,000","-698,000","-1,391,000","-1,142,000","-3,179,000","-1,158,000","-1,105,000",,,"-937,000","706,000",,,,"116,000",,,,,,,,,,,,,,,,,,,,"400,000","900,000","200,000","400,000",,,,,,"1,000,000","700,000","900,000","-88,900,000","200,000","200,000","200,000","200,000","100,000","100,000","200,000","200,000","200,000",,"100,000","100,000","100,000","100,000","100,000",,,,,,,,,
		RestructuringAndMergernAcquisition,"-3,007,000","-207,000","210,000","14,000","-3,024,000","20,000","-76,000","166,000","6,000","-448,000","-274,000","1,389,000","4,840,000","26,147,000","0",,"-53,000","78,000","27,000","51,000","-5,000","18,000","48,000","154,000","156,000","-194,000","-56,000","-726,000","-381,000","-1,109,000","1,271,000","-172,000","12,326,000","808,000","18,000","52,000","5,000","-386,000","-48,000","-136,000","-878,000","1,164,000","99,000","258,000","779,000","-23,000","105,000","341,000","5,161,000","14,000","-115,000","-211,000","828,000","2,855,000","37,000","-166,000","12,420,000","952,000","698,000","1,391,000","1,142,000","3,179,000","1,158,000","1,105,000",,,,,,,,,,,,,,,,,,,,,,,,,,,,,,,,,,,,,,,,,,,,,,,,,,,,,,,,,,,,,,,,
		ImpairmentOfCapitalAssets,,,,,,,,,,,,,,,,,"0","0",,,"0","58,356,000",,,,,,,,,,,,,,,,,,,,,,,,,,,,,,,,,,,,,,,,,,,,,,,,,,,,,,,,,,,,,,,,,,,,,,,,,,,,,,,,,,,,,,,,,,,,,,,,,,,,,,,,,,
		OtherSpecialCharges,,,,,,,,,,,,,,,,,,,,,,,,,,,,,,,,,,,,,"-982,000","-15,800,000",,,,"2,632,000","2,399,000","3,104,000","3,011,000","22,524,000","2,808,000",,,,,,,,,,,,,,,,,,,,,,,,,,,,,,,,,,,,,,,,,,,,,,,,,,,,,,,,,,,,,,,,,,,,,,,,,,,,,,,,,
	OtherNonOperatingIncomeExpenses,,"-20,524,000","-4,883,000","-22,923,000","-8,555,000","-7,600,000","-7,477,000","-7,203,000","-9,753,000",,"-9,426,000","-10,678,000","-7,478,000",,,,"-12,178,000","-12,236,000","-12,057,000",,"-11,291,000","-10,441,000","-10,640,000",,"-10,847,000",,,"-5,658,000","-4,612,000","-4,405,000",,"-4,462,000","-4,619,000","-4,431,000","-4,642,000","-4,739,000","-5,774,000","-3,869,000","-3,375,000",,,,,,,,,,,,,,,,,,,,,,,,,,,,,,,,,,,,,,,,,,,,,,,,,,,,,,,,,,,,,,,,,,,,,,,,,,,,,,,,,,,,,,,,,
PretaxIncome,"378,742,000","182,409,000","89,607,000","-28,977,000","137,519,000","139,430,000","133,786,000","106,798,000","148,012,000","133,952,000","117,307,000","99,410,000","133,400,000","57,760,000","95,259,000","83,051,000","101,445,000","91,936,000","87,347,000","74,254,000","47,335,000","15,443,000","58,923,000","62,944,000","88,479,000","29,422,000","15,841,000","38,558,000","63,662,000","56,941,000","48,511,000","39,706,000","54,986,000","51,459,000","45,658,000","36,273,000","59,336,000","63,271,000","58,902,000","45,590,000","70,975,000","51,092,000","45,244,000","43,797,000","54,462,000","33,103,000","52,100,000","-65,846,000","47,934,000","56,672,000","47,213,000","39,997,000","44,870,000","42,970,000","44,990,000","33,655,000","40,894,000","32,527,000","25,584,000","20,794,000","50,868,000","32,727,000","24,959,000","24,371,000","17,758,000","38,551,000","26,109,000","27,955,000","45,167,000","39,278,000","30,182,000","27,314,000","43,142,000","37,378,000","31,825,000","25,739,000","41,733,000","33,563,000","28,768,000","20,053,000","29,519,000","22,227,000","14,634,000","6,957,000","-22,952,000","16,626,000","10,748,000","1,335,000","-38,988,000","17,600,000","23,200,000","15,000,000","35,200,000","37,700,000","30,800,000","23,515,000","33,230,000","29,770,000","25,082,000","19,273,000","25,900,000","22,300,000","20,400,000","-73,600,000","6,400,000","5,800,000","4,800,000","4,100,000","4,100,000","3,800,000","3,000,000","2,800,000","2,700,000","2,300,000","1,800,000","1,600,000",,,,,,,,,,,,
TaxProvision,"101,182,000","39,315,000","19,982,000","-7,075,000","49,369,000","24,842,000","27,778,000","18,674,000","24,793,000","29,285,000","22,165,000","14,633,000","24,523,000","9,334,000","17,764,000","12,773,000","27,822,000","-3,404,000","22,903,000","16,039,000","21,270,000","19,790,000","18,721,000","14,234,000","30,610,000","8,268,000","7,154,000","14,267,000","22,263,000","18,817,000","17,507,000","15,169,000","16,110,000","22,953,000","15,915,000","3,956,000","17,955,000","15,174,000","18,757,000","15,236,000","26,804,000","17,443,000","15,680,000","15,066,000","15,463,000","11,338,000","16,389,000","-20,636,000","18,099,000","15,666,000","15,129,000","14,455,000","17,054,000","14,395,000","16,196,000","8,155,000","14,785,000","10,751,000","9,566,000","7,591,000","21,060,000","11,859,000","8,599,000","10,314,000","10,313,000","15,386,000","9,694,000","10,623,000","20,154,000","14,821,000","11,289,000","9,697,000","12,833,000","10,285,000","11,456,000","9,267,000","15,023,000","12,083,000","10,357,000","7,219,000","10,922,000","8,224,000","5,415,000","2,574,000","-6,326,000","6,235,000","4,024,000","507,000","-14,773,000","6,700,000","8,800,000","5,700,000","6,400,000","14,700,000","12,000,000","9,170,000","12,960,000","11,600,000","9,773,000","7,526,000","10,000,000","8,800,000","8,900,000","-2,000,000","2,500,000","2,300,000","1,900,000","1,600,000","1,500,000","1,400,000","1,100,000","1,000,000","1,100,000","900,000","700,000","600,000",,,,,,,,,,,,
NetIncomeCommonStockholders,"279,071,000","143,623,000","69,811,000","-21,807,000","88,851,000","114,501,000","105,858,000","88,190,000","123,316,000","104,930,000","94,769,000","84,590,000","108,745,000","47,858,000","77,457,000","69,991,000","73,598,000","94,781,000","64,459,000","58,077,000","26,143,000","-4,996,000","40,416,000","48,401,000","57,740,000","20,045,000","8,687,000","24,291,000","41,399,000","38,124,000","31,004,000","24,537,000","38,876,000","28,506,000","29,743,000","32,317,000","41,381,000","48,097,000","40,145,000","30,354,000","44,171,000","33,649,000","29,564,000","28,731,000","38,999,000","21,765,000","35,711,000","-45,210,000","29,835,000","41,006,000","32,084,000","25,542,000","27,816,000","28,575,000","28,794,000","25,500,000","26,109,000","21,776,000","16,018,000","13,203,000","29,808,000","21,299,000","16,360,000","14,684,000","8,454,000","28,089,000","16,415,000","17,332,000","25,013,000","24,457,000","18,893,000","17,617,000","30,309,000","27,093,000","20,369,000","16,472,000","26,710,000","21,480,000","18,411,000","12,834,000","18,597,000","14,003,000","9,219,000","4,383,000","-16,626,000","10,391,000","6,724,000","828,000","-24,215,000","10,900,000","14,400,000","9,300,000","28,800,000","23,000,000","18,800,000","14,345,000","20,270,000","18,170,000","15,309,000","11,747,000","15,900,000","13,500,000","11,500,000","-71,600,000","3,900,000","3,500,000","2,900,000","2,500,000","2,600,000","2,400,000","1,900,000","1,800,000","1,600,000","1,400,000","1,100,000","2,200,000","1,100,000","700,000","400,000","200,000",,"-100,000","-200,000","-200,000",,,"100,000","-100,000"
	NetIncome,"279,071,000","143,623,000","69,811,000","-21,807,000","88,851,000","114,501,000","105,858,000","88,190,000","123,316,000","104,930,000","94,769,000","84,590,000","108,745,000","47,858,000","77,457,000","69,991,000","73,598,000","94,781,000","64,459,000","58,077,000","26,143,000","-4,996,000","40,416,000","48,401,000","57,740,000","20,045,000","8,687,000","24,291,000","41,399,000","38,124,000","31,004,000","24,537,000","38,876,000","28,506,000","29,743,000","32,317,000","41,381,000","48,097,000","40,145,000","30,354,000","44,171,000","33,649,000","29,564,000","28,731,000","38,999,000","21,765,000","35,711,000","-45,210,000","29,835,000","41,006,000","32,084,000","25,542,000","27,816,000","28,575,000","28,794,000","25,500,000","26,109,000","21,776,000","16,018,000","13,203,000","29,808,000","21,299,000","16,360,000","14,684,000","8,454,000","28,089,000","16,415,000","17,332,000","25,013,000","24,457,000","18,893,000","17,617,000","30,309,000","27,093,000","20,369,000","16,472,000","26,710,000","21,480,000","18,411,000","12,834,000","18,597,000","14,003,000","9,219,000","4,383,000","-16,626,000","10,391,000","6,724,000","828,000","-24,215,000","10,900,000","14,400,000","9,300,000","28,800,000","23,000,000","18,800,000","14,345,000","20,270,000","18,170,000","15,309,000","11,747,000","15,900,000","13,500,000","11,500,000","-71,600,000","3,900,000","3,500,000","2,900,000","2,500,000","2,600,000","2,400,000","1,900,000","1,800,000","1,600,000","1,400,000","1,100,000","2,200,000","1,100,000","700,000","400,000","200,000",,"-100,000","-200,000","-200,000",,,"100,000","-100,000"
		NetIncomeIncludingNoncontrollingInterests,"277,560,000","143,094,000","69,625,000","-21,902,000","88,150,000","114,588,000","106,008,000","88,124,000","123,219,000","104,667,000","95,142,000","84,777,000","108,877,000","48,426,000","77,495,000","70,278,000","73,623,000","95,340,000","64,444,000","58,215,000","26,065,000","-4,347,000","40,202,000","48,710,000","57,869,000","21,154,000","8,687,000","24,291,000","41,399,000","38,124,000","31,004,000","24,537,000","38,876,000","28,506,000","29,743,000","32,317,000","41,381,000","48,097,000","40,145,000","30,354,000","44,171,000","33,649,000","29,564,000","28,731,000","38,999,000","21,765,000","35,711,000","-45,210,000","29,835,000","41,006,000","32,084,000","25,542,000","27,816,000","28,575,000","28,794,000","25,500,000","26,109,000","21,776,000","16,018,000","13,203,000","29,808,000","21,299,000","16,360,000","14,684,000","8,454,000","28,089,000","16,415,000","17,332,000","25,013,000","24,457,000","18,893,000","17,617,000","30,309,000","27,093,000","20,369,000","16,472,000","26,710,000","21,480,000","18,411,000","12,834,000","18,597,000","14,003,000","9,219,000","4,383,000","-16,626,000","10,391,000","6,724,000","828,000","-24,215,000","10,900,000","14,400,000","9,300,000","28,800,000","23,000,000","18,800,000","14,345,000","20,270,000","18,170,000","15,309,000","11,747,000","15,900,000","13,500,000","11,500,000","-71,600,000","3,900,000","3,500,000","2,900,000","2,500,000","2,600,000","2,400,000","1,900,000","1,800,000","1,600,000","1,400,000","1,100,000","2,200,000","1,100,000","700,000","400,000","200,000",,"-100,000","-200,000","-200,000",,,"100,000","-100,000"
			NetIncomeContinuousOperations,"277,560,000","143,094,000","69,625,000","-21,902,000","88,150,000","114,588,000","106,008,000","88,124,000","123,219,000","104,667,000","95,142,000","84,777,000","108,877,000","48,426,000","77,495,000","70,278,000","73,623,000","95,340,000","64,444,000","58,215,000","26,065,000","-4,347,000","40,202,000","48,710,000","57,869,000","21,154,000","8,687,000","24,291,000","41,399,000","38,124,000","31,004,000","24,537,000","38,876,000","28,506,000","29,743,000","32,317,000","41,381,000","48,097,000","40,145,000","30,354,000","44,171,000","33,649,000","29,564,000","28,731,000","38,999,000","21,765,000","35,711,000","-45,210,000","29,835,000","41,006,000","32,084,000","25,542,000","27,816,000","28,575,000","28,794,000","25,500,000","26,109,000","21,776,000","16,018,000","13,203,000","29,808,000","20,868,000","16,360,000","14,057,000","7,445,000","23,165,000","16,415,000","17,332,000","25,013,000","24,457,000","18,893,000","17,617,000","30,309,000","27,093,000","20,369,000","16,472,000","26,710,000","21,480,000","18,411,000","12,834,000","18,597,000","14,003,000","9,219,000","4,383,000","-16,626,000","10,391,000","6,724,000","828,000","-24,215,000","10,900,000","14,400,000","9,300,000","28,800,000","23,000,000","18,800,000","14,345,000","20,270,000","18,170,000","15,309,000","11,747,000","15,900,000","13,500,000","11,500,000","-71,600,000","3,900,000","3,500,000","2,900,000","2,500,000","2,600,000","2,400,000","1,900,000","1,800,000","1,600,000","1,400,000","1,100,000","1,000,000","1,100,000","700,000","400,000","200,000",,"-100,000","-200,000","-200,000",,,"100,000","-100,000"
			NetIncomeDiscontinuousOperations,,,,,,,,,,,,,,,,,,,,,,,,,,,,,,,,,,,,,,,,,,,,,,,,,,,,,,,,,,,,,"0","431,000",,"627,000","1,009,000","4,924,000",,,,,,,,,,,,,,,,,,,,,,,,,,,,,,,,,,,,,,,,,,,,,,,,,,,,,,,,,,,,,,
			NetIncomeExtraordinary,,,,,,,,,,,,,,,,,,,,,,,,,,,,,,,,,,,,,,,,,,,,,,,,,,,,,,,,,,,,,,,,,,,,,,,,,,,,,,,,,,,,,,,,,,,,,,,,,,,,,,,,,,,,,,,,,"0",,,"1,200,000",,,,,,,,,,,,
		MinorityInterests,"1,511,000","529,000","186,000","95,000","701,000","-87,000","-150,000","66,000","97,000","263,000","-373,000","-187,000","-132,000","-568,000","-38,000","-287,000","-25,000","-559,000","15,000","-138,000","78,000","-649,000","214,000","-309,000","-129,000","-1,109,000",,,,,,,,,,,,,,,,,,,,,,,,,,,,,,,,,,,,,,,,,,,,,,,,,,,,,,,,,,,,,,,,,,,,,,,,,,,,,,,,,,,,,,,,,,,,,,,,,,,,,,
DilutedNIAvailtoComStockholders,"279,071,000","143,623,000","69,811,000","-21,807,000","88,851,000","114,501,000","105,858,000","88,190,000","123,316,000","104,930,000","94,769,000","84,590,000","108,745,000","47,858,000","77,457,000","69,991,000","73,598,000","94,781,000","64,459,000","58,077,000","26,143,000","-4,996,000","40,416,000","48,401,000","57,740,000","20,045,000","8,687,000","24,291,000","41,399,000","38,124,000","31,004,000","24,537,000","38,876,000","28,506,000","29,743,000","32,317,000","41,381,000","48,097,000","40,145,000","30,354,000","44,171,000","33,649,000","29,564,000","28,731,000","38,999,000","21,765,000","35,711,000","-45,210,000","29,835,000","41,006,000","32,084,000","25,542,000","27,816,000","28,575,000","28,794,000","25,500,000","26,109,000","21,776,000","16,018,000","13,203,000","29,808,000","21,299,000","16,360,000","14,684,000","8,454,000","28,089,000","16,415,000","17,332,000","25,013,000","24,457,000","18,893,000","17,617,000","30,309,000","27,093,000","20,369,000","16,472,000","26,710,000","21,480,000","18,411,000","12,834,000","18,597,000","14,003,000","9,219,000","4,383,000","-16,626,000","10,391,000","6,724,000","828,000","-24,215,000","10,900,000","14,400,000","9,300,000","28,800,000","23,000,000","18,800,000","14,345,000","20,270,000","18,170,000","15,309,000","11,747,000","15,900,000","13,500,000","11,500,000","-71,600,000","3,900,000","3,500,000","2,900,000","2,500,000","2,600,000","2,400,000","1,900,000","1,800,000","1,600,000","1,400,000","1,100,000","2,200,000","1,100,000","700,000","400,000","200,000",,"-100,000","-200,000","-200,000",,,"100,000","-100,000"
BasicEPS,,"1.44","0.7","-0.24","1.02","1.34","1.24","1.04","1.45","1.24","1.12","1","1.29","0.57","0.92","0.83","0.87","1.12","0.76","0.68","0.31","-0.06","0.47","0.56","0.67","0.26","0.15","0.41","0.69","0.64","0.52","0.41","0.66","0.48","0.5","0.55","0.71","0.82","0.69","0.52",,"0.58","0.5","0.48","0.66","0.37","0.6","-0.76",,"0.7","0.55","0.44",,"0.49","0.49","0.43",,"0.35","0.25","0.2",,"0.33","0.25","0.22",,"0.41","0.24","0.25",,"0.35","0.27","0.25",,"0.39","0.29","0.24",,"0.31","0.27","0.18",,"0.2","0.13","0.06",,"0.15","0.1","0.01",,"0.16","0.21","0.14",,"0.34","0.27","0.105",,"0.135","0.11","0.085",,"0.095","0.085","-0.54",,"0.045","0.04","0.018",,"0.018","0.015","0.013",,"0.01","0.008","0.018",,"0.008","0.005","0.003",,"-0.008","-0.01","-0.01",,"-0.005","-0.003","-0.008"
DilutedEPS,,"1.42","0.69","-0.24","1.02","1.33","1.23","1.03","1.44","1.23","1.11","0.99","1.27","0.56","0.91","0.82","0.86","1.11","0.75","0.68","0.31","-0.06","0.47","0.56","0.67","0.26","0.14","0.4","0.69","0.63","0.52","0.41","0.65","0.48","0.5","0.54","0.7","0.82","0.68","0.52",,"0.58","0.5","0.48","0.65","0.36","0.59","-0.76",,"0.69","0.54","0.43",,"0.48","0.48","0.43",,"0.34","0.25","0.2",,"0.33","0.25","0.22",,"0.41","0.24","0.25",,"0.35","0.27","0.25",,"0.38","0.29","0.23",,"0.3","0.26","0.18",,"0.2","0.13","0.06",,"0.15","0.1","0.01",,"0.16","0.21","0.14",,"0.33","0.27","0.105",,"0.13","0.11","0.085",,"0.095","0.085","-0.54",,"0.045","0.04","0.018",,"0.018","0.015","0.013",,"0.01","0.008","0.018",,"0.008","0.005","0.003",,"-0.008","-0.01","-0.01",,"-0.005","-0.003","-0.008"
BasicAverageShares,,"100,038,000","99,848,000","90,152,000","85,352,000","85,330,000","85,170,000","84,959,000","84,891,000","84,788,000","84,795,000","84,638,000","84,546,000","84,540,000","84,537,000","84,685,000","84,819,000","85,004,000","85,199,000","85,090,000","84,934,000","85,074,000","85,851,000","86,038,000","85,907,000","77,221,000","59,897,000","59,768,000","59,634,000","59,475,000","59,375,000","59,169,000","58,946,000","58,885,000","59,027,000","59,005,000","58,622,000","58,425,000","58,264,000","57,911,000",,"57,782,000","58,744,000","59,255,000","59,239,000","59,233,000","59,356,000","59,397,000",,"58,962,000","58,654,000","58,517,000",,"58,660,000","59,312,000","58,694,000",,"62,217,143","64,072,000","66,015,000",,"64,542,424","65,440,000","66,745,455",,"68,509,756","68,395,833","69,328,000",,"69,877,143","69,974,074","70,468,000",,"69,469,231","70,237,931","68,633,333",,"69,290,323","68,188,889","71,300,000",,"70,015,000","70,915,385","73,050,000",,"69,273,333","67,240,000","82,800,000",,"68,125,000","68,571,429","66,428,571",,"67,647,059","69,629,630","136,236,000",,"135,616,000","140,540,000","139,824,000",,"68,370,000","67,172,000","66,290,000",,"35,714,000","35,702,000","35,616,000",,"35,036,000","34,780,000","34,780,000",,"34,452,000","34,424,000","34,144,000",,"31,728,000","31,468,000","31,468,000",,"13,333,333","20,000,000","20,000,000",,"13,333,333","13,333,333","13,333,333"
DilutedAverageShares,,"100,826,000","100,689,000","90,992,000","86,038,000","86,032,000","85,844,000","85,676,000","85,676,000","85,628,000","85,695,000","85,566,000","85,447,000","85,441,000","85,477,000","85,509,000","85,544,000","85,719,000","85,869,000","85,720,000","85,529,000","85,074,000","86,333,000","86,519,000","86,367,000","77,712,000","60,370,000","60,286,000","60,201,000","60,146,000","60,020,000","59,814,000","59,743,000","59,685,000","59,762,000","59,790,000","59,301,000","58,972,000","58,792,000","58,312,000",,"58,237,000","59,380,000","60,103,000","60,109,000","60,176,000","60,049,000","59,397,000",,"59,758,000","59,418,000","58,984,000",,"59,531,250","59,987,500","59,647,000",,"64,047,059","64,072,000","66,015,000",,"64,542,424","65,440,000","66,745,455",,"68,509,756","68,395,833","69,328,000",,"69,877,143","69,974,074","70,468,000",,"71,297,368","70,237,931","71,617,391",,"71,600,000","70,811,538","71,300,000",,"70,015,000","70,915,385","73,050,000",,"69,273,333","67,240,000","82,800,000",,"68,125,000","68,571,429","66,428,571",,"69,696,970","69,629,630","141,364,000",,"140,472,000","140,540,000","139,824,000",,"68,370,000","67,172,000","66,290,000",,"35,714,000","35,702,000","35,616,000",,"35,036,000","34,780,000","34,780,000",,"34,452,000","34,424,000","34,144,000",,"31,728,000","31,468,000","31,468,000",,"13,333,333","20,000,000","20,000,000",,"13,333,333","13,333,333","13,333,333"
TotalOperatingIncomeAsReported,"478,018,000","202,933,000","116,503,000","14,324,000","146,074,000","147,030,000","141,263,000","114,001,000","157,765,000","142,387,000","126,733,000","110,088,000","140,878,000","69,584,000","106,579,000","94,424,000","113,623,000","104,172,000","99,404,000","86,255,000","58,626,000","25,884,000","69,563,000","73,522,000","99,326,000","46,722,000","22,663,000","44,216,000","68,274,000","61,346,000","53,423,000","44,168,000","59,605,000","55,890,000","50,300,000","41,012,000","65,110,000","67,140,000","62,277,000","48,302,000","74,048,000","53,724,000","47,643,000","46,901,000","57,474,000","35,831,000","54,908,000","-63,001,000","51,357,000","59,428,000","50,065,000","42,862,000","47,619,000","45,818,000","46,968,000","35,040,000","42,068,000","33,462,000","26,448,000","21,567,000","51,851,000","33,850,000","92,227,000","25,461,000","18,603,000","39,054,000","27,046,000","27,249,000","46,199,000","39,912,000","30,867,000","28,015,000","43,982,000","37,826,000","32,324,000","26,224,000","41,964,000","34,029,000","29,181,000","20,593,000","30,251,000","23,510,000","16,733,000","10,119,000","-18,679,000","21,308,000","15,939,000","5,606,000","-34,994,000","20,200,000","26,300,000","18,100,000","37,300,000","40,500,000","32,700,000","25,754,000","35,279,000","31,960,000","25,640,000","19,735,000","25,800,000","21,900,000","19,800,000","16,900,000","6,300,000","5,600,000","4,600,000","3,800,000","4,000,000","3,500,000","3,000,000","2,600,000","2,700,000","2,100,000","1,700,000","1,500,000","1,200,000","700,000","300,000","200,000",,,,,,,,
TotalExpenses,"3,772,898,000","1,006,245,000","1,080,272,000","954,084,000","730,481,000","661,874,000","614,945,000","554,765,000","665,220,000","632,322,000","610,381,000","585,326,000","622,495,000","600,507,000","572,382,000","544,334,000","602,403,000","557,650,000","534,728,000","521,658,000","622,568,000","562,516,000","576,804,000","564,702,000","590,795,000","572,160,000","467,290,000","396,412,000","433,754,000","413,007,000","408,035,000","368,647,000","393,356,000","348,853,000","333,444,000","326,588,000","363,101,000","313,651,000","294,092,000","288,794,000","317,079,000","300,327,000","294,965,000","271,480,000","319,507,000","292,475,000","257,412,000","251,640,000","275,611,000","268,390,000","264,279,000","240,892,000","295,919,000","270,794,000","276,122,000","276,691,000","320,682,000","279,560,000","267,856,000","257,986,000","296,844,000","261,938,000","190,151,000","238,501,000","287,363,000","248,438,000","257,324,000","249,449,000","269,514,000","244,477,000","133,979,000","226,782,000","252,075,000","236,460,000","225,065,000","233,056,000","231,728,000","210,283,000","203,551,000","200,758,000","214,342,000","195,127,000","189,660,000","186,955,000","190,739,000","183,157,000","177,239,000","178,207,000","225,120,000","174,900,000","172,300,000","158,700,000","189,600,000","165,300,000","158,400,000","148,021,000","169,221,000","154,679,000","147,743,000","135,399,000","144,700,000","129,100,000","118,700,000","111,000,000","19,300,000","18,600,000","17,000,000","16,000,000","15,600,000","13,000,000","12,200,000","10,400,000","11,600,000","9,900,000","8,800,000","7,600,000","7,600,000","6,100,000","5,900,000","4,800,000",,,,,,,,
NetIncomeFromContinuingAndDiscontinuedOperation,"279,071,000","143,623,000","69,811,000","-21,807,000","88,851,000","114,501,000","105,858,000","88,190,000","123,316,000","104,930,000","94,769,000","84,590,000","108,745,000","47,858,000","77,457,000","69,991,000","73,598,000","94,781,000","64,459,000","58,077,000","26,143,000","-4,996,000","40,416,000","48,401,000","57,740,000","20,045,000","8,687,000","24,291,000","41,399,000","38,124,000","31,004,000","24,537,000","38,876,000","28,506,000","29,743,000","32,317,000","41,381,000","48,097,000","40,145,000","30,354,000","44,171,000","33,649,000","29,564,000","28,731,000","38,999,000","21,765,000","35,711,000","-45,210,000","29,835,000","41,006,000","32,084,000","25,542,000","27,816,000","28,575,000","28,794,000","25,500,000","26,109,000","21,776,000","16,018,000","13,203,000","29,808,000","21,299,000","16,360,000","14,684,000","8,454,000","28,089,000","16,415,000","17,332,000","25,013,000","24,457,000","18,893,000","17,617,000","30,309,000","27,093,000","20,369,000","16,472,000","26,710,000","21,480,000","18,411,000","12,834,000","18,597,000","14,003,000","9,219,000","4,383,000","-16,626,000","10,391,000","6,724,000","828,000","-24,215,000","10,900,000","14,400,000","9,300,000","28,800,000","23,000,000","18,800,000","14,345,000","20,270,000","18,170,000","15,309,000","11,747,000","15,900,000","13,500,000","11,500,000","-71,600,000","3,900,000","3,500,000","2,900,000","2,500,000","2,600,000","2,400,000","1,900,000","1,800,000","1,600,000","1,400,000","1,100,000","1,000,000","1,100,000","700,000","400,000","200,000",,"-100,000","-200,000","-200,000",,,"100,000","-100,000"
NormalizedIncome,"276,867,328.583","143,460,712","69,974,170","-21,796,416","86,912,608.941","114,517,440","105,797,808","88,326,950","123,320,994.96","104,580,112","94,546,786","85,774,817","112,695,259.97","69,769,186","77,457,000","69,991,000","73,559,535.62","94,827,800","64,478,926","58,116,984","26,140,000","30,028,400","40,448,736","48,520,196","57,842,030.584","19,905,514","8,653,400","23,833,620","41,151,238.086","37,380,970","31,816,169","24,430,704","47,590,683.301","29,031,200","29,754,718","32,363,332","41,384,487.006","47,803,640","40,112,264","30,263,424","43,624,580.303","34,415,606.044","29,628,690.036","28,900,248.99","39,556,824.189","21,749,877.655","35,782,970.345","-44,975,868.694","33,047,300.976","41,016,129.941","32,005,850.761","25,407,255.844","28,329,297.259","30,473,571.678","28,817,680.329","25,374,223.741","34,038,617.548","22,413,339.81","16,455,013.915","14,086,205.396","30,550,300","22,895,053.259","17,119,040.026","14,720,000","7,445,000","23,165,000","17,004,101.651","16,894,282.525","25,013,000","24,457,000","18,893,000","17,542,182.251","30,309,000","27,093,000","20,369,000","16,472,000","26,710,000","21,480,000","18,411,000","12,834,000","18,597,000","14,003,000","9,219,000","4,383,000","-16,626,000","10,391,000","6,724,000","828,000","-24,215,000","10,900,000","14,400,000","9,052,000","28,063,636.364","22,877,984.085","18,555,844.156","14,345,000","20,270,000","18,170,000","15,309,000","11,747,000","15,286,100.386","13,076,233.184","10,960,000","14,884,239.13","3,778,125","3,379,310.345","2,779,166.667","2,378,048.78","2,536,585.366","2,336,842.105","1,773,333.333","1,671,428.571","1,480,000","1,400,000","1,038,888.889","937,500","1,040,000","640,000","340,000","200,000",,"-100,000","-200,000","-200,000",,,"100,000","-100,000"
InterestIncome,"6,474,000","2,447,000","1,023,000","1,434,000","1,569,000","1,299,000","1,188,000","2,289,000","-176,000","1,378,000","1,018,000","-233,000",,,"73,000","367,000","841,000","225,000","626,000","465,000","254,000","539,000","284,000","493,000","549,000","406,000","663,000","462,000","123,000","417,000","36,000","220,000","-376,000","241,000","227,000","248,000","-685,000","338,000","31,000","260,000","-91,000","373,000","682,000","0","-64,000","321,000","188,000","162,000","244,000","535,000","278,000","218,000",,,,,,,,,,,,,,,,,,,,,,,,,,,,,,,,,,,,,,,,,,,,,,,,,,,,,,,,,,,,,,,,,,,,,,,,,,,,
InterestExpense,"77,944,000","22,971,000","23,036,000","21,812,000","10,124,000","8,899,000","8,665,000","9,492,000","9,577,000","9,813,000","10,444,000","10,678,000","10,498,000","11,824,000","11,393,000","11,740,000","13,019,000","12,461,000","12,683,000","12,466,000","11,545,000","10,980,000","10,924,000","11,071,000","11,396,000","17,706,000","7,485,000","6,120,000","4,735,000","4,822,000","4,948,000","4,682,000","4,243,000","4,672,000","4,869,000","4,987,000","5,145,000","4,207,000","3,406,000","2,972,000","2,982,000","3,005,000","3,081,000","3,104,000","2,948,000","3,049,000","2,996,000","3,007,000","3,667,000","3,291,000","3,130,000","3,083,000",,,,,,,,,,,,,,,,,,,,,,,,,,,,,,,,,,,,,,,,,,,,,,,,,,,,,,,,,,,,,,,,,,,,,,,,,,,,
NetInterestIncome,"-71,470,000","-20,524,000","-22,013,000","-20,378,000","-8,555,000","-7,600,000","-7,477,000","-7,203,000","-9,753,000","-8,435,000","-9,426,000","-10,678,000","-7,478,000","-11,824,000","-11,320,000","-11,373,000","-12,178,000","-12,236,000","-12,057,000","-12,001,000","-11,291,000","-10,441,000","-10,640,000","-10,578,000","-10,847,000","-17,300,000","-6,822,000","-5,658,000","-4,612,000","-4,405,000","-4,912,000","-4,462,000","-4,619,000","-4,431,000","-4,642,000","-4,739,000","-5,774,000","-3,869,000","-3,375,000","-2,712,000","-3,073,000","-2,632,000","-2,399,000","-3,104,000","-3,012,000","-2,728,000","-2,808,000","-2,845,000","-3,423,000","-2,756,000","-2,852,000","-2,865,000",,,,,,,,,,,,,,,,,,,,,,,,,,,,,,,,,,,,,,,,,,,,,,,,,,,,,,,,,,,,,,,,,,,,,,,,,,,,
EBIT,"456,686,000","205,380,000","112,643,000","-7,165,000","147,643,000","148,329,000","142,451,000","116,290,000","157,589,000","143,765,000","127,751,000","110,088,000","143,898,000","69,584,000","106,652,000","94,791,000","114,464,000","104,397,000","100,030,000","86,720,000","58,880,000","26,423,000","69,847,000","74,015,000","99,875,000","47,128,000","23,326,000","44,678,000","68,397,000","61,763,000","53,459,000","44,388,000","59,229,000","56,131,000","50,527,000","41,260,000","64,481,000","67,478,000","62,308,000","48,562,000","73,957,000","54,097,000","48,325,000","46,901,000","57,410,000","36,152,000","55,096,000","-62,839,000","51,601,000","59,963,000","50,343,000","43,080,000","46,496,000","48,673,000","47,005,000","34,874,000","54,488,000","34,414,000","27,146,000","22,958,000","52,993,000","37,029,000","93,385,000","26,566,000","43,911,000","39,054,000","27,046,000","27,249,000","46,199,000","39,912,000","130,867,000","28,015,000","43,982,000","37,826,000","32,324,000","26,224,000","41,964,000","34,029,000","29,181,000","20,593,000","30,251,000","23,510,000","16,733,000","10,119,000","27,892,000","21,308,000","15,939,000","5,606,000","-34,994,000","20,200,000","26,300,000","18,100,000","37,300,000","40,500,000","32,700,000","25,754,000","35,279,000","31,960,000","25,640,000","19,735,000","25,800,000","21,900,000","19,800,000","16,900,000","6,300,000","5,600,000","4,600,000","3,800,000","4,000,000","3,500,000","3,000,000","2,600,000","2,700,000","2,100,000","1,700,000","1,500,000","1,200,000","700,000","300,000","200,000","-8,200,000","3,400,000","2,500,000","2,300,000","-6,400,000","2,500,000","2,400,000","1,600,000"
EBITDA,"835,003,000"
ReconciledCostOfRevenue,"2,423,351,000","670,857,000","716,641,000","542,140,000","491,897,000","463,063,000","426,095,000","383,364,000","458,931,000","442,908,000","418,173,000","390,960,000","433,497,000","409,241,000","394,297,000","369,708,000","423,220,000","383,312,000","367,398,000","351,843,000","401,064,000","389,165,000","398,507,000","398,388,000","426,388,000","380,507,000","280,576,000","255,812,000","288,587,000","276,088,000","268,737,000","242,550,000","280,792,000","241,776,000","229,256,000","220,806,000","250,448,000","227,283,000","203,200,000","199,708,000","226,024,000","217,209,000","209,398,000","185,714,000","221,733,000","191,269,000","177,370,000","170,914,000","189,922,000","188,349,000","181,574,000","158,707,000","204,555,000","195,400,000","190,764,000","181,064,000","223,794,000","183,775,000","171,332,000","162,232,000","204,867,000","171,266,000","164,775,000","151,692,000","197,944,000","165,396,000","168,137,000","158,927,000","185,004,000","164,827,000","153,358,000","144,905,000","170,440,000","159,189,000","146,775,000","152,709,000","157,024,000","140,369,000","136,337,000","129,537,000","144,124,000","129,792,000","121,719,000","115,861,000","131,939,000","102,189,000","96,856,000","94,592,000","124,829,000","97,900,000","97,900,000","84,900,000","115,300,000","101,600,000","93,545,000","92,461,000","109,011,000","102,591,000","95,196,000","88,300,000","93,400,000","87,500,000","81,700,000","76,900,000","8,800,000","8,600,000","7,800,000","7,000,000","6,900,000","5,800,000","5,400,000","4,600,000","5,200,000","4,500,000","4,000,000","3,600,000","3,400,000","2,700,000","2,600,000","2,000,000",,,,,,,,
ReconciledDepreciation,"378,317,000","117,610,000","118,042,000","83,621,000","59,044,000","56,821,000","54,418,000","48,954,000","50,941,000","49,558,000","49,634,000","47,102,000","50,263,000","82,687,000","46,117,000","46,854,000","44,477,000","44,656,000","45,548,000","43,651,000","52,897,000","31,384,000","50,077,000","53,784,000","52,815,000","44,827,000","23,745,000","22,353,000","22,101,000","21,605,000","27,430,000","20,405,000","19,960,000","19,574,000","17,782,000","18,333,000","20,527,000","18,320,000","15,851,000","14,337,000","16,618,000","16,101,000","15,752,000","14,435,000","14,650,000","13,429,000","13,272,000","13,038,000","14,191,000","14,188,000","13,951,000","13,888,000","14,897,000","14,301,000","14,375,000","15,200,000","15,279,000","16,015,000","15,902,000","15,582,000","15,984,000","14,596,000","14,793,000","14,884,000","15,809,000","13,678,000","14,539,000","13,893,000","13,699,000","13,171,000","12,620,000","11,702,000","12,195,000","12,583,000","12,222,000","11,683,000","11,961,000","10,986,000","12,317,000","11,251,000","11,527,000","11,625,000","11,848,000","11,884,000","12,603,000","11,769,000","11,187,000","11,012,000","9,572,000","10,100,000","10,100,000","9,900,000","10,400,000","7,700,000","8,055,000","7,145,000","7,671,000","6,402,000","5,536,000","4,593,000","5,600,000","3,700,000","3,500,000","3,700,000","500,000","500,000","400,000","400,000","400,000","300,000","300,000","200,000","300,000","100,000","200,000","100,000","100,000","100,000","100,000","100,000",,,,,,,,
NetIncomeFromContinuingOperationNetMinorityInterest,"279,071,000","143,623,000","69,811,000","-21,807,000","88,851,000","114,501,000","105,858,000","88,190,000","123,316,000","104,930,000","94,769,000","84,590,000","108,745,000","47,858,000","77,457,000","69,991,000","73,598,000","94,781,000","64,459,000","58,077,000","26,143,000","-4,996,000","40,416,000","48,401,000","57,740,000","20,045,000","8,687,000","24,291,000","41,399,000","38,124,000","31,004,000","24,537,000","38,876,000","28,506,000","29,743,000","32,317,000","41,381,000","48,097,000","40,145,000","30,354,000","44,171,000","33,649,000","29,564,000","28,731,000","38,999,000","21,765,000","35,711,000","-45,210,000","29,835,000","41,006,000","32,084,000","25,542,000","27,816,000","28,575,000","28,794,000","25,500,000","26,109,000","21,776,000","16,018,000","13,203,000","29,808,000","20,868,000","16,360,000","14,057,000","7,445,000","23,165,000","16,415,000","17,332,000","25,013,000","24,457,000","18,893,000","17,617,000","30,309,000","27,093,000","20,369,000","16,472,000","26,710,000","21,480,000","18,411,000","12,834,000","18,597,000","14,003,000","9,219,000","4,383,000","-16,626,000","10,391,000","6,724,000","828,000","-24,215,000","10,900,000","14,400,000","9,300,000","28,800,000","23,000,000","18,800,000","14,345,000","20,270,000","18,170,000","15,309,000","11,747,000","15,900,000","13,500,000","11,500,000","-71,600,000","3,900,000","3,500,000","2,900,000","2,500,000","2,600,000","2,400,000","1,900,000","1,800,000","1,600,000","1,400,000","1,100,000","1,000,000","1,100,000","700,000","400,000","200,000",,"-100,000","-200,000","-200,000",,,"100,000","-100,000"
TotalUnusualItemsExcludingGoodwill,"3,007,000","207,000","-210,000","-14,000","3,024,000","-20,000","76,000","-166,000","-6,000","448,000","274,000","-1,389,000","-4,840,000","-26,147,000","0",,"53,000","-78,000","-27,000","-51,000","5,000","-58,374,000","-48,000","-154,000","-156,000","194,000","56,000","726,000","381,000","1,109,000","-1,271,000","172,000","-12,326,000","-808,000","-18,000","-52,000","-5,000","386,000","48,000","136,000","878,000","-1,164,000","-99,000","-258,000","-779,000","23,000","-105,000","-341,000","-5,161,000","-14,000","115,000","211,000","-828,000","-2,855,000","-37,000","166,000","-12,420,000","-952,000","-698,000","-1,391,000","-1,142,000","-3,179,000","-1,158,000","-1,105,000",,,"-937,000","706,000",,,,"116,000",,,,,,,,,,,,,,,,,,,,"400,000","900,000","200,000","400,000",,,,,,"1,000,000","700,000","900,000","-88,900,000","200,000","200,000","200,000","200,000","100,000","100,000","200,000","200,000","200,000",,"100,000","100,000","100,000","100,000","100,000",,,,,,,,,
TotalUnusualItems,"3,007,000","207,000","-210,000","-14,000","3,024,000","-20,000","76,000","-166,000","-6,000","448,000","274,000","-1,389,000","-4,840,000","-26,147,000","0",,"53,000","-78,000","-27,000","-51,000","5,000","-58,374,000","-48,000","-154,000","-156,000","194,000","56,000","726,000","381,000","1,109,000","-1,271,000","172,000","-12,326,000","-808,000","-18,000","-52,000","-5,000","386,000","48,000","136,000","878,000","-1,164,000","-99,000","-258,000","-779,000","23,000","-105,000","-341,000","-5,161,000","-14,000","115,000","211,000","-828,000","-2,855,000","-37,000","166,000","-12,420,000","-952,000","-698,000","-1,391,000","-1,142,000","-3,179,000","-1,158,000","-1,105,000",,,"-937,000","706,000",,,,"116,000",,,,,,,,,,,,,,,,,,,,"400,000","900,000","200,000","400,000",,,,,,"1,000,000","700,000","900,000","-88,900,000","200,000","200,000","200,000","200,000","100,000","100,000","200,000","200,000","200,000",,"100,000","100,000","100,000","100,000","100,000",,,,,,,,,
NormalizedEBITDA,"831,996,000","322,783,000","230,895,000","76,470,000","203,663,000","205,170,000","196,793,000","165,410,000","208,536,000","192,875,000","177,111,000","158,579,000","199,001,000","178,418,000","152,769,000","141,645,000","158,888,000","149,131,000","145,605,000","130,422,000","111,772,000","116,181,000","119,972,000","127,953,000","152,846,000","91,761,000","47,015,000","66,305,000","90,117,000","82,259,000","82,160,000","64,621,000","91,515,000","76,513,000","68,327,000","59,645,000","85,013,000","85,412,000","78,111,000","62,763,000","89,697,000","71,362,000","64,176,000","61,594,000","72,839,000","49,558,000","68,473,000","-49,460,000","70,953,000","74,165,000","64,179,000","56,757,000","62,221,000","65,829,000","61,417,000","49,908,000","82,187,000","51,381,000","43,746,000","39,931,000","70,119,000","54,804,000","109,336,000","42,555,000","59,720,000","52,732,000","42,522,000","40,436,000","59,898,000","53,083,000","143,487,000","39,601,000","56,177,000","50,409,000","44,546,000","37,907,000","53,925,000","45,015,000","41,498,000","31,844,000","41,778,000","35,135,000","28,581,000","22,003,000","40,495,000","33,077,000","27,126,000","16,618,000","-25,422,000","30,300,000","36,400,000","27,600,000","46,800,000","48,000,000","40,400,000","32,899,000","42,950,000","38,362,000","31,176,000","24,328,000","30,400,000","24,900,000","22,400,000","109,500,000","6,600,000","5,900,000","4,800,000","4,000,000","4,300,000","3,700,000","3,100,000","2,600,000","2,800,000","2,300,000","1,800,000","1,500,000","1,200,000","700,000","300,000","300,000","-8,200,000","3,400,000","2,500,000","2,300,000","-6,400,000","2,500,000","2,400,000","1,600,000"
TaxRateForCalcs,"0.267","0.216","0.223","0.244","0.359","0.178","0.208","0.175","0.168","0.219","0.189","0.147","0.184","0.162","0.186","0.154","0.274","0.4","0.262","0.216","0.4","0.4","0.318","0.226","0.346","0.281","0.4","0.37","0.35","0.33","0.361","0.382","0.293","0.35","0.349","0.109","0.303","0.24","0.318","0.334","0.378","0.341","0.347","0.344","0.284","0.343","0.315","0.313","0.378","0.276","0.32","0.361","0.38","0.335","0.36","0.242","0.362","0.331","0.374","0.365","0.35","0.362","0.345","0.4","0.4","0.399","0.371","0.38","0.4","0.377","0.374","0.355","0.297","0.275","0.36","0.36","0.36","0.36","0.36","0.36","0.37","0.37","0.37","0.37","0.276","0.375","0.374","0.38","0.379","0.381","0.379","0.38","0.182","0.39","0.39","0.39","0.39","0.39","0.39","0.39","0.386","0.395","0.4","0.027","0.391","0.397","0.396","0.39","0.366","0.368","0.367","0.357","0.4","0.391","0.389","0.375","0.4","0.4","0.4","0.4",,"0.4","0.4","0.4",,,"0.4","0.4"
TaxEffectOfUnusualItems,"803,328.583","44,712","-46,830","-3,416","1,085,608.941","-3,560","15,808","-29,050","-1,005.04","98,112","51,786","-204,183","-889,740.03","-4,235,814","0","0","14,535.62","-31,200","-7,074","-11,016","2,000","-23,349,600","-15,264","-34,804","-53,969.416","54,514","22,400","268,620","133,238.086","365,970","-458,831","65,704","-3,611,316.699","-282,800","-6,282","-5,668","-1,512.994","92,640","15,264","45,424","331,580.303","-397,393.956","-34,309.964","-88,751.01","-221,175.811","7,877.655","-33,029.655","-106,868.694","-1,948,699.024","-3,870.059","36,850.761","76,255.844","-314,702.741","-956,428.322","-13,319.671","40,223.741","-4,490,382.452","-314,660.19","-260,986.085","-507,794.604","-399,700","-1,151,946.741","-398,959.974","-442,000","0","0","-347,898.349","268,282.525","0","0","0","41,182.251","0","0","0","0","0","0","0","0","0","0","0","0","0","0","0","0","0","0","0","152,000","163,636.364","77,984.085","155,844.156","0","0","0","0","0","386,100.386","276,233.184","360,000","-2,415,760.87","78,125","79,310.345","79,166.667","78,048.78","36,585.366","36,842.105","73,333.333","71,428.571","80,000","0","38,888.889","37,500","40,000","40,000","40,000","0",,"0","0","0",,,"0","0"