name,ttm,02/28/2022,11/30/2021,08/31/2021,05/31/2021,02/28/2021,11/30/2020,08/31/2020,05/31/2020,02/29/2020,11/30/2019,08/31/2019,05/31/2019,02/28/2019,11/30/2018,08/31/2018,05/31/2018,02/28/2018,11/30/2017,08/31/2017,05/31/2017,02/28/2017,11/30/2016,08/31/2016,05/31/2016,02/29/2016,11/30/2015,08/31/2015,05/31/2015,02/28/2015,11/30/2014,08/31/2014,05/31/2014,02/28/2014,11/30/2013,08/31/2013,05/31/2013,02/28/2013,11/30/2012,08/31/2012,05/31/2012,02/29/2012,11/30/2011,08/31/2011,05/31/2011,02/28/2011,11/30/2010,08/31/2010,05/31/2010,02/28/2010,11/30/2009,08/31/2009,05/31/2009,02/28/2009,11/30/2008,08/31/2008,05/31/2008,02/29/2008,11/30/2007,08/31/2007,05/31/2007,02/28/2007,11/30/2006,08/31/2006,05/31/2006,02/28/2006,11/30/2005,08/31/2005,05/31/2005,02/28/2005,11/30/2004,08/31/2004,05/31/2004,02/29/2004,11/30/2003,08/31/2003,05/31/2003,02/28/2003,11/30/2002,08/31/2002,05/31/2002,02/28/2002,11/30/2001,08/31/2001,05/31/2001,02/28/2001,11/30/2000,08/31/2000,05/31/2000,02/29/2000,11/30/1999,08/31/1999,05/31/1999,02/28/1999,11/30/1998,08/31/1998,05/31/1998,02/28/1998,11/30/1997,08/31/1997,05/31/1997,02/28/1997,11/30/1996,08/31/1996,05/31/1996,11/30/1995,08/31/1995,05/31/1995,02/28/1995,11/30/1994,08/31/1994,05/31/1994,02/28/1994,11/30/1993,08/31/1993,05/31/1993,02/28/1993,11/30/1992,08/31/1992,05/31/1992,02/29/1992,11/30/1991,08/31/1991,05/31/1991,02/28/1991,11/30/1990,08/31/1990,05/31/1990,02/28/1990,11/30/1989,08/31/1989,05/31/1989,02/28/1989,11/30/1988,08/31/1988,05/31/1988,02/29/1988,11/30/1987,08/31/1987,05/31/1987,02/28/1987,11/30/1986,08/31/1986,05/31/1986,02/28/1986,11/30/1985,08/31/1985
TotalRevenue,"8,820,700,000","2,102,500,000","2,320,600,000","2,371,100,000","2,026,500,000","1,953,000,000","2,438,100,000","2,260,400,000","1,963,400,000","1,902,900,000","1,999,400,000","2,344,000,000","2,097,200,000","1,797,200,000","1,972,600,000","2,299,100,000","2,047,100,000","1,765,900,000","1,799,100,000","2,084,500,000","1,935,500,000","1,628,000,000","1,810,500,000","2,021,200,000","1,871,800,000","1,543,200,000","1,640,500,000","1,733,400,000","1,631,300,000","1,356,200,000","1,541,700,000","1,604,100,000","1,526,000,000","1,291,200,000","1,443,300,000","1,459,800,000","673,400,000","695,900,000","766,900,000","698,500,000","634,800,000","628,100,000","700,700,000","690,200,000","635,300,000","715,300,000","966,400,000","862,800,000","787,500,000","708,700,000","987,700,000","876,800,000","791,600,000","735,100,000","1,031,200,000","956,500,000","931,800,000","884,400,000","1,094,800,000","892,600,000","901,200,000","1,142,200,000","1,500,800,000","1,417,500,000","1,155,900,000","1,047,867,000","1,267,087,000","1,191,959,000","1,096,535,000","1,037,681,000","1,085,711,000","1,036,941,000","927,305,000","881,315,000","987,248,000","908,760,000","771,629,000","653,034,000","738,379,000","689,806,000","648,941,000","673,544,000","764,074,000","741,530,000","642,110,000","544,038,000","629,577,000","637,490,000","585,580,000","527,169,000","661,500,000","621,600,000","530,200,000","459,400,000","375,600,000","349,400,000","312,900,000","282,600,000","322,700,000","301,500,000","306,000,000","261,600,000","317,700,000","279,200,000","276,500,000","285,600,000","229,200,000","222,800,000","210,900,000","243,500,000","180,900,000","154,200,000","140,000,000","154,500,000","115,900,000","60,500,000","58,800,000","71,100,000","59,600,000","65,100,000","56,900,000","63,600,000","40,700,000","49,600,000","41,500,000","44,800,000","45,000,000","49,900,000","41,200,000","43,700,000","43,000,000","43,600,000","37,500,000","40,200,000","46,000,000","42,900,000","33,400,000","41,300,000","40,000,000","57,200,000","36,100,000","38,000,000","55,800,000","55,000,000","29,900,000","32,800,000","46,000,000"
	OperatingRevenue,"9,529,100,000","2,268,800,000","2,507,000,000","2,565,000,000","2,188,300,000","2,120,600,000","2,643,700,000","2,459,700,000","2,131,700,000","2,075,600,000","2,181,500,000","2,573,400,000","2,282,500,000","1,968,000,000","2,160,600,000","2,525,700,000","2,230,000,000","1,935,400,000","1,978,900,000","2,297,200,000","2,115,300,000","1,793,100,000","1,992,700,000","2,222,800,000","2,053,000,000","1,700,500,000","1,812,400,000","1,912,900,000","1,798,000,000","1,506,400,000","1,708,600,000","1,770,000,000","1,687,100,000","1,438,000,000","1,593,500,000","1,613,300,000","766,200,000","788,000,000","860,400,000","797,700,000","725,300,000","709,000,000","789,000,000","770,400,000","710,700,000","107,500,000","1,191,400,000","1,056,900,000","976,200,000","893,000,000","1,225,500,000","1,090,700,000","1,003,800,000","964,900,000","1,306,900,000","1,239,200,000","1,212,000,000","1,135,400,000","1,406,400,000","1,167,900,000","1,175,400,000","1,422,500,000","1,834,200,000","1,714,900,000","1,430,200,000","1,304,082,000","1,567,869,000","1,468,665,000","1,096,535,000","1,304,875,000","1,360,431,000","1,300,242,000","1,174,315,000","1,114,972,000","1,213,541,000","1,148,213,000","989,067,000","853,863,000","969,759,000","898,997,000","859,011,000","859,935,000","987,776,000","951,228,000","835,774,000","1,301,647,000","629,577,000","637,490,000","585,580,000","527,169,000","661,500,000","621,600,000","530,200,000","459,400,000","375,600,000","349,400,000","312,900,000","282,600,000","322,700,000","301,500,000","306,000,000","261,600,000","317,700,000","279,200,000","276,500,000","285,600,000","229,200,000","222,800,000","210,900,000","243,500,000","180,900,000","154,200,000","140,000,000","154,500,000","115,900,000","60,500,000","58,800,000","71,100,000","59,600,000","65,100,000","56,900,000","63,600,000","40,700,000","49,600,000","41,500,000","44,800,000","45,000,000","49,900,000","41,200,000","43,700,000","43,000,000","43,600,000","37,500,000","40,200,000","46,000,000","42,900,000","33,400,000","41,300,000","40,000,000","57,200,000","36,100,000","38,000,000","55,800,000","55,000,000","29,900,000","32,800,000","46,000,000"
	ExciseTaxes,"708,400,000","166,300,000","186,400,000","193,900,000","161,800,000","167,600,000","205,600,000","199,300,000","168,300,000","172,700,000","182,100,000","229,400,000","185,300,000","170,800,000","188,000,000","226,600,000","182,900,000","169,500,000","179,800,000","212,700,000","179,800,000","165,100,000","182,200,000","201,600,000","181,200,000","157,300,000","171,900,000","179,500,000","166,700,000","150,200,000","166,900,000","165,900,000","161,100,000","146,800,000","150,200,000","153,500,000","92,800,000","92,100,000","93,500,000","99,200,000","90,500,000","80,900,000","88,300,000","80,200,000","75,400,000",,"225,000,000","194,100,000","188,700,000","184,300,000","237,800,000","213,900,000","212,200,000","229,800,000","275,700,000","282,700,000","280,200,000","251,000,000","311,600,000","275,300,000","274,200,000","280,300,000","333,400,000","297,400,000","274,300,000","256,215,000","300,782,000","276,706,000",,"267,194,000","274,720,000","263,301,000","247,010,000","233,657,000","226,293,000","239,453,000","217,438,000","200,829,000","231,380,000","209,191,000","210,070,000","186,391,000","223,702,000","209,698,000","193,664,000",,,,,,,,,,,,,,,,,,,,,,,,,,,,,,,,,,,,,,,,,,,,,,,,,,,,,,,,,,,,,,
CostOfRevenue,"4,113,400,000","969,900,000","1,094,900,000","1,141,400,000","907,200,000","959,300,000","1,169,900,000","1,044,600,000","975,100,000","953,100,000","1,011,900,000","1,158,100,000","1,068,500,000","903,700,000","1,002,600,000","1,130,900,000","998,500,000","916,800,000","891,600,000","1,019,200,000","940,200,000","840,300,000","919,100,000","1,052,200,000","990,500,000","847,100,000","907,000,000","957,800,000","894,200,000","758,600,000","902,800,000","932,100,000","855,900,000","742,300,000","833,600,000","882,800,000","417,300,000","434,100,000","456,100,000","413,400,000","384,200,000","382,900,000","417,800,000","407,200,000","384,300,000","461,300,000","614,500,000","548,600,000","517,500,000","486,300,000","643,600,000","567,200,000","522,900,000","543,900,000","627,200,000","650,700,000","602,800,000","572,700,000","702,900,000","582,900,000","633,000,000","796,900,000","1,055,600,000","1,002,700,000","837,300,000","761,503,000","882,866,000","843,959,000","790,529,000","750,901,000","772,047,000","747,258,000","676,843,000","637,760,000","704,632,000","670,532,000","563,717,000","475,801,000","524,885,000","496,544,000","473,667,000","452,537,000","505,666,000","503,854,000","426,155,000","390,016,000","402,349,000","419,007,000","383,245,000","345,659,000","434,900,000","412,100,000","360,100,000","307,700,000","252,000,000","239,200,000","211,400,000","189,900,000","216,100,000","208,200,000","216,400,000","189,200,000","227,400,000","200,700,000","195,000,000","201,000,000","163,600,000","154,500,000","147,500,000","167,800,000","124,100,000","107,400,000","95,200,000","106,700,000","81,000,000","40,000,000","39,000,000","48,000,000","41,600,000","44,700,000","38,100,000","56,600,000","4,400,000","44,000,000","37,100,000","40,200,000","7,800,000","45,900,000","37,600,000","39,600,000",,,,,,,,,,,,,,,,,
GrossProfit,"4,707,300,000","1,132,600,000","1,225,700,000","1,229,700,000","1,119,300,000","993,700,000","1,268,200,000","1,215,800,000","988,300,000","949,800,000","987,500,000","1,185,900,000","1,028,700,000","893,500,000","970,000,000","1,168,200,000","1,048,600,000","849,100,000","907,500,000","1,065,300,000","995,300,000","787,700,000","891,400,000","969,000,000","881,300,000","696,100,000","733,500,000","775,600,000","737,100,000","597,600,000","638,900,000","672,000,000","670,100,000","548,900,000","609,700,000","577,000,000","256,100,000","261,800,000","310,800,000","285,100,000","250,600,000","245,200,000","282,900,000","283,000,000","251,000,000","254,000,000","351,900,000","314,200,000","270,000,000","222,400,000","344,100,000","309,600,000","268,700,000","191,200,000","404,000,000","305,800,000","329,000,000","311,700,000","391,900,000","309,700,000","268,200,000","345,300,000","445,200,000","414,800,000","318,600,000","286,364,000","384,221,000","348,000,000","306,006,000","286,780,000","313,664,000","289,683,000","250,462,000","243,555,000","282,616,000","238,228,000","207,912,000","177,233,000","213,494,000","193,262,000","175,274,000","221,007,000","258,408,000","237,676,000","215,955,000","154,022,000","227,228,000","218,483,000","202,335,000","181,510,000","226,600,000","209,500,000","170,100,000","151,700,000","123,600,000","110,200,000","101,500,000","92,700,000","106,600,000","93,300,000","89,600,000","72,400,000","90,300,000","78,500,000","81,500,000","84,600,000","65,600,000","68,300,000","63,400,000","75,700,000","56,800,000","46,800,000","44,800,000","47,800,000","34,900,000","20,500,000","19,800,000","23,100,000","18,000,000","20,400,000","18,800,000","7,000,000","36,300,000","5,600,000","4,400,000","4,600,000","37,200,000","4,000,000","3,600,000","4,100,000",,,,,,,,,,,,,,,,,
OperatingExpense,"1,711,400,000","454,900,000","385,800,000","490,500,000","378,300,000","453,300,000","463,800,000","399,100,000","353,300,000","370,100,000","406,300,000","466,400,000","406,000,000","428,200,000","413,500,000","403,200,000","423,200,000","333,400,000","420,700,000","351,400,000","427,200,000","348,300,000","357,400,000","358,100,000","328,600,000","285,000,000","286,200,000","296,200,000","309,800,000","243,900,000","263,300,000","293,300,000","277,900,000","219,500,000","245,900,000","244,100,000","186,500,000","134,700,000","151,700,000","154,300,000","144,000,000","123,300,000","121,800,000","138,200,000","138,200,000","128,700,000","176,100,000","167,300,000","168,800,000","143,600,000","204,300,000","167,800,000","166,600,000","171,200,000","200,500,000","225,200,000","233,500,000","227,100,000","192,100,000","190,500,000","197,600,000","194,000,000","197,800,000","204,400,000","172,600,000","133,845,000","156,978,000","163,717,000","157,864,000","154,578,000","130,333,000","132,355,000","138,428,000","108,849,000","113,333,000","124,989,000","106,629,000","87,146,000","85,470,000","87,616,000","89,309,000","146,273,000","149,585,000","148,675,000","132,027,000","809,556,000","141,990,000","147,779,000","144,871,000","127,759,000","149,200,000","145,700,000","124,400,000","109,900,000","82,600,000","76,100,000","69,900,000","67,300,000","68,900,000","64,900,000","64,100,000","53,900,000","67,000,000","61,600,000","58,500,000","57,400,000","43,400,000","43,800,000","41,000,000","51,700,000","61,800,000","31,400,000","31,200,000","34,700,000","23,700,000","13,900,000","13,400,000","15,800,000","11,400,000","13,800,000","13,500,000","1,500,000","32,000,000","1,300,000","1,000,000","1,200,000","35,000,000","1,200,000","1,200,000","1,200,000",,,,,,,,,,,,,,,,,
	SellingGeneralAndAdministration,"1,711,400,000","454,900,000","385,800,000","490,500,000","378,300,000","453,300,000","463,800,000","399,100,000","353,300,000","370,100,000","406,300,000","466,400,000","406,000,000","428,200,000","413,500,000","403,200,000","423,200,000","333,400,000","420,700,000","351,400,000","427,200,000","348,300,000","357,400,000","358,100,000","328,600,000","285,000,000","286,200,000","296,200,000","309,800,000","243,900,000","263,300,000","293,300,000","277,900,000","219,500,000","245,900,000","244,100,000","186,500,000","134,700,000","151,700,000","154,300,000","144,000,000","123,300,000","121,800,000","138,200,000","138,200,000","128,700,000","176,100,000","167,300,000","168,800,000","143,600,000","204,300,000","167,800,000","166,600,000","171,200,000","200,500,000","225,200,000","233,500,000","227,100,000","192,100,000","190,500,000","197,600,000","194,000,000","197,800,000","204,400,000","172,600,000","133,845,000","156,978,000","163,717,000","157,864,000","154,578,000","130,333,000","132,355,000","138,428,000","108,849,000","113,333,000","124,989,000","106,629,000","87,146,000","85,470,000","87,616,000","89,309,000","146,273,000","149,585,000","148,675,000","132,027,000","107,428,000","122,815,000","129,935,000","126,409,000","113,809,000","132,300,000","125,300,000","110,500,000","96,900,000","73,800,000","67,500,000","61,300,000","59,900,000","60,300,000","56,300,000","55,200,000","47,900,000","58,300,000","52,900,000","49,900,000","50,100,000","40,400,000","38,800,000","34,900,000","45,100,000","58,300,000","27,400,000","28,000,000","31,600,000","22,500,000","11,800,000","11,400,000","14,300,000","10,000,000","12,200,000","11,900,000",,,,,,,,,,,,,,,,,,,,,,,,,,
	DepreciationAmortizationDepletionIncomeStatement,,,,,,,,,,,,,,,,,,,,,,,,,,,,,,,,,,,,,,,,,,,,,,,,,,,,,,,,,,,,,,,,,,,,,,,,,,,,,,,,,,,,,"14,005,000","-10,868,000","19,175,000","17,844,000","18,462,000","13,950,000","16,900,000","20,400,000","13,900,000","13,000,000","8,800,000","8,600,000","8,600,000","7,400,000","8,600,000","8,600,000","8,900,000","6,000,000","8,700,000","8,700,000","8,600,000","7,300,000","3,000,000","5,000,000","6,100,000","6,600,000","3,500,000","4,000,000","3,200,000","3,100,000","1,200,000","2,100,000","2,000,000","1,500,000","1,400,000","1,600,000","1,600,000","1,500,000","1,800,000","1,300,000","1,000,000","1,200,000","1,600,000","1,200,000","1,200,000","1,200,000",,,,,,,,,,,,,,,,,
		DepreciationAndAmortizationInIncomeStatement,,,,,,,,,,,,,,,,,,,,,,,,,,,,,,,,,,,,,,,,,,,,,,,,,,,,,,,,,,,,,,,,,,,,,,,,,,,,,,,,,,,,,"14,005,000","-10,868,000","19,175,000","17,844,000","18,462,000","13,950,000","16,900,000","20,400,000","13,900,000","13,000,000","8,800,000","8,600,000","8,600,000","7,400,000","8,600,000","8,600,000","8,900,000","6,000,000","8,700,000","8,700,000","8,600,000","7,300,000","3,000,000","5,000,000","6,100,000","6,600,000","3,500,000","4,000,000","3,200,000","3,100,000","1,200,000","2,100,000","2,000,000","1,500,000","1,400,000","1,600,000","1,600,000","1,500,000","1,800,000","1,300,000","1,000,000","1,200,000","1,600,000","1,200,000","1,200,000","1,200,000",,,,,,,,,,,,,,,,,
	OtherOperatingExpenses,,,,,,,,,,,,,,,,,,,,,,,,,,,,,,,,,,,,,,,,,,,,,,,,,,,,,,,,,,,,,,,,,,,,,,,,,,,,,,,,,,,,,"-14,005,000",,,,,,,,,,,,,,,,,,,,,,,,,,,,,,,,,,,,,,,,,,,,,,,,,,,,,,,,,,,,,,
OperatingIncome,"2,995,900,000","677,700,000","839,900,000","739,200,000","741,000,000","540,400,000","804,400,000","816,700,000","635,000,000","579,700,000","581,200,000","719,500,000","622,700,000","465,300,000","556,500,000","765,000,000","625,400,000","515,700,000","486,800,000","713,900,000","568,100,000","439,400,000","534,000,000","610,900,000","552,700,000","411,100,000","447,300,000","479,400,000","427,300,000","353,700,000","375,600,000","378,700,000","392,200,000","329,400,000","363,800,000","332,900,000","69,600,000","127,100,000","159,100,000","130,800,000","106,600,000","121,900,000","161,100,000","144,800,000","112,800,000","125,300,000","175,800,000","146,900,000","101,200,000","78,800,000","139,800,000","141,800,000","102,100,000","20,000,000","203,500,000","80,600,000","95,500,000","84,600,000","199,800,000","119,200,000","70,600,000","151,300,000","247,400,000","210,400,000","146,000,000","152,519,000","227,243,000","184,283,000","148,142,000","132,202,000","183,331,000","157,328,000","112,034,000","134,706,000","169,283,000","113,239,000","101,283,000","90,087,000","128,024,000","105,646,000","85,965,000","74,734,000","108,823,000","89,001,000","83,928,000","-655,534,000","85,238,000","70,704,000","57,464,000","53,751,000","77,400,000","63,800,000","45,700,000","41,800,000","41,000,000","34,100,000","31,600,000","25,400,000","37,700,000","28,400,000","25,500,000","18,500,000","23,300,000","16,900,000","23,000,000","27,200,000","22,200,000","24,500,000","22,400,000","24,000,000","-5,000,000","15,400,000","13,600,000","13,100,000","11,200,000","6,600,000","6,400,000","7,300,000","6,600,000","6,600,000","5,300,000","5,500,000","4,300,000","4,300,000","3,400,000","3,400,000","2,200,000","2,800,000","2,400,000","2,900,000","-113,700,000","43,600,000","37,500,000","40,200,000","-122,000,000","42,900,000","33,400,000","41,300,000","-147,000,000","57,200,000","36,100,000","38,000,000","-97,700,000","55,000,000","29,900,000","32,800,000","-69,900,000"
NetNonOperatingInterestIncomeExpense,"-356,400,000","-85,900,000","-88,000,000","-95,800,000","-86,700,000","-89,800,000","-95,700,000","-100,200,000","-100,000,000","-99,400,000","-103,100,000","-111,600,000","-114,600,000","-118,500,000","-72,800,000","-88,000,000","-87,800,000","-86,900,000","-81,400,000","-81,300,000","-82,400,000","-77,000,000","-77,600,000","-94,100,000","-84,600,000","-83,500,000","-75,600,000","-77,300,000","-77,500,000","-80,300,000","-86,000,000","-85,000,000","-86,400,000","-88,500,000","-89,600,000","-90,300,000","-54,800,000","-60,400,000","-61,400,000","-54,600,000","-50,700,000","-47,900,000","-46,300,000","-42,500,000","-44,300,000","-47,400,000","-49,100,000","-50,300,000","-48,500,000","-67,700,000","-64,000,000","-66,600,000","-66,800,000","-70,700,000","-78,400,000","-80,700,000","-86,600,000",,,,,,,,,,,,,,,,,,,,,,,,,,,,,,,,,,,,,,,,,,,,,,,,,,,,,,,,,,,,,,,,,,,,,,,,,,,,,,,,,,,,,,,,,,
	InterestExpenseNonOperating,"356,400,000","85,900,000","88,000,000","95,800,000","86,700,000","89,800,000","95,700,000","100,200,000","100,000,000","99,400,000","103,100,000","111,600,000","114,600,000","118,500,000","72,800,000","88,000,000","87,800,000","86,900,000","81,400,000","81,300,000","82,400,000","77,000,000","77,600,000","94,100,000","84,600,000","83,500,000","75,600,000","77,300,000","77,500,000","80,300,000","86,000,000","85,000,000","86,400,000","88,500,000","89,600,000","90,300,000","54,800,000","60,400,000","61,400,000","54,600,000","50,700,000","47,900,000","46,300,000","42,500,000","44,300,000",,"49,100,000","50,300,000","48,500,000","67,700,000","64,000,000","66,600,000","66,800,000",,"78,400,000","80,700,000","86,600,000",,,,,,,,,,,,,,,,,,,,,,,,,,,,,,,,,,,,,,,,,,,,,,,,,,,,,,,,,,,,,,,,,,,,,,,,,,,,,,,,,,,,,,,,,,
OtherIncomeExpense,"-2,329,100,000","-93,900,000","-171,800,000","-500,200,000","-1,565,100,000","34,700,000","759,900,000","-59,300,000","-603,200,000","8,600,000","-770,500,000","-1,327,100,000","-930,600,000","1,183,400,000","-136,300,000","688,400,000","364,400,000","159,600,000","238,800,000","-1,900,000","-6,300,000","261,500,000","27,500,000",,"700,000","22,600,000","27,300,000","-900,000","1,000,000","400,000","21,200,000","-5,000,000","500,000","-500,000","18,000,000","1,344,800,000","67,500,000","40,100,000","52,200,000","70,300,000","57,300,000","6,500,000","52,500,000","64,300,000","51,100,000","29,100,000","65,700,000","52,700,000","49,600,000","-81,300,000","29,400,000","70,000,000","43,800,000","-338,800,000","70,500,000","11,000,000","67,300,000","-797,200,000","72,700,000","78,100,000","73,400,000","26,800,000","-1,200,000","-26,300,000","49,600,000","-26,670,000","626,000","-10,340,000","-8,861,000","-11,441,000","-1,285,000","-969,000","-1,551,000","-4,090,000","-7,962,000","-16,572,000","-807,000","20,508,000","4,182,000","3,172,000","2,739,000","639,000","1,165,000","-137,000",,,,,,"-10,000",,,"-5,500,000",,,,,,,,,,,,,"-1,600,000","-400,000","-900,000","100,000","-100,000","100,000","200,000",,,"0",,,"100,000","0","100,000","100,000","100,000","400,000","200,000","200,000","300,000","400,000","200,000",,"200,000",,,,,,,,,,,,,,,,,
	GainOnSaleOfSecurity,"-1,635,500,000","-93,700,000","-199,700,000","-590,000,000","-745,100,000","277,300,000","769,600,000","-47,600,000","-571,200,000","74,500,000","-533,800,000","-839,100,000","-930,600,000","1,183,400,000","-134,600,000","688,400,000","364,400,000","237,500,000","249,100,000","200,000","400,000","-900,000","27,500,000",,"700,000","22,600,000","27,300,000","200,000","1,000,000","400,000","21,200,000","-600,000","500,000","-500,000","18,000,000","3,700,000","66,600,000","49,500,000",,,,,,,,,,,,,,,,,,,,,,,,,,,,,,,,,,,,,,,,,,,,,,,,,,,,,,,,,,,,,,,,,,,,,,,,,,,,,,,,,,,,,,,,,,,,,,,,,,,,,,,,,,,,,
	EarningsFromEquityInterest,,,"27,900,000","119,200,000","-154,100,000","-257,500,000","12,800,000","-33,100,000","-571,200,000","-31,300,000","77,300,000","-485,600,000","-930,600,000","1,183,400,000","-134,600,000","688,400,000",,"237,500,000","249,100,000","200,000","400,000","-900,000",,,,"22,600,000",,,,"0","0","0",,"0","0","1,642,000,000","66,600,000","49,500,000","52,500,000","70,500,000","60,600,000","49,000,000","53,300,000","64,000,000","62,200,000","51,500,000","71,400,000","66,400,000","54,500,000","43,000,000","34,600,000","73,200,000","62,800,000","-31,900,000","76,300,000","70,100,000","72,100,000","27,800,000","74,200,000","80,100,000","75,800,000","39,200,000","10,400,000","200,000","100,000","-4,895,000","6,516,000","-254,000","-542,000","1,132,000","359,000","200,000","62,000","-423,000","126,000","511,000","328,000","2,143,000","4,182,000","3,172,000","2,739,000","639,000","1,165,000","-137,000",,,,,,,,,,,,,,,,,,,,,,,,,,,,,,,,,,,,,,,,,,,,,,,,,,,,,,,,,,,,,,,
	SpecialIncomeCharges,"-693,600,000","-200,000","0","-29,400,000","-665,900,000","14,900,000","-22,500,000","21,400,000","-32,000,000","-34,600,000","-314,000,000","-2,400,000",,"0","-1,700,000","0","0","-77,900,000","-10,300,000","-2,100,000","-6,700,000","262,400,000","0",,,"0","0","-1,100,000",,"0","0","-4,400,000",,"0","0","-300,900,000","900,000","-9,400,000","-300,000","-200,000","-3,300,000","-42,500,000","-800,000","300,000","-11,100,000","-22,400,000","-5,700,000","-13,700,000","-4,900,000","-124,300,000","-5,200,000","-3,200,000","-19,000,000","-306,900,000","-5,800,000","-59,100,000","-4,800,000","-825,000,000","-1,500,000","-2,000,000","-2,400,000","-67,500,000","-11,600,000","-26,500,000","49,500,000","-21,775,000","-5,890,000","-10,086,000","-8,319,000","-12,573,000","-1,644,000","-1,169,000","-1,613,000","-3,667,000","-8,088,000","-17,083,000","-1,135,000",,,,,,,,,,,,,"-10,000",,,"-5,500,000",,,,,,,,,,,,,"-1,600,000","-400,000","-900,000","100,000","-100,000","100,000","200,000",,,"0",,,"100,000","0","100,000","100,000","100,000","400,000","200,000","200,000","300,000","400,000","200,000",,"200,000",,,,,,,,,,,,,,,,,
		RestructuringAndMergernAcquisition,,,,,"665,900,000",,,,,,,,,,,,,,,,,,,,,,,,,,,,,,,,"-900,000","-300,000","300,000","200,000","500,000","4,400,000","800,000","-300,000","11,100,000","5,700,000","-1,200,000","13,700,000","4,900,000","20,200,000","5,200,000","3,200,000","19,000,000","20,100,000","5,800,000","37,300,000","4,800,000","1,000,000","1,500,000","2,000,000","2,400,000","-11,200,000","11,600,000","29,100,000","3,000,000","21,775,000","5,890,000","10,086,000","8,319,000","12,573,000","1,644,000","1,169,000","1,613,000","3,667,000","8,088,000","17,083,000","2,316,000",,,,,,,,,,,,,,,,,,,,,,,,,,,,,,,,,,,,,,,,,,,,,,,,,,,,,,,,,,,,,,,,,,,,,,
		ImpairmentOfCapitalAssets,"0","0","0","0","0","0","21,000,000","-22,000,000","25,000,000","32,700,000","390,000,000",,,,,,,,,,,,,,,,,,,"0","0","0",,"0","0","300,900,000",,"0",,,,"38,100,000","0",,,"16,700,000","6,900,000",,,"103,200,000","0","0",,"278,600,000","0","21,800,000",,,,,,,,,,,,,,,,,,,,,,,,,,,,,,,,,,,,,,,,,,,,,,,,,,,,,,,,,,,,,,,,,,,,,,,,,,,,,,,,,,,,,,,,,,,
		WriteOff,"665,900,000","0","0","0","0","0","21,000,000","-22,000,000","25,000,000","32,700,000","390,000,000",,,,,,,,"10,300,000","2,100,000","6,700,000","0","0",,,"0","0","1,100,000",,"0","0","4,400,000",,"0","0","0","0","9,700,000","0","0","2,800,000",,,,,,,,,,,,,,,,,,,,,,,,,,,,,,,,,,,,,,,,,,,,,,,,,,,,,,,,,,,,,,,,,,,,,,,,,,,,,,,,,,,,,,,,,,,,,,,,,,,,,,,,,,
		OtherSpecialCharges,"29,400,000",,,"29,400,000",,"4,000,000","1,200,000","600,000","7,000,000","0",,"2,400,000",,"0","1,700,000",,,"77,900,000",,,,,,,,,,,,,,,,,,,,,,,,,,,,,,,,,,,,,,,,,,,,,,"-2,600,000","-52,500,000",,,,,,,,,"0",,,"-1,181,000",,,,,,,,,,,,,,,,,,,,,,,,,,,,,,,,,,,,,,,,,,,,,,,,,,,,,,,,,,,,,,,,,,,,,,
		GainOnSaleOfBusiness,"1,700,000","-200,000",,,,"18,900,000","-300,000",,,"-1,900,000","76,000,000",,,,,,,"0",,,,"262,400,000",,,,,,,,,,,,,,,,,,,,,,,,,,,,,,,,,,,,,,,,,,,,,,,,,,,,,,,,,,,,,,,,,,,,,,,,,,,,,,,,,,,,,,,,,,,,,,,,,,,,,,,,,,,,,,,,,,,,,,,,,,,,,
PretaxIncome,"310,400,000","497,900,000","580,100,000","143,200,000","-910,800,000","485,300,000","1,468,600,000","657,200,000","-68,200,000","488,900,000","-292,400,000","-719,200,000","-422,500,000","1,530,200,000","347,400,000","1,365,400,000","902,000,000","588,400,000","644,200,000","630,700,000","479,400,000","623,900,000","483,900,000","516,800,000","468,800,000","350,200,000","399,000,000","401,200,000","350,800,000","273,800,000","310,800,000","288,700,000","306,300,000","240,400,000","292,200,000","1,587,400,000","82,300,000","106,800,000","149,900,000","146,500,000","113,200,000","80,500,000","167,300,000","166,600,000","119,600,000","107,000,000","192,400,000","149,300,000","102,300,000","-70,200,000","105,200,000","145,200,000","79,100,000","-389,500,000","195,600,000","10,900,000","76,200,000","-805,600,000","190,100,000","110,600,000","64,300,000","103,700,000","173,100,000","111,600,000","146,900,000","78,430,000","179,784,000","127,058,000","91,986,000","74,418,000","151,395,000","125,959,000","80,202,000","98,163,000","129,432,000","55,569,000","61,233,000","85,702,000","106,004,000","81,667,000","61,563,000","47,592,000","82,739,000","59,890,000","39,738,000","30,628,000","58,255,000","43,517,000","29,837,000","25,959,000","49,800,000","35,200,000","18,000,000","21,300,000","33,400,000","26,800,000","23,100,000","17,100,000","29,800,000","21,000,000","17,000,000","9,900,000","14,700,000","8,900,000","14,200,000","17,300,000","16,300,000","17,300,000","16,300,000","16,800,000","-10,200,000","10,800,000","9,100,000","9,200,000","9,400,000","5,400,000","4,800,000","5,800,000","5,500,000","5,300,000","3,300,000","3,800,000","3,400,000","3,400,000","2,400,000","2,600,000","1,500,000","1,800,000","1,200,000","1,900,000",,,,,,,,,,,,,,,,,
TaxProvision,"309,400,000","92,300,000","99,300,000","131,300,000","-13,500,000","94,700,000","176,600,000","135,400,000","104,400,000","79,900,000","-658,900,000","-202,200,000","-185,400,000","280,800,000","35,300,000","214,100,000","155,700,000","-340,400,000","149,500,000","128,700,000","74,100,000","162,000,000","78,900,000","163,600,000","149,700,000","104,900,000","128,000,000","97,100,000","110,600,000","62,300,000","88,600,000","92,900,000","99,600,000","83,200,000","81,200,000","65,400,000","29,400,000","25,100,000","40,400,000","21,900,000","41,200,000","-22,500,000","62,500,000","3,900,000","45,100,000","-172,800,000","53,100,000","58,000,000","53,200,000","-19,200,000","61,100,000","45,500,000","72,600,000","17,300,000","112,100,000","33,600,000","31,600,000","29,200,000","70,500,000","38,500,000","34,500,000","33,500,000","65,300,000","43,200,000","61,400,000","20,248,000","70,823,000","44,638,000","16,287,000","26,790,000","54,502,000","45,345,000","28,873,000","35,342,000","46,592,000","20,005,000","22,044,000","33,681,000","41,660,000","32,095,000","24,194,000","19,037,000","33,096,000","23,956,000","15,895,000","12,251,000","23,302,000","17,407,000","11,935,000","10,384,000","19,900,000","14,100,000","7,200,000","8,400,000","13,700,000","11,000,000","9,500,000","7,000,000","12,200,000","8,600,000","7,000,000","4,000,000","6,400,000","4,000,000","5,700,000","6,900,000","6,300,000","6,700,000","6,300,000","6,500,000","-3,900,000","4,100,000","3,400,000","3,500,000","3,700,000","2,000,000","1,800,000","2,200,000","2,000,000","1,900,000","1,200,000","1,400,000","1,200,000","1,200,000","800,000","900,000","400,000","500,000","300,000","700,000",,,,,,,,,,,,,,,,,
NetIncomeCommonStockholders,"-40,400,000","395,400,000","470,800,000","1,500,000","-908,100,000","382,900,000","1,280,900,000","512,100,000","-177,900,000","398,400,000","360,400,000","-525,200,000","-245,400,000","1,239,500,000","303,100,000","1,149,500,000","743,800,000","925,500,000","491,100,000","499,500,000","402,800,000","452,000,000","405,900,000","358,900,000","318,300,000","243,400,000","270,500,000","302,400,000","238,600,000","214,600,000","222,200,000","195,800,000","206,700,000","157,200,000","211,000,000","1,522,000,000","52,900,000","81,700,000","109,500,000","124,600,000","72,000,000","103,000,000","104,800,000","162,700,000","74,500,000","279,800,000","139,300,000","91,300,000","49,100,000","-51,000,000","44,100,000","99,700,000","6,500,000","-406,800,000","83,500,000","-22,700,000","44,600,000","-834,800,000","119,600,000","72,100,000","29,800,000","70,200,000","107,800,000","66,000,000","83,000,000","55,731,000","106,510,000","79,969,000","73,248,000","45,177,000","94,442,000","78,163,000","48,878,000","60,369,000","80,390,000","34,720,000","39,189,000","52,021,000","64,344,000","49,572,000","37,369,000","27,001,000","49,643,000","35,934,000","23,843,000","18,377,000","34,953,000","26,110,000","17,902,000","15,575,000","29,900,000","21,100,000","10,800,000","1,500,000","19,700,000","15,800,000","13,600,000","10,100,000","17,600,000","12,400,000","10,000,000","5,900,000","8,300,000","4,900,000","8,500,000","10,400,000","10,000,000","10,600,000","10,000,000","10,300,000","-6,300,000","6,700,000","5,700,000","5,700,000","5,700,000","3,400,000","3,000,000","3,600,000","3,500,000","3,400,000","2,100,000","2,400,000","2,200,000","2,200,000","1,600,000","1,700,000","1,100,000","1,300,000","900,000","1,200,000",,,,,,,,,,,,,,,,,
	NetIncome,"-40,400,000","395,400,000","470,800,000","1,500,000","-908,100,000","382,900,000","1,280,900,000","512,100,000","-177,900,000","398,400,000","360,400,000","-525,200,000","-245,400,000","1,239,500,000","303,100,000","1,149,500,000","743,800,000","925,500,000","491,100,000","499,500,000","402,800,000","452,000,000","405,900,000","358,900,000","318,300,000","243,400,000","270,500,000","302,400,000","238,600,000","214,600,000","222,200,000","195,800,000","206,700,000","157,200,000","211,000,000","1,522,000,000","52,900,000","81,700,000","109,500,000","124,600,000","72,000,000","103,000,000","104,800,000","162,700,000","74,500,000","279,800,000","139,300,000","91,300,000","49,100,000","-51,000,000","44,100,000","99,700,000","6,500,000","-406,800,000","83,500,000","-22,700,000","44,600,000","-834,800,000","119,600,000","72,100,000","29,800,000","70,200,000","107,800,000","68,400,000","85,500,000","58,182,000","108,961,000","82,420,000","75,699,000","47,628,000","96,893,000","80,614,000","51,329,000","62,821,000","82,840,000","35,564,000","39,189,000","52,021,000","64,344,000","49,572,000","37,369,000","27,001,000","49,643,000","35,934,000","23,843,000","18,377,000","34,953,000","26,110,000","17,902,000","15,575,000","29,900,000","21,100,000","10,800,000","1,500,000","19,700,000","15,800,000","13,600,000","10,100,000","17,600,000","12,400,000","10,000,000","5,900,000","8,300,000","4,900,000","8,500,000","10,400,000","10,000,000","10,600,000","10,000,000","10,300,000","-6,300,000","6,700,000","5,700,000","5,700,000","5,700,000","3,400,000","3,000,000","3,600,000","3,500,000","3,400,000","2,100,000","2,400,000","2,200,000","2,200,000","1,600,000","1,700,000","1,100,000","1,300,000","900,000","1,200,000",,,,,,,,,,,,,,,,,
		NetIncomeIncludingNoncontrollingInterests,"1,000,000","405,600,000","480,800,000","11,900,000","-897,300,000","390,600,000","1,292,000,000","521,800,000","-172,600,000","409,000,000","366,500,000","-517,000,000","-237,100,000","1,249,400,000","312,100,000","1,151,300,000","746,300,000","928,800,000","494,700,000","502,000,000","405,300,000","461,900,000","405,000,000","353,200,000","319,100,000","245,300,000","271,000,000","304,100,000","240,200,000","211,500,000","222,200,000","195,800,000","206,700,000","157,200,000","211,000,000","1,522,000,000","52,900,000","81,700,000","109,500,000","124,600,000","72,000,000","103,000,000","104,800,000","162,700,000","74,500,000","279,800,000","139,300,000","91,300,000","49,100,000","-51,000,000","44,100,000","99,700,000","6,500,000","-406,800,000","83,500,000","-22,700,000","44,600,000","-834,800,000","119,600,000","72,100,000","29,800,000","70,200,000","107,800,000","68,400,000","85,500,000","58,182,000","108,961,000","82,420,000","75,699,000","47,628,000","96,893,000","80,614,000","51,329,000","62,821,000","82,840,000","35,564,000","39,189,000","52,021,000","64,344,000","49,572,000","37,369,000","27,001,000","49,643,000","35,934,000","23,843,000","18,377,000","34,953,000","26,110,000","17,902,000","15,575,000","29,900,000","21,100,000","10,800,000","1,500,000","19,700,000","15,800,000","13,600,000","10,100,000","17,600,000","12,400,000","10,000,000","5,900,000","8,300,000","4,900,000","8,500,000","10,400,000","10,000,000","10,600,000","10,000,000","10,300,000","-6,300,000","6,700,000","5,700,000","5,700,000","5,700,000","3,400,000","3,000,000","3,600,000","3,500,000","3,400,000","2,100,000","2,400,000","2,200,000","2,200,000","1,600,000","1,700,000","1,100,000","1,300,000","900,000","1,200,000","700,000","600,000","500,000","600,000","-6,800,000","100,000","700,000","900,000","-10,400,000","-2,800,000","1,700,000","1,800,000","4,600,000","2,400,000","1,800,000","1,800,000","4,500,000"
			NetIncomeContinuousOperations,"1,000,000","405,600,000","480,800,000","11,900,000","-897,300,000","390,600,000","1,292,000,000","521,800,000","-172,600,000","409,000,000","366,500,000","-517,000,000","-237,100,000","1,249,400,000","312,100,000","1,151,300,000","746,300,000","928,800,000","494,700,000","502,000,000","405,300,000","461,900,000","405,000,000","353,200,000","319,100,000","245,300,000","271,000,000","304,100,000","240,200,000","211,500,000","222,200,000","195,800,000","206,700,000","157,200,000","211,000,000","1,522,000,000","52,900,000","81,700,000","109,500,000","124,600,000","72,000,000","103,000,000","104,800,000","162,700,000","74,500,000","279,800,000","139,300,000","91,300,000","49,100,000","-51,000,000","44,100,000","99,700,000","6,500,000","-406,800,000","83,500,000","-22,700,000","44,600,000","-834,800,000","119,600,000","72,100,000","29,800,000","70,200,000","107,800,000","68,400,000","85,500,000","58,182,000","108,961,000","82,420,000","75,699,000","47,628,000","96,893,000","80,614,000","51,329,000","62,821,000","82,840,000","35,564,000","39,189,000","52,021,000","64,344,000","49,572,000","37,369,000","28,555,000","49,643,000","35,934,000","23,843,000","18,377,000","34,953,000","26,110,000","17,902,000","15,575,000","29,900,000","21,100,000","10,800,000","12,900,000","19,700,000","15,800,000","13,600,000","10,100,000","17,600,000","12,400,000","10,000,000","5,900,000","8,300,000","4,900,000","8,500,000","10,400,000","10,000,000","10,600,000","10,000,000","10,300,000","-6,300,000","6,700,000","5,700,000","5,700,000","5,700,000","3,400,000","3,000,000","3,600,000","3,500,000","3,400,000","2,100,000","2,400,000","2,200,000","2,200,000","1,600,000","1,700,000","1,100,000","1,300,000","900,000","1,200,000","700,000","600,000","500,000","600,000","-6,800,000","100,000","700,000","900,000","-10,400,000","-2,800,000","1,700,000","1,800,000","4,600,000","2,400,000","1,800,000","1,800,000","4,500,000"
		MinorityInterests,"-41,400,000","-10,200,000","-10,000,000","-10,400,000","-10,800,000","-7,700,000","-11,100,000","-9,700,000","-5,300,000","-10,600,000","-6,100,000","-8,200,000","-8,300,000","-9,900,000","-9,000,000","-1,800,000","-2,500,000","-3,300,000","-3,600,000","-2,500,000","-2,500,000","-9,900,000","900,000","5,700,000","-800,000","-1,900,000","-500,000","-1,700,000","-1,600,000","3,100,000",,,,,,,,,,,,,,,,,,,,,,,,,,,,,,,,,,,,,,,,,,,,,,,,,,,,,,,,,,,,,,,,,,,,,,,,,,,,,,,,,,,,,,,,,,,,,,,,,,,,,,,,,,,,,,,,,,,,,
	PreferredStockDividends,,,,,,,,,,,,,,,,,,,,,,,,,,,,,,,,,,,,,,,,,,,,,,,,,,,,,,,,,,,,,,"0",,"2,400,000","2,500,000","2,451,000","2,451,000","2,451,000","2,451,000","2,451,000","2,451,000","2,451,000","2,451,000","2,452,000","2,450,000","844,000",,,,,,,,,,,,,,,,,,,,,,,,,,,,,,,,,,,,,,,,,,,,,,,,,,,,,,,,,,,,,,,,,,,,,,,
DilutedNIAvailtoComStockholders,"-40,400,000","395,400,000","470,800,000","1,500,000","-908,100,000","381,400,000","1,280,900,000","512,100,000","-177,900,000","398,400,000","360,400,000","-525,200,000","-245,400,000","1,239,500,000","303,100,000","1,149,500,000","743,800,000","925,500,000","491,100,000","499,500,000","402,800,000","452,000,000","405,900,000","358,900,000","318,300,000","243,400,000","270,500,000","302,400,000","238,600,000","214,600,000","222,200,000","195,800,000","206,700,000","157,200,000","211,000,000","1,522,000,000","52,900,000","81,700,000","109,500,000","124,600,000","72,000,000","103,000,000","104,800,000","162,700,000","74,500,000","279,800,000","139,300,000","91,300,000","49,100,000","-51,000,000","44,100,000","99,700,000","6,500,000","-406,800,000","83,500,000","-22,700,000","44,600,000","-834,800,000","119,600,000","72,100,000","29,800,000","70,200,000","107,800,000","66,000,000","83,000,000","55,731,000","106,510,000","79,969,000","73,248,000","45,177,000","94,442,000","78,163,000","48,878,000","60,369,000","80,390,000","34,720,000","39,189,000","52,021,000","64,344,000","49,572,000","37,369,000","27,001,000","49,643,000","35,934,000","23,843,000","18,377,000","34,953,000","26,110,000","17,902,000","15,575,000","29,900,000","21,100,000","10,800,000","1,500,000","19,700,000","15,800,000","13,600,000","10,100,000","17,600,000","12,400,000","10,000,000","5,900,000","8,300,000","4,900,000","8,500,000","10,400,000","10,000,000","10,600,000","10,000,000","10,300,000","-6,300,000","6,700,000","5,700,000","5,700,000","5,700,000","3,400,000","3,000,000","3,600,000","3,500,000","3,400,000","2,100,000","2,400,000","2,200,000","2,200,000","1,600,000","1,700,000","1,100,000","1,300,000","900,000","1,200,000",,,,,,,,,,,,,,,,,
BasicEPS,,"2.11","2.53","0.01","-4.74","2","6.68","2.68","-0.94","2.1","1.9","-2.77","-1.3","6.57","1.62","6.11","3.93","4.84","2.54","2.58","2.09","2.34","2.04","1.81","1.61","1.23","1.39","1.56","1.24","1.12","1.16","1.03","1.09","0.84","1.13","8.18","0.29","0.45","0.61","0.71","0.39",,"0.53","0.78","0.36",,"0.66","0.436","0.23",,"0.2","0.46","0.03",,"0.39","-0.11","0.21",,"0.56","0.34","0.13",,"0.47","0.3","0.38",,"0.49","0.37","0.34",,"0.44","0.365","0.23",,"0.38","0.175","0.21",,"0.355","0.275","0.21",,"0.285","0.213","0.145",,"0.238","0.179","0.123",,"0.206","0.146","0.075",,"0.138","0.106","0.091",,"0.118","0.084","0.068",,"0.054","0.031","0.054","0.065",,"0.066","0.063","0.076",,"0.051","0.044","0.05",,"0.036","0.031","0.039",,"0.054","0.029","0.034",,"0.031","0.023","0.021",,"0.016","0.011","0.015",,"0.008","0.006","0.008",,"0.001","0.008","0.011",,"-0.033","0.019","0.021",,"0.22","0.17","0.17",
DilutedEPS,,"2.07","2.48","0.01","-4.74","1.95","6.55","2.62","-0.94","2.04","1.85","-2.77","-1.3","6.37","1.56","5.87","3.77","4.64","2.44","2.48","2","2.26","1.98","1.75","1.55","1.19","1.33","1.49","1.18","1.06","1.1","0.98","1.03","0.79","1.07","7.74","0.27","0.43","0.58","0.67","0.38",,"0.52","0.76","0.35",,"0.59","0.389","0.2",,"0.2","0.45","0.03",,"0.38","-0.11","0.2",,"0.55","0.33","0.13",,"0.45","0.28","0.36",,"0.46","0.34","0.32",,"0.415","0.345","0.225",,"0.365","0.17","0.205",,"0.345","0.265","0.2",,"0.278","0.205","0.14",,"0.234","0.175","0.12",,"0.2","0.143","0.074",,"0.134","0.104","0.088",,"0.115","0.081","0.066",,"0.054","0.031","0.054","0.065",,"0.066","0.063","0.076",,"0.051","0.044","0.046",,"0.034","0.03","0.035",,"0.054","0.029","0.034",,"0.031","0.023","0.021",,"0.016","0.011","0.015",,"0.008","0.006","0.008",,"0.001","0.008","0.011",,"-0.033","0.019","0.021",,"0.22","0.17","0.17",
BasicAverageShares,,"189,842,000","188,221,000","190,669,000","193,849,000","193,985,000","193,845,000","193,362,000","192,897,000","191,850,000","191,660,000","191,626,000","191,435,000","190,707,000","189,682,000","190,495,000","191,389,000","193,572,000","195,255,000","195,425,000","194,899,000","195,508,000","200,866,000","200,813,000","199,895,000","199,377,000","197,291,000","195,603,000","194,746,000","193,799,000","192,972,000","192,559,000","191,573,000","189,975,000","189,169,000","188,297,000","185,228,000","182,832,000","181,794,000","154,794,000","162,259,000",,"176,293,000","186,629,000","187,046,000",,"209,952,000","209,167,000","216,439,000",,"196,505,000","195,910,000","218,977,000",,"218,195,000","217,487,000","216,561,000",,"191,578,000","191,308,000","205,636,000",,"209,524,000","200,316,000","199,571,000",,"197,220,000","196,520,000","195,567,000",,"192,024,000","190,902,000","213,556,000",,"210,646,000","197,144,000","185,760,000",,"180,646,000","179,382,000","177,690,000",,"173,716,000","169,656,000","165,016,000",,"147,152,000","146,400,000","145,840,000",,"144,664,000","144,273,504","144,000,000",,"143,272,727","148,705,882","149,041,096",,"149,787,234","148,059,701","148,148,148",,"154,418,605","156,800,000","158,139,535","160,832,000",,"160,000,000","160,000,000","135,081,967",,"130,731,707","130,285,714","114,000,000",,"93,793,103","96,000,000","92,903,226",,"63,255,814","73,043,478","71,111,111",,"70,400,000","71,111,111","80,000,000",,"80,000,000","80,000,000","80,000,000",,"86,168,000","86,168,000","86,168,000",,"86,168,000","86,168,000","86,168,000",,"86,168,000","86,168,000","86,168,000",,"86,278,212","86,278,212","86,278,212",
DilutedAverageShares,,"213,893,000","189,939,000","192,530,000","193,849,000","195,942,000","195,444,000","193,362,000","192,897,000","194,918,000","194,856,000","191,626,000","191,435,000","194,499,000","194,820,000","195,907,000","197,060,000","199,494,000","201,177,000","201,346,000","201,030,000","199,868,000","205,455,000","205,650,000","205,367,000","205,191,000","204,096,000","203,110,000","202,855,000","202,206,000","201,276,000","200,800,000","200,358,000","199,161,000","198,082,000","196,767,000","194,884,000","191,889,000","189,696,000","184,640,000","190,261,000",,"202,933,000","213,645,000","214,914,000",,"236,790,000","234,861,000","242,582,000",,"222,205,000","220,714,000","219,820,000",,"220,006,000","217,487,000","219,186,000",,"219,432,000","219,300,000","233,439,000",,"239,396,000","240,318,000","240,100,000",,"238,583,000","239,071,000","238,154,000",,"233,452,000","232,294,000","230,124,000",,"228,392,000","208,262,000","191,322,000",,"186,166,000","186,058,000","184,706,000",,"178,956,000","175,728,000","170,104,000",,"149,872,000","149,312,000","148,784,000",,"149,208,000","148,070,175","146,440,678",,"147,289,720","152,289,157","155,428,571",,"153,043,478","152,615,385","150,943,396",,"154,418,605","156,800,000","158,139,535","160,832,000",,"160,000,000","160,000,000","135,081,967",,"130,731,707","130,285,714","123,243,243",,"100,740,741","100,000,000","102,857,143",,"63,255,814","73,043,478","71,111,111",,"70,400,000","71,111,111","80,000,000",,"80,000,000","80,000,000","80,000,000",,"86,168,000","86,168,000","86,168,000",,"86,168,000","86,168,000","86,168,000",,"86,168,000","86,168,000","86,168,000",,"86,278,212","86,278,212","86,278,212",
TotalOperatingIncomeAsReported,"2,331,700,000","677,500,000","839,900,000","739,200,000","75,100,000","559,300,000","783,100,000","838,700,000","610,000,000","545,100,000","267,200,000","719,500,000","622,700,000","465,300,000","556,500,000","765,000,000","625,400,000","515,700,000","486,800,000","713,900,000","568,100,000","701,800,000","534,000,000","610,900,000","552,700,000","411,100,000","447,300,000","479,400,000","427,300,000","353,700,000","375,600,000","378,700,000","392,200,000","329,400,000","363,800,000","1,674,000,000","70,500,000","127,400,000","158,800,000","130,600,000","106,100,000","79,400,000","160,300,000","145,100,000","101,700,000","102,900,000","170,100,000","133,200,000","96,300,000","-44,800,000","134,600,000","138,600,000","83,100,000","-286,900,000","197,700,000","21,500,000","90,700,000","-740,400,000","198,300,000","117,200,000","68,200,000","138,900,000","235,800,000","181,300,000","143,000,000","130,742,000","221,353,000","174,197,000","139,823,000","119,629,000","181,687,000","156,159,000","110,421,000","131,039,000","161,195,000","96,156,000","98,967,000","85,323,000","128,024,000","105,646,000","85,965,000","74,734,000","108,823,000","89,001,000","69,923,000","57,462,000","85,238,000","70,704,000","57,464,000","53,751,000","77,400,000","63,800,000","45,700,000","41,800,000","41,000,000","34,100,000","31,600,000","25,400,000","37,700,000","28,400,000","25,500,000","18,500,000","23,300,000","16,900,000","23,000,000","27,200,000","22,200,000","24,500,000","22,400,000","24,000,000","-5,000,000","15,400,000","13,600,000","13,100,000","11,200,000","6,600,000","6,400,000","7,300,000","6,600,000","6,600,000","5,300,000","5,500,000","4,300,000","4,300,000","3,400,000","3,400,000","2,200,000","2,800,000","2,400,000","2,900,000",,,,,,,,,,,,,,,,,
TotalExpenses,"5,824,800,000","1,424,800,000","1,480,700,000","1,631,900,000","1,285,500,000","1,412,600,000","1,633,700,000","1,443,700,000","1,328,400,000","1,323,200,000","1,418,200,000","1,624,500,000","1,474,500,000","1,331,900,000","1,416,100,000","1,534,100,000","1,421,700,000","1,250,200,000","1,312,300,000","1,370,600,000","1,367,400,000","1,188,600,000","1,276,500,000","1,410,300,000","1,319,100,000","1,132,100,000","1,193,200,000","1,254,000,000","1,204,000,000","1,002,500,000","1,166,100,000","1,225,400,000","1,133,800,000","961,800,000","1,079,500,000","1,126,900,000","603,800,000","568,800,000","607,800,000","567,700,000","528,200,000","506,200,000","539,600,000","545,400,000","522,500,000","590,000,000","790,600,000","715,900,000","686,300,000","629,900,000","847,900,000","735,000,000","689,500,000","715,100,000","827,700,000","875,900,000","836,300,000","799,800,000","895,000,000","773,400,000","830,600,000","990,900,000","1,253,400,000","1,207,100,000","1,009,900,000","895,348,000","1,039,844,000","1,007,676,000","948,393,000","905,479,000","902,380,000","879,613,000","815,271,000","746,609,000","817,965,000","795,521,000","670,346,000","562,947,000","610,355,000","584,160,000","562,976,000","598,810,000","655,251,000","652,529,000","558,182,000","1,199,572,000","544,339,000","566,786,000","528,116,000","473,418,000","584,100,000","557,800,000","484,500,000","417,600,000","334,600,000","315,300,000","281,300,000","257,200,000","285,000,000","273,100,000","280,500,000","243,100,000","294,400,000","262,300,000","253,500,000","258,400,000","207,000,000","198,300,000","188,500,000","219,500,000","185,900,000","138,800,000","126,400,000","141,400,000","104,700,000","53,900,000","52,400,000","63,800,000","53,000,000","58,500,000","51,600,000","58,100,000","36,400,000","45,300,000","38,100,000","41,400,000","42,800,000","47,100,000","38,800,000","40,800,000",,,,,,,,,,,,,,,,,
NetIncomeFromContinuingAndDiscontinuedOperation,"-40,400,000","395,400,000","470,800,000","1,500,000","-908,100,000","382,900,000","1,280,900,000","512,100,000","-177,900,000","398,400,000","360,400,000","-525,200,000","-245,400,000","1,239,500,000","303,100,000","1,149,500,000","743,800,000","925,500,000","491,100,000","499,500,000","402,800,000","452,000,000","405,900,000","358,900,000","318,300,000","243,400,000","270,500,000","302,400,000","238,600,000","214,600,000","222,200,000","195,800,000","206,700,000","157,200,000","211,000,000","1,522,000,000","52,900,000","81,700,000","109,500,000","124,600,000","72,000,000","103,000,000","104,800,000","162,700,000","74,500,000","279,800,000","139,300,000","91,300,000","49,100,000","-51,000,000","44,100,000","99,700,000","6,500,000","-406,800,000","83,500,000","-22,700,000","44,600,000","-834,800,000","119,600,000","72,100,000","29,800,000","70,200,000","107,800,000","68,400,000","85,500,000","58,182,000","108,961,000","82,420,000","75,699,000","47,628,000","96,893,000","80,614,000","51,329,000","62,821,000","82,840,000","35,564,000","39,189,000","52,021,000","64,344,000","49,572,000","37,369,000","28,555,000","49,643,000","35,934,000","23,843,000","18,377,000","34,953,000","26,110,000","17,902,000","15,575,000","29,900,000","21,100,000","10,800,000","12,900,000","19,700,000","15,800,000","13,600,000","10,100,000","17,600,000","12,400,000","10,000,000","5,900,000","8,300,000","4,900,000","8,500,000","10,400,000","10,000,000","10,600,000","10,000,000","10,300,000","-6,300,000","6,700,000","5,700,000","5,700,000","5,700,000","3,400,000","3,000,000","3,600,000","3,500,000","3,400,000","2,100,000","2,400,000","2,200,000","2,200,000","1,600,000","1,700,000","1,100,000","1,300,000","900,000","1,200,000",,,,,,,,,,,,,,,,,
NormalizedIncome,"1,357,060,000","471,928,500","636,351,300","453,662,000","481,735,000","147,719,039.769","623,452,000","532,902,800","262,436,000","365,020,781.346","979,294,000","79,838,500","433,938,000","273,260,318.913","425,497,400","569,178,800","442,441,200","808,992,000","307,701,600","501,012,400","408,123,500","258,400,304.536","382,882,500","358,900,000","317,823,300","227,569,674.472","251,963,300","303,082,200","237,915,000","214,291,015.34","207,042,000","199,190,000","206,362,500","157,526,955.075","198,004,000","1,807,014,800","9,497,500","-89,426,310.861","109,719,146.097","124,770,102.389","74,098,939.929","130,625,000","105,301,135.684","162,407,022.809","81,414,297.659","294,360,000","143,426,871.102","99,677,829.873","52,285,000","39,303,418.803","47,480,000","101,897,245.179","18,850,000","-207,315,000","87,270,000","15,715,000","47,720,000","-298,550,000","120,543,713.835","73,403,797.468","31,360,000","78,594,214.079","115,024,032.351","84,641,935.484","55,800,000","74,335,424.072","112,530,729.731","88,962,587.795","82,545,041.582","55,674,801.097","97,945,162.172","81,362,162.227","52,361,314.369","65,167,755.977","88,016,539.959","46,497,070.813","39,915,397.776","52,021,000","64,344,000","49,572,000","37,369,000","28,555,000","49,643,000","35,934,000","23,843,000","18,377,000","34,953,000","26,110,000","17,902,000","15,581,000","29,900,000","21,100,000","14,100,000","12,900,000","19,700,000","15,800,000","13,600,000","10,100,000","17,600,000","12,400,000","10,000,000","5,900,000","8,300,000","4,900,000","8,500,000","11,361,849.711","10,245,398.773","11,151,445.087","9,938,650.307","10,361,309.524","-6,361,764.706","6,575,925.926","5,700,000","5,700,000","5,700,000","3,400,000","3,000,000","3,537,931.034","3,500,000","3,335,849.057","2,036,363.636","2,336,842.105","1,941,176.471","2,070,588.235","1,466,666.667","1,503,846.154","806,666.667","1,155,555.556","900,000","1,073,684.211",,,,,,,,,,,,,,,,,
InterestExpense,"356,400,000","85,900,000","88,000,000","95,800,000","86,700,000","89,800,000","95,700,000","100,200,000","100,000,000","99,400,000","103,100,000","111,600,000","114,600,000","118,500,000","72,800,000","88,000,000","87,800,000","86,900,000","81,400,000","81,300,000","82,400,000","77,000,000","77,600,000","94,100,000","84,600,000","83,500,000","75,600,000","77,300,000","77,500,000","80,300,000","86,000,000","85,000,000","86,400,000","88,500,000","89,600,000","90,300,000","54,800,000","60,400,000","61,400,000","54,600,000","50,700,000","47,900,000","46,300,000","42,500,000","44,300,000",,"49,100,000","50,300,000","48,500,000","67,700,000","64,000,000","66,600,000","66,800,000",,"78,400,000","80,700,000","86,600,000",,,,,,,,,,,,,,,,,,,,,,,,,,,,,,,,,,,,,,,,,,,,,,,,,,,,,,,,,,,,,,,,,,,,,,,,,,,,,,,,,,,,,,,,,,
NetInterestIncome,"-356,400,000","-85,900,000","-88,000,000","-95,800,000","-86,700,000","-89,800,000","-95,700,000","-100,200,000","-100,000,000","-99,400,000","-103,100,000","-111,600,000","-114,600,000","-118,500,000","-72,800,000","-88,000,000","-87,800,000","-86,900,000","-81,400,000","-81,300,000","-82,400,000","-77,000,000","-77,600,000","-94,100,000","-84,600,000","-83,500,000","-75,600,000","-77,300,000","-77,500,000","-80,300,000","-86,000,000","-85,000,000","-86,400,000","-88,500,000","-89,600,000","-90,300,000","-54,800,000","-60,400,000","-61,400,000","-54,600,000","-50,700,000","-47,900,000","-46,300,000","-42,500,000","-44,300,000","-47,400,000","-49,100,000","-50,300,000","-48,500,000","-67,700,000","-64,000,000","-66,600,000","-66,800,000","-70,700,000","-78,400,000","-80,700,000","-86,600,000",,,,,,,,,,,,,,,,,,,,,,,,,,,,,,,,,,,,,,,,,,,,,,,,,,,,,,,,,,,,,,,,,,,,,,,,,,,,,,,,,,,,,,,,,,
EBIT,"666,800,000","583,800,000","668,100,000","239,000,000","-824,100,000","575,100,000","1,564,300,000","757,400,000","31,800,000","588,300,000","-189,300,000","-607,600,000","-307,900,000","1,648,700,000","420,200,000","1,453,400,000","989,800,000","675,300,000","725,600,000","712,000,000","561,800,000","700,900,000","561,500,000","610,900,000","553,400,000","433,700,000","474,600,000","478,500,000","428,300,000","354,100,000","396,800,000","373,700,000","392,700,000","328,900,000","381,800,000","1,677,700,000","137,100,000","167,200,000","211,300,000","201,100,000","163,900,000","128,400,000","213,600,000","209,100,000","163,900,000","-42,700,000","241,500,000","199,600,000","150,800,000","-2,500,000","169,200,000","211,800,000","145,900,000","-128,800,000","274,000,000","91,600,000","162,800,000","84,600,000","199,800,000","119,200,000","70,600,000","151,300,000","247,400,000","210,400,000","146,000,000","152,519,000","227,243,000","184,283,000","148,142,000","132,202,000","183,331,000","157,328,000","112,034,000","134,706,000","169,283,000","113,239,000","101,283,000","90,087,000","128,024,000","105,646,000","85,965,000","74,734,000","108,823,000","89,001,000","83,928,000","-655,534,000","85,238,000","70,704,000","57,464,000","53,751,000","77,400,000","63,800,000","45,700,000","41,800,000","41,000,000","34,100,000","31,600,000","25,400,000","37,700,000","28,400,000","25,500,000","18,500,000","23,300,000","16,900,000","23,000,000","27,200,000","22,200,000","24,500,000","22,400,000","24,000,000","-5,000,000","15,400,000","13,600,000","13,100,000","11,200,000","6,600,000","6,400,000","7,300,000","6,600,000","6,600,000","5,300,000","5,500,000","4,300,000","4,300,000","3,400,000","3,400,000","2,200,000","2,800,000","2,400,000","2,900,000","-113,700,000","43,600,000","37,500,000","40,200,000","-122,000,000","42,900,000","33,400,000","41,300,000","-147,000,000","57,200,000","36,100,000","38,000,000","-97,700,000","55,000,000","29,900,000","32,800,000","-69,900,000"
EBITDA,"1,004,100,000"
ReconciledCostOfRevenue,"4,113,400,000","969,900,000","1,094,900,000","1,141,400,000","907,200,000","959,300,000","1,169,900,000","1,044,600,000","975,100,000","953,100,000","1,011,900,000","1,158,100,000","1,068,500,000","903,700,000","1,002,600,000","1,130,900,000","998,500,000","916,800,000","891,600,000","1,019,200,000","940,200,000","840,300,000","919,100,000","1,052,200,000","990,500,000","847,100,000","907,000,000","957,800,000","894,200,000","758,600,000","902,800,000","932,100,000","855,900,000","742,300,000","833,600,000","882,800,000","417,300,000","434,100,000","456,100,000","413,400,000","384,200,000","382,900,000","417,800,000","407,200,000","384,300,000","461,300,000","614,500,000","548,600,000","517,500,000","486,300,000","643,600,000","567,200,000","522,900,000","543,900,000","627,200,000","650,700,000","602,800,000","572,700,000","702,900,000","582,900,000","633,000,000","796,900,000","1,055,600,000","1,002,700,000","837,300,000","761,503,000","882,866,000","843,959,000","790,529,000","750,901,000","772,047,000","747,258,000","676,843,000","637,760,000","704,632,000","670,532,000","563,717,000","475,801,000","524,885,000","496,544,000","473,667,000","452,537,000","505,666,000","503,854,000","418,100,000","363,743,000","402,349,000","419,007,000","383,245,000","345,659,000","434,900,000","412,100,000","360,100,000","307,700,000","252,000,000","239,200,000","211,400,000","189,900,000","216,100,000","208,200,000","216,400,000","189,200,000","227,400,000","200,700,000","195,000,000","201,000,000","163,600,000","154,500,000","147,500,000","167,800,000","124,100,000","107,500,000","95,100,000","106,700,000","81,000,000","40,000,000","38,400,000","48,000,000","41,600,000","44,700,000","38,100,000","56,600,000","4,400,000","43,900,000","37,100,000","40,200,000","7,800,000","45,900,000","37,500,000","39,600,000",,,,,,,,,,,,,,,,,
ReconciledDepreciation,"337,300,000","88,700,000","86,300,000","86,300,000","76,000,000","74,600,000","76,500,000","71,700,000","71,000,000","77,600,000","79,800,000","82,500,000","86,600,000","78,500,000","85,800,000","84,600,000","84,200,000","79,400,000","73,500,000","70,800,000","70,100,000","110,200,000","63,500,000","60,200,000","60,000,000","58,300,000","51,300,000","56,700,000","54,700,000","47,400,000","51,600,000","53,500,000","49,500,000","42,000,000","42,100,000","42,200,000","29,000,000","26,900,000","31,300,000","27,700,000","29,500,000","29,700,000","28,300,000","25,400,000","26,900,000","30,900,000","34,600,000","33,700,000","34,600,000","35,500,000","37,300,000","45,900,000","37,200,000","37,800,000","34,000,000","41,000,000","44,200,000","48,400,000","40,500,000","38,300,000","38,700,000","41,100,000","36,000,000","33,500,000","28,700,000","35,808,000","34,190,000","28,878,000","29,299,000","30,062,000","24,563,000","24,834,000","24,268,000","24,609,000","24,467,000","29,157,000","23,814,000","14,520,000","14,628,000","15,138,000","15,863,000","21,000,000","20,868,000","21,476,000","22,060,000","15,405,000","19,175,000","17,844,000","18,462,000","13,950,000","16,900,000","20,400,000","13,900,000","13,000,000","8,800,000","8,600,000","8,600,000","7,400,000","8,600,000","8,600,000","8,900,000","6,000,000","8,700,000","8,700,000","8,600,000","7,300,000","3,000,000","5,000,000","6,100,000","6,600,000","3,500,000","3,900,000","3,300,000","3,100,000","1,200,000","2,100,000","2,600,000","1,500,000","1,400,000","1,600,000","1,600,000","1,500,000","1,800,000","1,400,000","1,000,000","1,200,000","1,600,000","1,200,000","1,300,000","1,200,000",,,,,,,,,,,,,,,,,
NetIncomeFromContinuingOperationNetMinorityInterest,"-40,400,000","395,400,000","470,800,000","1,500,000","-908,100,000","382,900,000","1,280,900,000","512,100,000","-177,900,000","398,400,000","360,400,000","-525,200,000","-245,400,000","1,239,500,000","303,100,000","1,149,500,000","743,800,000","925,500,000","491,100,000","499,500,000","402,800,000","452,000,000","405,900,000","358,900,000","318,300,000","243,400,000","270,500,000","302,400,000","238,600,000","214,600,000","222,200,000","195,800,000","206,700,000","157,200,000","211,000,000","1,522,000,000","52,900,000","81,700,000","109,500,000","124,600,000","72,000,000","103,000,000","104,800,000","162,700,000","74,500,000","279,800,000","139,300,000","91,300,000","49,100,000","-51,000,000","44,100,000","99,700,000","6,500,000","-406,800,000","83,500,000","-22,700,000","44,600,000","-834,800,000","119,600,000","72,100,000","29,800,000","70,200,000","107,800,000","68,400,000","85,500,000","58,182,000","108,961,000","82,420,000","75,699,000","47,628,000","96,893,000","80,614,000","51,329,000","62,821,000","82,840,000","35,564,000","39,189,000","52,021,000","64,344,000","49,572,000","37,369,000","28,555,000","49,643,000","35,934,000","23,843,000","18,377,000","34,953,000","26,110,000","17,902,000","15,575,000","29,900,000","21,100,000","10,800,000","12,900,000","19,700,000","15,800,000","13,600,000","10,100,000","17,600,000","12,400,000","10,000,000","5,900,000","8,300,000","4,900,000","8,500,000","10,400,000","10,000,000","10,600,000","10,000,000","10,300,000","-6,300,000","6,700,000","5,700,000","5,700,000","5,700,000","3,400,000","3,000,000","3,600,000","3,500,000","3,400,000","2,100,000","2,400,000","2,200,000","2,200,000","1,600,000","1,700,000","1,100,000","1,300,000","900,000","1,200,000",,,,,,,,,,,,,,,,,
TotalUnusualItemsExcludingGoodwill,"-2,329,100,000","-93,900,000","-199,700,000","-619,400,000","-1,411,000,000","292,200,000","747,100,000","-26,200,000","-603,200,000","39,900,000","-847,800,000","-841,500,000","-930,600,000","1,183,400,000","-136,300,000","688,400,000","364,400,000","159,600,000","238,800,000","-1,900,000","-6,300,000","261,500,000","27,500,000",,"700,000","22,600,000","27,300,000","-900,000","1,000,000","400,000","21,200,000","-5,000,000","500,000","-500,000","18,000,000","-297,200,000","67,500,000","223,700,000","-300,000","-200,000","-3,300,000","-42,500,000","-800,000","300,000","-11,100,000","-22,400,000","-5,700,000","-13,700,000","-4,900,000","-124,300,000","-5,200,000","-3,200,000","-19,000,000","-306,900,000","-5,800,000","-59,100,000","-4,800,000","-825,000,000","-1,500,000","-2,000,000","-2,400,000","-12,400,000","-11,600,000","-26,500,000","49,500,000","-21,775,000","-5,890,000","-10,086,000","-8,319,000","-12,573,000","-1,644,000","-1,169,000","-1,613,000","-3,667,000","-8,088,000","-17,083,000","-1,135,000",,,,,,,,,,,,,"-10,000",,,"-5,500,000",,,,,,,,,,,,,"-1,600,000","-400,000","-900,000","100,000","-100,000","100,000","200,000",,,"0",,,"100,000","0","100,000","100,000","100,000","400,000","200,000","200,000","300,000","400,000","200,000",,"200,000",,,,,,,,,,,,,,,,,
TotalUnusualItems,"-2,329,100,000","-93,900,000","-199,700,000","-619,400,000","-1,411,000,000","292,200,000","747,100,000","-26,200,000","-603,200,000","39,900,000","-847,800,000","-841,500,000","-930,600,000","1,183,400,000","-136,300,000","688,400,000","364,400,000","159,600,000","238,800,000","-1,900,000","-6,300,000","261,500,000","27,500,000",,"700,000","22,600,000","27,300,000","-900,000","1,000,000","400,000","21,200,000","-5,000,000","500,000","-500,000","18,000,000","-297,200,000","67,500,000","223,700,000","-300,000","-200,000","-3,300,000","-42,500,000","-800,000","300,000","-11,100,000","-22,400,000","-5,700,000","-13,700,000","-4,900,000","-124,300,000","-5,200,000","-3,200,000","-19,000,000","-306,900,000","-5,800,000","-59,100,000","-4,800,000","-825,000,000","-1,500,000","-2,000,000","-2,400,000","-12,400,000","-11,600,000","-26,500,000","49,500,000","-21,775,000","-5,890,000","-10,086,000","-8,319,000","-12,573,000","-1,644,000","-1,169,000","-1,613,000","-3,667,000","-8,088,000","-17,083,000","-1,135,000",,,,,,,,,,,,,"-10,000",,,"-5,500,000",,,,,,,,,,,,,"-1,600,000","-400,000","-900,000","100,000","-100,000","100,000","200,000",,,"0",,,"100,000","0","100,000","100,000","100,000","400,000","200,000","200,000","300,000","400,000","200,000",,"200,000",,,,,,,,,,,,,,,,,
NormalizedEBITDA,"3,333,200,000","766,400,000","954,100,000","944,700,000","662,900,000","357,500,000","893,700,000","855,300,000","706,000,000","626,000,000","738,300,000","316,400,000","709,300,000","543,800,000","642,300,000","849,600,000","709,600,000","595,100,000","560,300,000","784,700,000","638,200,000","549,600,000","597,500,000","671,100,000","612,700,000","469,400,000","498,600,000","536,100,000","482,000,000","401,100,000","427,200,000","432,200,000","441,700,000","371,400,000","405,900,000","2,017,100,000","98,600,000","-29,600,000","242,900,000","229,000,000","196,700,000","200,600,000","242,700,000","234,200,000","201,900,000","10,600,000","281,800,000","247,000,000","190,300,000","157,300,000","211,700,000","260,900,000","202,100,000","215,900,000","313,800,000","191,700,000","211,800,000","958,000,000","241,800,000","159,500,000","111,700,000","204,800,000","295,000,000","270,400,000","125,200,000","210,102,000","267,323,000","223,247,000","185,760,000","174,837,000","209,538,000","183,331,000","137,915,000","162,982,000","201,838,000","159,479,000","126,232,000","104,607,000","142,652,000","120,784,000","101,828,000","95,734,000","129,691,000","110,477,000","105,988,000","-640,129,000","104,413,000","88,548,000","75,926,000","67,711,000","94,300,000","84,200,000","65,100,000","54,800,000","49,800,000","42,700,000","40,200,000","32,800,000","46,300,000","37,000,000","34,400,000","24,500,000","32,000,000","25,600,000","31,600,000","36,100,000","25,600,000","30,400,000","28,400,000","30,700,000","-1,600,000","19,200,000","16,900,000","16,200,000","12,400,000","8,700,000","9,000,000","8,700,000","8,000,000","8,100,000","6,800,000","6,900,000","5,700,000","5,500,000","4,200,000","4,300,000","3,400,000","3,800,000","3,700,000","3,900,000","-113,700,000","43,600,000","37,500,000","40,200,000","-122,000,000","42,900,000","33,400,000","41,300,000","-147,000,000","57,200,000","36,100,000","38,000,000","-97,700,000","55,000,000","29,900,000","32,800,000","-69,900,000"
TaxRateForCalcs,"0.4","0.185","0.171","0.27","0.015","0.195","0.12","0.206","0.27","0.163","0.27","0.281","0.27","0.184","0.102","0.157","0.173","0.27","0.232","0.204","0.155","0.26","0.163","0.317","0.319","0.3","0.321","0.242","0.315","0.228","0.285","0.322","0.325","0.346","0.278","0.041","0.357","0.235","0.27","0.149","0.364","0.35","0.374","0.023","0.377","0.35","0.276","0.388","0.35","0.274","0.35","0.313","0.35","0.35","0.35","0.35","0.35","0.35","0.371","0.348","0.35","0.323","0.377","0.387","0.4","0.258","0.394","0.351","0.177","0.36","0.36","0.36","0.36","0.36","0.36","0.36","0.36","0.393","0.393","0.393","0.393","0.4","0.4","0.4","0.4","0.4","0.4","0.4","0.4","0.4","0.4","0.4","0.4","0.394","0.4","0.4","0.4","0.4","0.4","0.4","0.4","0.4","0.4","0.4","0.4","0.399","0.387","0.387","0.387","0.387","0.382","0.38","0.374","0.38","0.394","0.37","0.375","0.379","0.364","0.358","0.364","0.368","0.353","0.353","0.333","0.346","0.267","0.278","0.25","0.368",,,,,,,,,,,,,,,,,
TaxEffectOfUnusualItems,"-931,640,000","-17,371,500","-34,148,700","-167,238,000","-21,165,000","57,019,039.769","89,652,000","-5,397,200","-162,864,000","6,520,781.346","-228,906,000","-236,461,500","-251,262,000","217,160,318.913","-13,902,600","108,078,800","63,041,200","43,092,000","55,401,600","-387,600","-976,500","67,900,304.536","4,482,500","0","223,300","6,769,674.472","8,763,300","-217,800","315,000","91,015.34","6,042,000","-1,610,000","162,500","-173,044.925","5,004,000","-12,185,200","24,097,500","52,573,689.139","-80,853.903","-29,897.611","-1,201,060.071","-14,875,000","-298,864.316","7,022.809","-4,185,702.341","-7,840,000","-1,573,128.898","-5,322,170.127","-1,715,000","-33,996,581.197","-1,820,000","-1,002,754.821","-6,650,000","-107,415,000","-2,030,000","-20,685,000","-1,680,000","-288,750,000","-556,286.165","-696,202.532","-840,000","-4,005,785.921","-4,375,967.649","-10,258,064.516","19,800,000","-5,621,575.928","-2,320,270.269","-3,543,412.205","-1,472,958.418","-4,526,198.903","-591,837.828","-420,837.773","-580,685.631","-1,320,244.023","-2,911,460.041","-6,149,929.187","-408,602.224","0","0","0","0","0","0","0","0","0","0","0","0","-4,000","0","0","-2,200,000","0","0","0","0","0","0","0","0","0","0","0","0","-638,150.289","-154,601.227","-348,554.913","38,650.307","-38,690.476","38,235.294","75,925.926","0","0","0","0","0","37,931.034","0","35,849.057","36,363.636","36,842.105","141,176.471","70,588.235","66,666.667","103,846.154","106,666.667","55,555.556","0","73,684.211",,,,,,,,,,,,,,,,,