name,ttm,12/31/2021,09/30/2021,06/30/2021,03/31/2021,12/31/2020,09/30/2020,06/30/2020,03/31/2020,12/31/2019,09/30/2019,06/30/2019,03/31/2019,12/31/2018,09/30/2018,06/30/2018,03/31/2018,12/31/2017,09/30/2017,06/30/2017,03/31/2017,12/31/2016,09/30/2016,06/30/2016,03/31/2016,12/31/2015,09/30/2015,06/30/2015,03/31/2015,12/31/2014,09/30/2014,06/30/2014,03/31/2014,12/31/2013,09/30/2013,06/30/2013,03/31/2013,12/31/2012,09/30/2012,06/30/2012,03/31/2012,12/31/2011,09/30/2011,06/30/2011,03/31/2011,12/31/2010,09/30/2010,06/30/2010,03/31/2010,12/31/2009,09/30/2009,06/30/2009,03/31/2009,12/31/2008,09/30/2008,06/30/2008,03/31/2008,12/31/2007,09/30/2007,06/30/2007,03/31/2007,12/31/2006,09/30/2006,06/30/2006,03/31/2006,12/31/2005,09/30/2005,06/30/2005,03/31/2005,12/31/2004,09/30/2004,06/30/2004,03/31/2004,12/31/2003,09/30/2003,06/30/2003,03/31/2003,12/31/2002,09/30/2002,06/30/2002,03/31/2002,12/31/2001,09/30/2001,06/30/2001,03/31/2001,12/31/2000,09/30/2000,06/30/2000,03/31/2000,12/31/1999,09/30/1999,06/30/1999,03/31/1999,12/31/1998,09/30/1998,06/30/1998,03/31/1998,12/31/1997,09/30/1997,06/30/1997,03/31/1997,12/31/1996,09/30/1996,06/30/1996,03/31/1996,12/31/1995,09/30/1995,06/30/1995,03/31/1995,12/31/1994,09/30/1994,06/30/1994,03/31/1994,12/31/1993,09/30/1993,06/30/1993,03/31/1993,12/31/1992,09/30/1992,06/30/1992,03/31/1992,12/31/1991,09/30/1991,06/30/1991,03/31/1991,12/31/1990,09/30/1990,06/30/1990,03/31/1990,12/31/1989,09/30/1989,06/30/1989,03/31/1989,12/31/1988,09/30/1988,06/30/1988,03/31/1988,12/31/1987,09/30/1987,06/30/1987,03/31/1987,12/31/1986,09/30/1986,06/30/1986,03/31/1986,12/31/1985,09/30/1985
TotalRevenue,"15,617,200,000","2,856,000,000","4,263,200,000","4,300,900,000","4,197,100,000","4,407,600,000","3,850,200,000","3,147,400,000","3,129,400,000","3,714,200,000","3,633,100,000","3,761,300,000","3,333,600,000","3,634,700,000","3,494,800,000","3,643,600,000","3,209,300,000","3,413,500,000","3,298,600,000","3,229,500,000","2,805,600,000","2,920,400,000","2,882,000,000","2,932,400,000","2,672,100,000","2,845,400,000","2,829,500,000","2,866,900,000","2,630,000,000","2,911,400,000","2,902,200,000","2,885,500,000","2,640,800,000","2,906,000,000","2,759,300,000","2,869,300,000","2,487,200,000","1,936,700,000","2,786,700,000","2,814,200,000","2,652,900,000","2,736,100,000","2,636,400,000","2,623,200,000","2,380,700,000","2,412,900,000","2,369,100,000","2,365,600,000","1,262,000,000","969,400,000","935,500,000","919,200,000","913,000,000","1,078,600,000","1,119,700,000","1,154,200,000","1,096,900,000","1,167,400,000","1,131,300,000","1,123,000,000","1,062,100,000","1,019,300,000","1,012,700,000","1,017,900,000","968,700,000","810,200,000","844,800,000","824,000,000","806,300,000","678,900,000","791,200,000","794,700,000","778,600,000","596,500,000","715,700,000","699,700,000","666,200,000","661,700,000","665,500,000","649,100,000","616,700,000","645,600,000","676,100,000","676,500,000","626,200,000","666,300,000","684,400,000","702,800,000","695,400,000","690,600,000","692,000,000","685,500,000","683,700,000","675,800,000","689,600,000","691,800,000","671,900,000","698,800,000","650,500,000","673,600,000","646,600,000","685,400,000","672,900,000","677,200,000","635,300,000","669,800,000","655,700,000","655,500,000","643,300,000","663,800,000","632,600,000","628,800,000","585,700,000","578,200,000","576,300,000","565,200,000","553,400,000","598,800,000","555,900,000","560,900,000","502,100,000","512,500,000","506,100,000","490,000,000","453,600,000","501,400,000","492,300,000","498,900,000","484,100,000","511,700,000","487,700,000","491,500,000","480,600,000","486,200,000","470,000,000","486,500,000","466,300,000","458,500,000","454,400,000","433,400,000","416,800,000","256,200,000","388,300,000","402,600,000","324,200,000","322,400,000","297,100,000"
	OperatingRevenue,"15,617,200,000","2,856,000,000","4,263,200,000","4,300,900,000","4,197,100,000","4,407,600,000","3,850,200,000","3,147,400,000","3,129,400,000","3,714,200,000","3,633,100,000","3,761,300,000","3,333,600,000","3,634,700,000","3,494,800,000","3,643,600,000","3,209,300,000","3,413,500,000","3,298,600,000","3,229,500,000","2,805,600,000","2,920,400,000","2,882,000,000","2,932,400,000","2,672,100,000","2,845,400,000","2,829,500,000","2,866,900,000","2,630,000,000","2,911,400,000","2,902,200,000","2,885,500,000","2,640,800,000","2,906,000,000","2,759,300,000","2,869,300,000","2,487,200,000","1,936,700,000","2,786,700,000","2,814,200,000","2,652,900,000","2,736,100,000","2,636,400,000","2,623,200,000","2,380,700,000","2,412,900,000","2,369,100,000","2,365,600,000","1,262,000,000","969,400,000","935,500,000","919,200,000","913,000,000","1,078,600,000","1,119,700,000","1,154,200,000","1,096,900,000","1,167,400,000","1,131,300,000","1,123,000,000","1,062,100,000","1,019,300,000","1,012,700,000","1,017,900,000","968,700,000","810,200,000","844,800,000","824,000,000","806,300,000","678,900,000","791,200,000","794,700,000","778,600,000","596,500,000","715,700,000","699,700,000","666,200,000","661,700,000","665,500,000","649,100,000","616,700,000","645,600,000","676,100,000","676,500,000","626,200,000","666,300,000","684,400,000","702,800,000","695,400,000","690,600,000","692,000,000","685,500,000","683,700,000","675,800,000","689,600,000","691,800,000","671,900,000","698,800,000","650,500,000","673,600,000","646,600,000","685,400,000","672,900,000","677,200,000","635,300,000","669,800,000","655,700,000","655,500,000","643,300,000","663,800,000","632,600,000","628,800,000","585,700,000","578,200,000","576,300,000","565,200,000","553,400,000","598,800,000","555,900,000","560,900,000","502,100,000","512,500,000","506,100,000","490,000,000","453,600,000","501,400,000","492,300,000","498,900,000","484,100,000","511,700,000","487,700,000","491,500,000","480,600,000","486,200,000","470,000,000","486,500,000","466,300,000","458,500,000","454,400,000","433,400,000","416,800,000","256,200,000","388,300,000","402,600,000","324,200,000","322,400,000","297,100,000"
CostOfRevenue,"10,423,000,000","2,161,200,000","2,871,700,000","2,757,300,000","2,632,800,000","2,851,800,000","2,473,900,000","2,134,700,000","2,106,300,000","2,553,600,000","2,393,600,000","2,461,500,000","2,228,000,000","2,474,800,000","2,256,400,000","2,356,500,000","2,043,600,000","2,165,100,000","2,046,500,000","2,017,300,000","1,740,300,000","1,843,800,000","1,797,900,000","1,803,500,000","1,694,500,000","1,831,200,000","1,802,500,000","1,809,700,000","1,656,400,000","1,872,300,000","1,852,100,000","1,832,200,000","1,680,500,000","1,875,300,000","1,771,600,000","1,861,800,000","1,576,300,000","1,250,000,000","1,777,200,000","1,791,800,000","1,666,900,000","1,766,900,000","1,662,000,000","1,655,800,000","1,498,200,000","1,543,300,000","1,514,800,000","1,596,600,000","806,100,000","575,200,000","549,100,000","552,600,000","551,900,000","686,500,000","688,300,000","712,300,000","681,900,000","733,700,000","700,200,000","690,900,000","666,800,000","647,200,000","634,900,000","641,200,000","636,800,000","525,100,000","539,700,000","521,800,000","517,400,000","416,400,000","503,700,000","511,800,000","499,200,000","392,600,000","476,300,000","468,700,000","447,700,000","474,300,000","455,600,000","426,100,000","401,200,000","428,700,000","436,800,000","437,300,000","398,500,000","427,000,000","439,400,000","447,100,000","438,000,000","441,100,000","426,000,000","433,900,000","427,300,000","434,100,000","433,200,000","430,600,000","415,200,000","452,800,000","418,100,000","427,200,000","412,900,000","448,900,000","428,400,000","434,300,000","409,200,000","443,000,000","427,000,000","422,800,000","415,700,000","426,000,000","406,000,000","397,000,000","373,200,000","376,400,000","377,500,000","365,800,000","352,600,000","389,000,000","345,500,000","353,400,000","315,500,000","320,400,000","313,800,000","302,300,000","282,400,000","314,100,000","303,000,000","302,200,000","298,700,000","311,200,000","307,300,000","302,900,000",,,,,,,,,,,,,,,
GrossProfit,"5,194,200,000","694,800,000","1,391,500,000","1,543,600,000","1,564,300,000","1,555,800,000","1,376,300,000","1,012,700,000","1,023,100,000","1,160,600,000","1,239,500,000","1,299,800,000","1,105,600,000","1,159,900,000","1,238,400,000","1,287,100,000","1,165,700,000","1,248,400,000","1,252,100,000","1,212,200,000","1,065,300,000","1,076,600,000","1,084,100,000","1,128,900,000","977,600,000","1,014,200,000","1,027,000,000","1,057,200,000","973,600,000","1,039,100,000","1,050,100,000","1,053,300,000","960,300,000","1,030,700,000","987,700,000","1,007,500,000","910,900,000","686,700,000","1,009,500,000","1,022,400,000","986,000,000","969,200,000","974,400,000","967,400,000","882,500,000","869,600,000","854,300,000","769,000,000","455,900,000","394,200,000","386,400,000","366,600,000","361,100,000","392,100,000","431,400,000","441,900,000","415,000,000","433,700,000","431,100,000","432,100,000","395,300,000","372,100,000","377,800,000","376,700,000","331,900,000","285,100,000","305,100,000","302,200,000","288,900,000","262,500,000","287,500,000","282,900,000","279,400,000","203,900,000","239,400,000","231,000,000","218,500,000","187,400,000","209,900,000","223,000,000","215,500,000","216,900,000","239,300,000","239,200,000","227,700,000","239,300,000","245,000,000","255,700,000","257,400,000","249,500,000","266,000,000","251,600,000","256,400,000","241,700,000","256,400,000","261,200,000","256,700,000","246,000,000","232,400,000","246,400,000","233,700,000","236,500,000","244,500,000","242,900,000","226,100,000","226,800,000","228,700,000","232,700,000","227,600,000","237,800,000","226,600,000","231,800,000","212,500,000","201,800,000","198,800,000","199,400,000","200,800,000","209,800,000","210,400,000","207,500,000","186,600,000","192,100,000","192,300,000","187,700,000","171,200,000","187,300,000","189,300,000","196,700,000","185,400,000","200,500,000","180,400,000","188,600,000",,,,,,,,,,,,,,,
OperatingExpense,"3,430,500,000","624,900,000","938,300,000","901,600,000","852,900,000","896,900,000","813,200,000","818,900,000","748,500,000","790,200,000","811,100,000","844,500,000","844,300,000","831,700,000","858,300,000","925,100,000","843,600,000","851,000,000","828,900,000","799,000,000","790,900,000","730,100,000","702,200,000","714,500,000","674,000,000","664,400,000","662,300,000","695,000,000","686,700,000","692,800,000","712,000,000","721,600,000","709,300,000","781,700,000","736,200,000","754,000,000","740,900,000","267,000,000","732,700,000","761,000,000","759,700,000","742,400,000","734,500,000","694,300,000","658,200,000","636,900,000","634,900,000","649,300,000","447,400,000","364,300,000","251,400,000","255,300,000","252,700,000","378,500,000","275,000,000","283,200,000","279,500,000","274,700,000","256,500,000","268,200,000","259,000,000","239,900,000","231,900,000","244,600,000","238,800,000","182,700,000","179,800,000","189,100,000","185,200,000","165,800,000","178,500,000","177,500,000","172,500,000","143,700,000","148,000,000","173,800,000","172,300,000","143,800,000","133,400,000","134,900,000","135,100,000","137,100,000","152,100,000","151,000,000","153,500,000","154,400,000","162,200,000","168,100,000","171,900,000","200,200,000","187,800,000","203,400,000","197,200,000","196,400,000","192,700,000","184,400,000","190,900,000","189,000,000","166,700,000","172,700,000","171,700,000","170,600,000","171,700,000","171,800,000","169,100,000","165,300,000","169,000,000","169,400,000","169,200,000","167,000,000","159,200,000","161,000,000","155,000,000","149,200,000","145,400,000","146,200,000","152,200,000","153,900,000","157,200,000","149,000,000","146,200,000","133,200,000","136,700,000","133,700,000","133,700,000","135,300,000","133,700,000","132,800,000","135,500,000","128,600,000","118,000,000","130,300,000",,,,,,,,,,,,,,,
	SellingGeneralAndAdministration,"3,236,500,000","591,400,000","895,200,000","902,500,000","847,400,000","866,400,000","731,300,000","713,000,000","737,800,000","718,400,000","752,800,000","776,200,000","760,600,000","770,200,000","792,900,000","801,800,000","778,800,000","796,900,000","758,400,000","733,900,000","676,500,000","678,100,000","643,800,000","659,700,000","620,400,000","615,500,000","598,400,000","631,500,000","613,700,000","629,600,000","645,800,000","655,700,000","643,900,000","699,000,000","665,000,000","679,000,000","668,100,000","514,700,000","651,100,000","666,700,000","676,600,000","663,900,000","640,800,000","628,500,000","602,900,000","617,700,000","579,300,000","581,100,000","378,500,000","265,000,000","248,600,000","253,200,000","247,600,000","256,700,000","275,000,000","283,200,000","279,500,000","274,700,000","256,500,000","268,200,000","259,000,000","239,900,000","231,900,000","244,600,000","238,800,000","182,700,000","179,800,000","189,100,000","185,200,000","165,800,000","178,500,000","177,500,000","172,500,000","143,700,000","148,000,000","173,800,000","172,300,000","143,800,000","133,400,000","134,900,000","135,100,000","137,100,000","152,100,000","151,000,000","153,500,000","154,400,000","162,200,000","168,100,000","171,900,000","180,800,000","166,900,000","182,200,000","173,100,000","174,800,000","172,700,000","166,100,000","171,100,000","172,500,000","148,200,000","153,800,000","153,200,000","154,700,000","151,700,000","153,100,000","149,000,000","147,800,000","148,000,000","148,600,000","147,300,000","147,700,000","139,500,000","139,400,000","133,800,000","127,600,000","126,100,000","128,500,000","130,100,000","138,100,000","132,700,000","130,000,000","127,000,000","118,700,000","114,200,000","114,800,000","114,700,000","118,300,000","114,600,000","113,800,000","116,300,000","112,700,000","108,700,000","112,600,000",,,,,,,,,,,,,,,
	DepreciationAmortizationDepletionIncomeStatement,,,,,,,,,,,,,,,,,,,,,,,,,,,,,,,,,,,,,,,,,,,,,,,,,,,,,,,,,,,,,,,,,,,,,,,,,,,,,,,,,,,,,,,,,,"19,400,000","20,900,000","21,200,000","24,100,000","21,600,000","20,000,000","18,300,000","19,800,000","16,500,000","18,500,000","18,900,000","18,500,000","15,900,000","20,000,000","18,700,000","20,100,000","17,500,000","21,000,000","20,800,000","21,900,000","19,300,000","19,700,000","21,600,000","21,200,000","21,600,000","19,300,000","17,700,000","22,100,000","15,800,000","24,500,000","19,000,000","19,200,000","14,500,000","22,500,000","18,900,000","19,000,000","17,000,000","19,100,000","19,000,000","19,200,000","15,900,000","9,300,000","17,700,000",,,,,,,,,,,,,,,
		DepreciationAndAmortizationInIncomeStatement,,,,,,,,,,,,,,,,,,,,,,,,,,,,,,,,,,,,,,,,,,,,,,,,,,,,,,,,,,,,,,,,,,,,,,,,,,,,,,,,,,,,,,,,,,"19,400,000","20,900,000","21,200,000","24,100,000","21,600,000","20,000,000","18,300,000","19,800,000","16,500,000","18,500,000","18,900,000","18,500,000","15,900,000","20,000,000","18,700,000","20,100,000","17,500,000","21,000,000","20,800,000","21,900,000","19,300,000","19,700,000","21,600,000","21,200,000","21,600,000","19,300,000","17,700,000","22,100,000","15,800,000","24,500,000","19,000,000","19,200,000","14,500,000","22,500,000","18,900,000","19,000,000","17,000,000","19,100,000","19,000,000","19,200,000","15,900,000","9,300,000","17,700,000",,,,,,,,,,,,,,,
	ProvisionForDoubtfulAccounts,"3,900,000","-4,300,000","3,600,000","-900,000","5,500,000","3,800,000","7,600,000","19,000,000","10,700,000","5,300,000","3,300,000","6,100,000","18,300,000","11,200,000","6,000,000","4,000,000","6,800,000","-3,600,000","5,000,000","4,800,000","8,200,000","5,700,000","1,600,000","7,200,000","7,400,000","-4,900,000","9,900,000","13,000,000","9,300,000","5,500,000","4,400,000","7,200,000","3,800,000","4,100,000","4,600,000","3,300,000","1,800,000","1,000,000","4,600,000","3,300,000","2,400,000","3,200,000","3,800,000","6,000,000","2,800,000","1,900,000","3,300,000","3,100,000","4,000,000","4,000,000","2,800,000","2,100,000","5,100,000",,,,,,,,,,,,,,,,,,,,,,,,,,,,,,,,,,,,,,,,,,,,,,,,,,,,,,,,,,,,,,,,,,,,,,,,,,,,,,,,,,,,,,,,,,,,,,
	OtherOperatingExpenses,"190,100,000","37,800,000","39,500,000","53,800,000",,"26,700,000","74,300,000","86,900,000","74,900,000","66,500,000","55,000,000","62,200,000","65,400,000","50,300,000","59,400,000","119,300,000","58,000,000","57,700,000","65,500,000","60,300,000","106,200,000","46,300,000","56,800,000","47,600,000","46,200,000","53,800,000","54,000,000","50,500,000","63,700,000","57,700,000","61,800,000","58,700,000","61,600,000","78,600,000","66,600,000","71,700,000","71,000,000","83,900,000","77,000,000","91,000,000","80,700,000","75,300,000","89,900,000","59,800,000","52,500,000","17,300,000","52,300,000","65,100,000","64,900,000",,"33,600,000",,,,,,,,,,,,,,,,,,,,,,,,,,,,,,,,,,,,,,,,,,,,,,,,,,,,,,,,,,,,,,,,,,,,,,,,,,,,,,,,,,,,,,,,,,,,,,,,
OperatingIncome,"1,763,700,000","69,900,000","453,200,000","642,000,000","711,400,000","658,900,000","563,100,000","193,800,000","274,600,000","370,400,000","428,400,000","455,300,000","261,300,000","328,200,000","380,100,000","362,000,000","322,100,000","397,400,000","423,200,000","413,200,000","274,400,000","346,500,000","381,900,000","414,400,000","303,600,000","349,800,000","364,700,000","362,200,000","286,900,000","346,300,000","338,100,000","331,700,000","251,000,000","249,000,000","251,500,000","253,500,000","170,000,000","419,700,000","276,800,000","261,400,000","226,300,000","226,800,000","239,900,000","273,100,000","224,300,000","232,700,000","219,400,000","119,700,000","8,500,000","29,900,000","135,000,000","111,300,000","108,400,000","13,600,000","156,400,000","158,700,000","135,500,000","159,000,000","174,600,000","163,900,000","136,300,000","132,200,000","145,900,000","132,100,000","93,100,000","102,400,000","125,300,000","113,100,000","103,700,000","96,700,000","109,000,000","105,400,000","106,900,000","60,200,000","91,400,000","57,200,000","46,200,000","43,600,000","76,500,000","88,100,000","80,400,000","79,800,000","87,200,000","88,200,000","74,200,000","84,900,000","82,800,000","87,600,000","85,500,000","49,300,000","78,200,000","48,200,000","59,200,000","45,300,000","63,700,000","76,800,000","65,800,000","57,000,000","65,700,000","73,700,000","62,000,000","65,900,000","72,800,000","71,100,000","57,000,000","61,500,000","59,700,000","63,300,000","58,400,000","70,800,000","67,400,000","70,800,000","57,500,000","52,600,000","53,400,000","53,200,000","48,600,000","55,900,000","53,200,000","58,500,000","40,400,000","58,900,000","55,600,000","54,000,000","37,500,000","52,000,000","55,600,000","63,900,000","49,900,000","71,900,000","62,400,000","58,300,000","480,600,000","-1,203,800,000","470,000,000","486,500,000","466,300,000","-1,093,300,000","454,400,000","433,400,000","416,800,000","-953,200,000","388,300,000","402,600,000","324,200,000","-734,700,000","297,100,000"
NetNonOperatingInterestIncomeExpense,"-175,600,000","-43,700,000","-43,500,000","-43,800,000","-44,600,000","-50,000,000","-50,700,000","-54,800,000","-49,600,000","-52,600,000","-59,700,000","-60,300,000","-57,800,000","-55,000,000","-53,400,000","-53,400,000","-47,400,000","-46,600,000","-46,900,000","-46,300,000","-42,700,000","-42,500,000","-45,100,000","-42,200,000","-41,500,000","-39,700,000","-41,600,000","-43,200,000","-40,700,000","-42,000,000","-40,400,000","-40,300,000","-40,900,000","-38,500,000","-36,100,000","-36,400,000","-36,700,000","-36,500,000","-34,100,000","-32,300,000","-31,200,000","-30,100,000","-26,900,000","-26,800,000","-29,500,000","-31,200,000","-26,700,000","-24,600,000","-18,100,000","-14,000,000","-15,000,000","-15,300,000","-16,300,000",,,,,,,,,,,,,,,,,,,,,,,,,,,,,,,,,,,,,,,,,,,,,,,,,,,,,,,,,,,,,,,,,,,,,,,,,,,,,,,,,,,,,,,,,,,,,,
	InterestIncomeNonOperating,"9,800,000","1,900,000","2,300,000","2,700,000","2,900,000","3,400,000","2,000,000","2,500,000","10,100,000","12,500,000","12,700,000","12,100,000","16,600,000","18,600,000","18,700,000","15,600,000","15,800,000","11,500,000","10,300,000","9,700,000","8,600,000","6,800,000","5,100,000","5,500,000","5,800,000","4,900,000","3,600,000","3,000,000","3,700,000","4,100,000","3,100,000","3,000,000","3,400,000","3,300,000","3,000,000","3,300,000","3,200,000","2,600,000","2,600,000","2,300,000","2,700,000","6,600,000","8,000,000","7,300,000","5,100,000","3,500,000","2,500,000","2,200,000","1,200,000","1,000,000","500,000","900,000","700,000",,,,,,,,,,,,,,,,,,,,,,,,,,,,,,,,,,,,,,,,,,,,,,,,,,,,,,,,,,,,,,,,,,,,,,,,,,,,,,,,,,,,,,,,,,,,,,
	InterestExpenseNonOperating,"185,400,000","45,600,000","45,800,000","46,500,000","47,500,000","53,400,000","52,700,000","57,300,000","59,700,000","65,100,000","72,400,000","72,400,000","74,400,000","73,600,000","72,100,000","69,000,000","63,200,000","58,100,000","57,200,000","56,000,000","51,300,000","49,300,000","50,200,000","47,700,000","47,300,000","44,600,000","45,200,000","46,200,000","44,400,000","46,100,000","43,500,000","43,300,000","44,300,000","41,800,000","39,100,000","39,700,000","39,900,000","39,100,000","36,700,000","34,600,000","33,900,000","36,700,000","34,900,000","34,100,000","34,600,000","34,700,000","29,200,000","26,800,000","19,300,000","15,000,000","15,500,000","16,200,000","17,000,000",,,,,,,,,,,,,,,,,,,,,,,,,,,,,,,,,,,,,,,,,,,,,,,,,,,,,,,,,,,,,,,,,,,,,,,,,,,,,,,,,,,,,,,,,,,,,,
	TotalOtherFinanceCost,,,"43,500,000","43,800,000",,"50,000,000","50,700,000","54,800,000","49,600,000","52,600,000","59,700,000",,"57,800,000","55,000,000","53,400,000",,"47,400,000","46,600,000","46,900,000","46,300,000",,"42,500,000","45,100,000","42,200,000","41,500,000","39,700,000","41,600,000","43,200,000","40,700,000","42,200,000","40,400,000","40,300,000","40,900,000","38,500,000","36,100,000","36,400,000","36,700,000","36,100,000",,,"-31,200,000",,"26,900,000","26,800,000","29,500,000",,"-26,700,000","-24,600,000",,,,,,,,,,,,,,,,,,,,,,,,,,,,,,,,,,,,,,,,,,,,,,,,,,,,,,,,,,,,,,,,,,,,,,,,,,,,,,,,,,,,,,,,,,,,,,,,,,,
OtherIncomeExpense,"52,900,000","78,600,000","-5,800,000","-70,400,000","-62,300,000","-68,800,000","-42,800,000","-27,900,000","-78,800,000","-81,000,000","-74,000,000","8,700,000","-8,700,000","-102,200,000","-21,800,000","-14,200,000","-22,900,000","-9,000,000","-22,300,000","-9,200,000","240,900,000","-21,700,000","-9,100,000","-10,200,000","-8,000,000","-3,700,000","-14,000,000","-5,000,000","-24,900,000","-24,300,000","200,000","1,700,000","3,700,000","-156,100,000","-28,500,000","30,700,000","-42,900,000","-408,400,000","-53,400,000","-23,300,000","-37,400,000","-12,300,000","-24,300,000","-21,100,000","-13,300,000","-34,600,000","-24,800,000","-85,800,000","-97,400,000","36,200,000","-40,200,000","2,700,000","-39,400,000","9,600,000","-33,500,000","-38,100,000","-24,000,000","-22,100,000","-28,800,000","-27,700,000","-23,900,000","-15,700,000","-16,300,000","-12,700,000","-26,600,000","-14,900,000","-14,500,000","-13,600,000","-9,500,000","-19,500,000","-10,600,000","-10,300,000","-14,100,000","-25,100,000","-25,300,000","-32,600,000","-10,700,000","-11,000,000","500,000","21,000,000","-2,100,000","-61,000,000","-3,900,000","-5,000,000","2,800,000","-8,500,000","-1,800,000","-3,700,000","-6,000,000","45,900,000","6,200,000","-2,400,000","-4,600,000","-3,500,000","-2,700,000","-4,100,000","-2,800,000","-2,700,000","-213,800,000","-288,000,000","5,600,000","-90,700,000","-11,700,000","-12,000,000","-3,500,000","-89,600,000","-86,700,000","-4,400,000","-4,600,000","-8,800,000","-9,100,000","-9,000,000","-8,800,000","-23,200,000","-3,600,000","-4,000,000","-3,800,000","-5,300,000","-5,100,000","-6,900,000","-6,800,000","-9,400,000","-2,900,000","-5,000,000","-6,800,000","-5,400,000","-6,400,000","-6,400,000","-5,800,000","-10,500,000","-9,500,000","-900,000",,,,,,,,,,,,,,,
	EarningsFromEquityInterest,"68,000,000"
	SpecialIncomeCharges,"-15,100,000","10,600,000","-5,800,000","-17,200,000","-4,800,000","-68,800,000","-42,800,000","-27,900,000","-22,800,000","-81,000,000","-74,000,000","8,700,000","-8,700,000","-102,200,000","-21,800,000","-14,200,000","-22,900,000","-9,000,000","-22,300,000","-9,200,000","240,900,000","-21,700,000","-9,100,000","-10,200,000","-8,000,000","-3,700,000","-14,000,000","-5,000,000","-24,900,000","-24,300,000","200,000","1,700,000","3,700,000","-156,100,000","-28,500,000","30,700,000","-42,900,000","-408,400,000","-53,400,000","-23,300,000","-37,400,000","-12,300,000","-24,300,000","-21,100,000","-13,300,000","-34,600,000","-24,800,000","-85,800,000","-97,400,000","36,200,000","-40,200,000","2,700,000","-39,400,000","9,600,000","-33,500,000","-38,100,000","-24,000,000","-22,100,000","-28,800,000","-27,700,000","-23,900,000","-15,700,000","-16,300,000","-12,700,000","-26,600,000","-14,900,000","-14,500,000","-13,600,000","-9,500,000","-19,500,000","-10,600,000","-10,300,000","-14,100,000","-25,100,000","-25,300,000","-32,600,000","-10,700,000","-11,000,000","500,000","21,000,000","-2,100,000","-61,000,000","-3,900,000","-5,000,000","2,800,000","-8,500,000","-1,800,000","-3,700,000","-6,000,000","45,900,000","6,200,000","-2,400,000","-4,600,000","-3,500,000","-2,700,000","-4,100,000","-2,800,000","-2,700,000","-213,800,000","-288,000,000","5,600,000","-90,700,000","-11,700,000","-12,000,000","-3,500,000","-89,600,000","-86,700,000","-4,400,000","-4,600,000","-8,800,000","-9,100,000","-9,000,000","-8,800,000","-23,200,000","-3,600,000","-4,000,000","-3,800,000","-5,300,000","-5,100,000","-6,900,000","-6,800,000","-9,400,000","-2,900,000","-5,000,000","-6,800,000","-5,400,000","-6,400,000","-6,400,000","-5,800,000","-10,500,000","-9,500,000","-900,000",,,,,,,,,,,,,,,
		RestructuringAndMergernAcquisition,"14,500,000","-7,600,000","5,800,000","14,600,000","3,800,000","8,400,000","42,800,000","27,900,000","22,800,000","62,900,000","74,000,000","8,500,000","8,700,000","102,200,000","21,800,000","13,400,000","22,900,000","8,600,000","19,100,000","8,000,000","15,800,000","21,700,000","9,100,000","10,200,000","8,000,000","3,700,000","14,000,000","5,000,000","24,900,000","24,400,000","-200,000","-1,700,000","-3,700,000","135,500,000","28,500,000","-30,700,000","42,900,000","61,000,000","53,400,000","23,300,000","37,400,000","12,300,000","24,300,000","21,100,000","13,300,000","34,600,000","24,800,000","85,800,000","97,400,000","15,100,000","6,600,000","9,900,000","9,100,000","60,500,000","4,800,000","17,000,000","3,300,000","2,300,000","2,900,000","3,600,000","4,000,000","3,800,000","900,000","1,800,000","7,300,000","700,000","2,300,000","1,600,000",,,,,,"17,400,000","10,800,000","21,900,000","3,100,000",,,,,"54,100,000",,,"18,300,000",,,,,,,,,,,,,,,,,,,,,,,,,,,,,,,,,,,,,,,,,,,,,,,,,,,,,,,,,,,,,,
		OtherSpecialCharges,,,,,,,,,,,,,,,,,,"-600,000",,"300,000","12,500,000",,,,,,,,,,,,,,,,,,,,,,,,,,,,,,"33,600,000","-12,600,000","30,300,000",,"28,700,000","21,100,000","20,700,000","19,800,000","25,900,000","24,100,000","19,900,000","11,900,000","15,400,000","10,900,000","19,300,000","14,200,000","12,200,000","12,000,000",,,,,,"7,700,000","14,500,000","10,700,000","7,600,000",,,,,"6,900,000",,,"-21,100,000",,,,,,,,,,,,,,,,,,,,,,,,,,,,,,,,,,,,,,,,,,,,,,,,,,,,,,,,,,,,,,
		GainOnSaleOfBusiness,"-600,000","3,000,000","0","-2,600,000","-1,000,000","-13,500,000","0","0",,"-200,000",,"17,200,000",,"0","0","-800,000","0","-1,000,000","-3,200,000","-900,000","269,200,000",,,,,,,,,,,,,,,,,,,,,,,,,,,,,,,,,,,,,,,,,,,,,,,,,,,,,,,,,,,,,,,,,,,,,,,,,,,,,,,,,,,,,,,,,,,,,,,,,,,,,,,,,,,,,,,,,,,,,,,,,,,,,,
	OtherNonOperatingIncomeExpenses,,,"-39,500,000","-53,200,000","-57,500,000","-26,700,000","-74,300,000","-86,900,000","-56,000,000","-66,500,000","-55,000,000","-62,200,000","-65,400,000","-50,300,000","-59,400,000","-119,300,000","-58,000,000","-57,700,000","-65,500,000","-60,300,000","-106,200,000","-46,300,000","-56,800,000","-47,600,000","-46,200,000","-53,800,000","-54,000,000","-50,500,000","-63,700,000","-57,700,000","-61,800,000","-58,700,000","-61,600,000","-78,600,000","-66,600,000","-71,700,000","-71,000,000","-83,900,000",,,,,,,,,,,,,,,,,,,,,,,,,,,,,,,,,,,,,,,,,,,,,,,,,,,,,,,,,,,,,,,,,,,,,,,,,,,,,,,,,,,,,,,,,,,,,,,,,,,,,,,,,,,,,
PretaxIncome,"1,641,000,000","104,800,000","403,900,000","527,800,000","604,500,000","540,100,000","469,600,000","111,100,000","146,200,000","236,800,000","294,700,000","403,700,000","194,800,000","171,000,000","304,900,000","294,400,000","251,800,000","341,800,000","354,000,000","357,700,000","472,600,000","282,300,000","327,700,000","362,000,000","254,100,000","306,400,000","309,100,000","314,000,000","221,300,000","280,000,000","297,900,000","293,100,000","213,800,000","54,400,000","186,900,000","247,800,000","90,400,000","20,300,000","143,800,000","205,800,000","157,700,000","184,400,000","188,700,000","225,200,000","181,500,000","166,900,000","167,900,000","9,300,000","-107,000,000","52,100,000","79,800,000","98,700,000","52,700,000","4,900,000","104,600,000","102,800,000","93,100,000","117,300,000","125,600,000","116,000,000","92,200,000","101,100,000","113,100,000","102,000,000","50,900,000","77,600,000","102,600,000","91,400,000","86,600,000","67,800,000","90,000,000","86,500,000","84,800,000","28,800,000","58,800,000","17,900,000","27,500,000","25,200,000","72,200,000","103,200,000","71,900,000","14,000,000","76,600,000","75,700,000","70,400,000","70,200,000","73,800,000","76,700,000","73,000,000","67,900,000","77,400,000","38,100,000","47,400,000","36,100,000","53,600,000","67,500,000","58,200,000","50,600,000","-46,400,000","-81,500,000","58,700,000","10,700,000","59,000,000","57,500,000","47,000,000","8,800,000","6,900,000","50,800,000","46,300,000","55,100,000","51,400,000","54,000,000","41,300,000","24,400,000","42,900,000","43,200,000","37,500,000","43,800,000","40,900,000","45,600,000","27,800,000","42,900,000","46,300,000","42,000,000","25,300,000","39,400,000","44,100,000","51,000,000","37,500,000","55,500,000","47,600,000","50,400,000",,,,,,,,,,,,,,,
TaxProvision,"61,400,000","-131,400,000","-400,000","73,700,000","119,500,000","67,400,000","78,400,000","-117,300,000","12,900,000","25,300,000","59,200,000","51,600,000","24,700,000","277,000,000","56,600,000","1,000,000","81,700,000","60,700,000","79,800,000","80,500,000","79,500,000","26,500,000","78,700,000","90,500,000","65,500,000","39,100,000","75,700,000","78,500,000","55,300,000","49,800,000","56,800,000","73,700,000","46,800,000","-11,200,000","17,300,000","53,200,000","8,800,000","-37,800,000","28,800,000","51,300,000","36,600,000","4,200,000","33,400,000","27,900,000","23,100,000","29,600,000","44,800,000","-37,000,000","1,500,000","-3,600,000","17,700,000","26,700,000","13,700,000","-1,000,000","26,200,000","27,100,000","25,100,000","25,000,000","34,200,000","30,700,000","24,600,000","14,100,000","22,900,000","27,000,000","12,400,000","15,500,000","25,700,000","25,400,000","19,900,000","11,400,000","26,100,000","25,100,000","26,300,000","5,400,000","17,100,000","5,500,000","8,300,000","7,100,000","17,500,000","39,900,000","23,000,000","7,500,000","22,100,000","25,000,000","23,800,000","23,300,000","25,100,000","26,100,000","24,800,000","23,800,000","27,100,000","12,800,000","17,100,000","10,300,000","20,200,000","25,300,000","21,800,000","24,100,000","-5,800,000","-17,000,000","22,000,000","13,700,000","21,300,000","24,900,000","17,400,000","8,200,000","8,600,000","19,300,000","17,600,000","21,300,000","19,200,000","20,300,000","15,700,000","6,800,000","17,900,000","16,200,000","14,500,000","17,400,000","15,500,000","16,800,000","10,300,000","17,700,000","18,100,000","15,800,000","9,800,000","13,600,000","16,400,000","20,400,000","15,000,000","22,200,000","18,600,000","19,600,000",,,,,,,,,,,,,,,
EarningsFromEquityInterestNetOfTax,"19,000,000","3,000,000","9,800,000","4,400,000","1,800,000","-5,000,000","4,000,000","10,300,000","-200,000","-12,400,000","-4,400,000","5,300,000","300,000",,,,,,,,,,,,,,,,,,,,,,,,,,,,,,,,,,,,,,,,,,,,,,,,,,,,,,,,,,,,,,,,,,,,,,,,,,,,,,,,,,,,,,,,,,,,,,,,,,,,,,,,,,,,,,,,,,,,,,,,,,,,,,,,,,,,,,
NetIncomeCommonStockholders,"1,689,200,000","328,100,000","414,200,000","459,500,000","487,400,000","467,300,000","394,900,000","238,400,000","133,200,000","199,100,000","230,500,000","356,300,000","169,900,000","-106,800,000","247,800,000","293,600,000","170,600,000","281,500,000","274,200,000","277,200,000","393,100,000","255,500,000","248,900,000","271,500,000","189,400,000","265,500,000","228,700,000","227,200,000","162,300,000","145,800,000","236,700,000","216,500,000","161,900,000","56,100,000","166,000,000","187,100,000","81,100,000","492,000,000","115,200,000","154,800,000","121,800,000","164,000,000","154,600,000","197,300,000","158,700,000","137,800,000","123,200,000","45,800,000","-108,600,000","56,700,000","60,400,000","69,500,000","37,700,000","1,200,000","164,500,000","79,600,000","68,000,000","92,300,000","91,400,000","85,300,000","67,600,000","86,600,000","90,500,000","74,700,000","37,700,000","60,200,000","76,900,000","65,900,000","66,600,000","88,100,000","63,900,000","61,400,000","153,500,000","34,600,000","41,700,000","12,400,000","19,200,000","18,100,000","54,700,000","63,300,000","48,900,000","6,500,000","54,500,000","50,700,000","46,600,000","46,900,000","48,700,000","50,600,000","48,200,000","44,100,000","50,300,000","25,300,000","30,300,000","25,800,000","33,400,000","42,200,000","36,400,000","26,500,000","-40,600,000","-64,500,000","36,700,000","-3,000,000","37,700,000","32,600,000","29,600,000","600,000","-1,700,000","31,500,000","28,700,000","33,800,000","32,200,000","33,700,000","25,600,000","9,100,000","25,000,000","27,000,000","23,000,000","26,400,000","25,400,000","28,800,000","17,500,000","25,200,000","28,200,000","26,200,000","15,500,000","25,800,000","27,700,000","30,600,000","22,500,000","33,300,000","29,000,000","30,800,000",,,,,,,,,,,,,,,
	NetIncome,"1,689,200,000","328,100,000","414,200,000","459,500,000","487,400,000","467,300,000","394,900,000","238,400,000","133,200,000","199,100,000","230,500,000","356,300,000","169,900,000","-106,800,000","247,800,000","293,600,000","170,600,000","281,500,000","274,200,000","277,200,000","393,100,000","255,500,000","248,900,000","271,500,000","189,400,000","265,500,000","228,700,000","227,200,000","162,300,000","145,800,000","236,700,000","216,500,000","161,900,000","56,100,000","166,000,000","187,100,000","81,100,000","492,000,000","115,200,000","154,800,000","121,800,000","164,000,000","154,600,000","197,300,000","158,700,000","137,800,000","123,200,000","45,800,000","-108,600,000","56,700,000","60,400,000","69,500,000","37,700,000","1,200,000","164,500,000","79,600,000","68,000,000","92,300,000","91,400,000","85,300,000","67,600,000","86,600,000","90,500,000","74,700,000","37,700,000","60,200,000","76,900,000","65,900,000","66,600,000","88,100,000","63,900,000","61,400,000","153,500,000","34,600,000","41,700,000","12,400,000","19,200,000","18,100,000","54,700,000","63,300,000","48,900,000","6,500,000","54,500,000","50,700,000","46,600,000","46,900,000","48,700,000","50,600,000","48,200,000","44,100,000","50,300,000","25,300,000","30,300,000","25,800,000","33,400,000","42,200,000","36,400,000","26,500,000","-40,600,000","-64,500,000","36,700,000","-3,000,000","37,700,000","32,600,000","29,600,000","600,000","-1,700,000","31,500,000","28,700,000","33,800,000","32,200,000","33,700,000","25,600,000","9,100,000","25,000,000","27,000,000","23,000,000","26,400,000","25,400,000","28,800,000","17,500,000","25,200,000","28,200,000","26,200,000","15,500,000","25,800,000","27,700,000","30,600,000","22,500,000","33,300,000","29,000,000","30,800,000",,,,,,,,,,,,,,,
		NetIncomeIncludingNoncontrollingInterests,"1,687,500,000","328,100,000","414,100,000","458,500,000","486,800,000","467,700,000","395,200,000","238,700,000","133,100,000","199,100,000","231,100,000","357,400,000","170,400,000","-106,000,000","248,300,000","293,400,000","170,100,000","281,100,000","274,200,000","277,200,000","393,100,000","255,800,000","249,000,000","271,500,000","188,600,000","265,600,000","228,000,000","227,000,000","161,500,000","145,500,000","236,400,000","217,400,000","162,100,000","56,000,000","165,700,000","186,800,000","80,700,000","492,400,000","115,000,000","154,500,000","121,100,000","163,700,000","155,300,000","197,300,000","158,400,000","137,300,000","123,100,000","46,300,000","-108,500,000","55,900,000","61,800,000","70,700,000","39,000,000","1,200,000","164,500,000","79,600,000","68,000,000","92,300,000","91,400,000","85,300,000","67,600,000","86,600,000","90,500,000","74,700,000","37,700,000","60,200,000","76,900,000","65,900,000","66,600,000","88,100,000","63,900,000","61,400,000","153,500,000","34,600,000","41,700,000","12,400,000","19,200,000","18,100,000","54,700,000","63,300,000","48,900,000","6,500,000","54,500,000","50,700,000","46,600,000","46,900,000","48,700,000","50,600,000","48,200,000","44,100,000","50,300,000","25,300,000","30,300,000","25,800,000","33,400,000","42,200,000","36,400,000","26,500,000","-40,600,000","-64,500,000","36,700,000","-3,000,000","37,700,000","32,600,000","29,600,000","600,000","-1,700,000","31,500,000","28,700,000","33,800,000","32,200,000","33,700,000","25,600,000","9,100,000","25,000,000","27,000,000","23,000,000","26,400,000","25,400,000","28,800,000","17,500,000","25,200,000","28,200,000","26,200,000","15,500,000","25,800,000","27,700,000","30,600,000","22,500,000","33,300,000","29,000,000","30,800,000","24,600,000","30,400,000","25,700,000","26,100,000","21,300,000","26,200,000","21,100,000","21,700,000","17,700,000","23,500,000","20,100,000","19,600,000","14,700,000","25,700,000","19,400,000"
			NetIncomeContinuousOperations,"1,598,600,000","239,200,000","414,100,000","458,500,000","486,800,000","467,700,000","395,200,000","238,700,000","133,100,000","199,100,000","231,100,000","357,400,000","170,400,000","-106,000,000","248,300,000","293,400,000","170,100,000","281,100,000","274,200,000","277,200,000","393,100,000","255,800,000","249,000,000","271,500,000","188,600,000","267,300,000","233,400,000","235,500,000","166,000,000","230,200,000","241,100,000","219,400,000","167,000,000","65,600,000","169,600,000","194,600,000","81,600,000","58,100,000","115,000,000","154,800,000","121,100,000","180,200,000","155,300,000","197,300,000","158,400,000","137,800,000","123,200,000","45,800,000","-108,600,000","55,700,000","62,100,000","72,000,000","38,300,000","5,900,000","78,400,000","75,700,000","68,000,000","92,300,000","91,400,000","85,300,000","67,600,000","87,000,000","90,200,000","75,000,000","38,500,000","62,100,000","76,900,000","66,000,000","66,700,000","56,400,000","63,900,000","61,400,000","58,500,000","23,400,000","41,700,000","12,400,000","19,200,000","18,100,000","54,700,000","63,300,000","48,900,000","6,500,000","54,500,000","50,700,000","46,600,000","46,900,000","48,700,000","50,600,000","48,200,000","44,100,000","50,300,000","25,300,000","30,300,000","25,800,000","33,400,000","42,200,000","36,400,000","26,500,000","-40,600,000","-64,500,000","36,700,000","-3,000,000","37,700,000","32,600,000","29,600,000","600,000","-1,700,000","31,500,000","28,700,000","33,800,000","32,200,000","33,700,000","25,600,000","17,600,000","25,000,000","27,000,000","23,000,000","26,400,000","25,400,000","28,800,000","17,500,000","25,200,000","28,200,000","26,200,000","15,500,000","25,800,000","27,700,000","30,600,000","22,500,000","33,300,000","29,000,000","30,800,000","24,600,000","30,400,000","25,700,000","26,100,000","21,300,000","26,200,000","27,800,000","23,200,000","19,200,000","22,600,000","20,100,000","19,600,000","14,700,000","25,700,000","19,400,000"
			NetIncomeDiscontinuousOperations,"88,900,000","36,700,000",,,,,,,,,,,,,,,,,,,,"0",,"0","0","-1,700,000","-5,400,000","-8,500,000","-4,500,000","-84,700,000","-4,700,000","-2,000,000","-4,900,000","-9,600,000","-3,900,000","-7,800,000","-900,000","434,300,000","0","0","0",,,,,"0","0","0","0","800,000","-1,400,000","-1,300,000","-600,000","-4,700,000","86,100,000","3,900,000",,,,,,"-400,000","300,000","-300,000","-800,000","-1,900,000",,"-100,000","-100,000","31,700,000",,,"95,000,000",,,,,,,,,,,,,,,,,,,,,,,,,,,,,,,,,,,,,,,,,,,,,,,,,,,,,,,,,,,,,,,,,"0","-6,700,000","-1,500,000","-1,500,000",,,,,,
			NetIncomeFromTaxLossCarryforward,,,,,,,,,,,,,,,,,,,,,,,,,,,,,,,,,,,,,,,,,,,,,,,"-100,000","500,000","100,000","-600,000","1,100,000",,"1,300,000",,,,,,,,,,,,,,,,,,,,,,,,,,,,,,,,,,,,,,,,,,,,,,,,,,,,,,,,,,,,,,,,,,,,,,,,,,,,,,,,,,,,,,,,,,,,,,
		MinorityInterests,"1,700,000","0","100,000","1,000,000","600,000","-400,000","-300,000","-300,000","100,000","0","-600,000","-1,100,000","-500,000","-800,000","-500,000","200,000","500,000","400,000","0","0","0","-300,000","-100,000","0","800,000","-100,000","700,000","200,000","800,000","300,000","300,000","-900,000","-200,000","100,000","300,000","300,000","400,000","-400,000","200,000","300,000","700,000","300,000","-700,000","0","300,000","500,000","100,000","-500,000","-100,000","200,000","-300,000","-1,200,000","-700,000",,,,,,,,,,,,,,,,,,,,,,,,,,,,,,,,,,,,,,,,,,,,,,,,,,,,,,,,,,,,,,,,,,,,,,,,,,,,,,,,,,,,,,,,,,,,,,
	PreferredStockDividends,,,,"4,800,000","9,400,000","9,300,000","9,400,000","4,700,000",,,,,,,,,,,,,,,,,,,,,,,,,,,,,,,,,,,,,,,,,,,,,,,,,,,,,,,,,,,,,,,,,,,,,,,,,,,,,,,,,,,,,,,,,,,,,,,,,,,,,,,,,,,,,,,,,,,,,,,,,,,,,,,,,,,,,,,,,,,
	OtherunderPreferredStockDividend,,,"-400,000",,,,,,,,,,,,,,,,,,,,,,,,,,,,,,,,,,,,,,,,,,,,,,,,,,,,,,,,,,,,,,,,,,,,,,,,,,,,,,,,,,,,,,,,,,,,,,,,,,,,,,,,,,,,,,,,,,,,,,,,,,,,,,,,,,,,,,,,,,,,,,,,
AverageDilutionEarnings,"-12,900,000","400,000","400,000","-4,800,000","-9,400,000","-9,300,000","-9,400,000","-4,700,000",,,,,,,,,,,,,,,,,,,,,,,,,,,,,,,,,,,,,,,,,,,,,,,,,,,,,,,,,,,,,,,,,,,,,,,,,,,,,,,,,,,,,,,,,,,,,,,,,,,,,,,,,,,,,,,,,,,,,,,,,,,,,,,,,,,,,,,,,,,
DilutedNIAvailtoComStockholders,"1,676,300,000","328,500,000","414,600,000","454,700,000","478,000,000","458,000,000","385,500,000","233,700,000","133,200,000","199,100,000","230,500,000","356,300,000","169,900,000","-106,800,000","247,800,000","293,600,000","170,600,000","281,500,000","274,200,000","277,200,000","393,100,000","255,500,000","248,900,000","271,500,000","189,400,000","265,500,000","228,700,000","227,200,000","162,300,000","145,800,000","236,700,000","216,500,000","161,900,000","56,100,000","166,000,000","187,100,000","81,100,000","492,000,000","115,200,000","154,800,000","121,800,000","164,000,000","154,600,000","197,300,000","158,700,000","137,800,000","123,200,000","45,800,000","-108,600,000","56,700,000","60,400,000","69,500,000","37,700,000","1,200,000","164,500,000","79,600,000","68,000,000","92,300,000","91,400,000","85,300,000","67,600,000","86,600,000","90,500,000","74,700,000","37,700,000","60,200,000","76,900,000","65,900,000","66,600,000","88,100,000","63,900,000","61,400,000","153,500,000","34,600,000","41,700,000","12,400,000","19,200,000","18,100,000","54,700,000","63,300,000","48,900,000","6,500,000","54,500,000","50,700,000","46,600,000","46,900,000","48,700,000","50,600,000","48,200,000","44,100,000","50,300,000","25,300,000","30,300,000","25,800,000","33,400,000","42,200,000","36,400,000","26,500,000","-40,600,000","-64,500,000","36,700,000","-3,000,000","37,700,000","32,600,000","29,600,000","600,000","-1,700,000","31,500,000","28,700,000","33,800,000","32,200,000","33,700,000","25,600,000","9,100,000","25,000,000","27,000,000","23,000,000","26,400,000","25,400,000","28,800,000","17,500,000","25,200,000","28,200,000","26,200,000","15,500,000","25,800,000","27,700,000","30,600,000","22,500,000","33,300,000","29,000,000","30,800,000",,,,,,,,,,,,,,,
BasicEPS,,"2.06","2.6","2.87","3.04","2.92","2.47","1.52","0.89","1.34","1.55","2.41","1.15","-0.45","1.67","1.96","1.13","1.88","1.83","1.85","2.63","1.74","1.71","1.87","1.3","1.82","1.57","1.53","1.07","0.94","1.51","1.38","1.04","0.36","1.07","1.21","0.52","3.05","0.71","0.94","0.74",,"0.94","1.17","0.95",,"0.99","1.26","0.72",,"0.75","0.88","0.48",,"2.09","1.01","0.86",,"1.11","1.03","0.82",,"1.11","0.92","0.45",,"0.92","0.79","0.8",,"0.78","0.75","1.88",,"0.51","0.14","0.22",,"0.63","0.74","0.57",,"0.64","0.59","0.54",,"0.56","0.58","0.54",,"0.56","0.28","0.34",,"0.37","0.47","0.41",,"-0.46","-0.72","0.41",,"0.42","0.37","0.33",,"-0.02","0.36","0.33",,"0.36","0.38","0.29",,"0.28","0.3","0.26",,"0.28","0.32","0.19",,"0.33","0.33","0.19",,"0.33","0.36","0.27",,"0.33","0.36","0.29",,"0.3","0.31","0.25",,"0.24","0.25","0.2",,"0.24","0.24","0.18",,"0.24"
DilutedEPS,,"1.99","2.56","2.81","2.98","2.88","2.44","1.52","0.88","1.32","1.53","2.37","1.13","-0.45","1.65","1.93","1.11","1.84","1.8","1.82","2.59","1.71","1.68","1.84","1.28","1.77","1.52","1.49","1.04","0.91","1.47","1.36","1.02","0.35","1.04","1.18","0.51","2.99","0.69","0.92","0.72",,"0.92","1.14","0.92",,"0.97","1.24","0.7",,"0.75","0.87","0.47",,"2.06","1","0.85",,"1.09","1.01","0.8",,"1.09","0.9","0.44",,"0.9","0.78","0.78",,"0.76","0.73","1.84",,"0.51","0.14","0.22",,"0.62","0.72","0.56",,"0.62","0.58","0.54",,"0.56","0.58","0.54",,"0.56","0.28","0.34",,"0.37","0.47","0.4",,"-0.46","-0.72","0.41",,"0.42","0.36","0.33",,"-0.02","0.36","0.33",,"0.36","0.38","0.29",,"0.28","0.3","0.26",,"0.28","0.32","0.19",,"0.33","0.33","0.19",,"0.33","0.36","0.27",,"0.33","0.36","0.29",,"0.3","0.31","0.25",,"0.24","0.25","0.2",,"0.24","0.24","0.18",,"0.24"
BasicAverageShares,,"159,605,000","159,444,000","158,644,000","157,490,000","156,866,000","156,370,000","153,330,000","150,330,000","149,016,000","148,350,000","148,099,000","147,863,000","147,582,000","147,964,000","149,748,000","150,612,000","150,080,000","149,689,000","149,514,000","149,208,000","147,145,000","145,410,000","145,135,000","145,870,000","145,908,000","145,911,000","148,059,000","152,172,000","155,799,000","156,628,000","156,316,000","155,905,000","155,512,000","155,043,000","155,064,000","155,552,000","161,212,000","162,990,000","164,082,000","164,530,000",,"164,962,000","168,119,000","167,259,000",,"165,793,000","162,847,000","97,672,000",,"79,966,000","79,327,000","79,209,000",,"78,808,000","78,650,000","79,025,000",,"82,288,000","82,810,000","82,851,000",,"81,206,000","81,132,000","82,892,000",,"83,566,000","83,020,000","82,822,000",,"82,173,000","81,940,000","81,628,000",,"81,475,000","85,555,000","87,815,452",,"86,582,000","85,822,000","85,518,000",,"85,439,000","85,838,000","85,897,000",,"86,532,000","87,614,000","88,936,000",,"89,821,429","90,357,143","89,117,647",,"90,270,270","89,787,234","89,483,000",,"89,571,000","89,525,000","89,347,000",,"88,847,000","88,825,000","88,815,000",,"88,580,000","88,732,000","88,828,000",,"89,676,000","89,658,000","89,542,000",,"89,285,714","90,000,000","88,461,538",,"90,714,286","90,000,000","92,105,263",,"85,454,545","79,393,939","81,578,947",,"83,939,394","85,000,000","83,333,333",,"87,878,788","85,555,556","85,744,000",,"85,744,000","85,744,000","85,744,000",,"87,236,000","85,128,000","85,128,000",,"83,410,000","83,510,000","83,510,000",,"83,480,000"
DilutedAverageShares,,"165,383,000","161,476,000","161,571,000","160,220,000","159,284,000","157,971,000","154,154,000","151,903,000","151,244,000","150,623,000","150,358,000","149,908,000","147,582,000","150,599,000","152,494,000","153,905,000","153,412,000","152,622,000","152,226,000","151,526,000","149,440,000","147,975,000","147,263,000","147,619,000","150,020,000","150,781,000","152,663,000","156,537,000","160,013,000","160,582,000","159,666,000","158,951,000","159,200,000","158,925,000","158,351,000","158,994,000","164,553,000","166,043,000","167,921,000","168,948,000",,"168,896,000","173,075,000","171,945,000",,"168,889,000","166,084,000","99,462,000",,"80,565,000","79,744,000","79,471,000",,"79,846,000","79,827,000","80,274,000",,"83,999,000","84,542,000","84,774,000",,"82,867,000","82,978,000","84,804,000",,"85,483,000","84,983,000","85,156,000",,"84,384,000","84,112,000","83,392,000",,"82,126,000","86,002,000","88,477,911",,"88,041,000","88,111,000","87,889,000",,"87,419,000","87,517,000","87,113,000",,"86,677,000","87,827,000","89,158,000",,"89,821,429","90,357,143","89,117,647",,"90,270,270","89,787,234","90,520,000",,"89,571,000","89,525,000","90,138,000",,"88,847,000","88,825,000","88,815,000",,"88,580,000","88,732,000","88,828,000",,"89,676,000","89,658,000","89,542,000",,"89,285,714","90,000,000","88,461,538",,"90,714,286","90,000,000","92,105,263",,"85,454,545","79,393,939","81,578,947",,"83,939,394","85,000,000","83,333,333",,"87,878,788","85,555,556","85,744,000",,"85,744,000","85,744,000","85,744,000",,"87,236,000","85,128,000","85,128,000",,"83,410,000","83,510,000","83,510,000",,"83,480,000"
TotalOperatingIncomeAsReported,"1,816,600,000","204,700,000","447,400,000","571,600,000",,"590,100,000","520,300,000","165,900,000","195,800,000","289,400,000","354,400,000",,"252,600,000","276,800,000","358,300,000",,"299,200,000","388,400,000","400,900,000","404,000,000",,"324,800,000","372,800,000","404,200,000","295,600,000","346,100,000","350,700,000","357,200,000","262,000,000","307,900,000","338,300,000","333,400,000","254,700,000","92,900,000","223,000,000","284,200,000","127,100,000","164,600,000","177,900,000","238,100,000","188,900,000",,"215,600,000","252,000,000","211,000,000",,"252,100,000","263,300,000","123,900,000",,"94,800,000",,,,,,,,,,,,,,,,,,,,,,,,,,,,,,,,,,,,,,,,,,,,,,,,,,,,,,,,,,,,,,,,,,,,,,,,,,,,,,,,,,,,,,,,,,,,,,,,
TotalExpenses,"13,853,500,000","2,786,100,000","3,810,000,000","3,658,900,000","3,485,700,000","3,748,700,000","3,287,100,000","2,953,600,000","2,854,800,000","3,343,800,000","3,204,700,000","3,306,000,000","3,072,300,000","3,306,500,000","3,114,700,000","3,281,600,000","2,887,200,000","3,016,100,000","2,875,400,000","2,816,300,000","2,531,200,000","2,573,900,000","2,500,100,000","2,518,000,000","2,368,500,000","2,495,600,000","2,464,800,000","2,504,700,000","2,343,100,000","2,565,100,000","2,564,100,000","2,553,800,000","2,389,800,000","2,657,000,000","2,507,800,000","2,615,800,000","2,317,200,000","1,517,000,000","2,509,900,000","2,552,800,000","2,426,600,000","2,509,300,000","2,396,500,000","2,350,100,000","2,156,400,000","2,180,200,000","2,149,700,000","2,245,900,000","1,253,500,000","939,500,000","800,500,000","807,900,000","804,600,000","1,065,000,000","963,300,000","995,500,000","961,400,000","1,008,400,000","956,700,000","959,100,000","925,800,000","887,100,000","866,800,000","885,800,000","875,600,000","707,800,000","719,500,000","710,900,000","702,600,000","582,200,000","682,200,000","689,300,000","671,700,000","536,300,000","624,300,000","642,500,000","620,000,000","618,100,000","589,000,000","561,000,000","536,300,000","565,800,000","588,900,000","588,300,000","552,000,000","581,400,000","601,600,000","615,200,000","609,900,000","641,300,000","613,800,000","637,300,000","624,500,000","630,500,000","625,900,000","615,000,000","606,100,000","641,800,000","584,800,000","599,900,000","584,600,000","619,500,000","600,100,000","606,100,000","578,300,000","608,300,000","596,000,000","592,200,000","584,900,000","593,000,000","565,200,000","558,000,000","528,200,000","525,600,000","522,900,000","512,000,000","504,800,000","542,900,000","502,700,000","502,400,000","461,700,000","453,600,000","450,500,000","436,000,000","416,100,000","449,400,000","436,700,000","435,000,000","434,200,000","439,800,000","425,300,000","433,200,000",,,,,,,,,,,,,,,
NetIncomeFromContinuingAndDiscontinuedOperation,"1,689,200,000","328,100,000","414,200,000","459,500,000","487,400,000","467,300,000","394,900,000","238,400,000","133,200,000","199,100,000","230,500,000","356,300,000","169,900,000","-106,800,000","247,800,000","293,600,000","170,600,000","281,500,000","274,200,000","277,200,000","393,100,000","255,500,000","248,900,000","271,500,000","189,400,000","265,500,000","228,700,000","227,200,000","162,300,000","145,800,000","236,700,000","216,500,000","161,900,000","56,100,000","166,000,000","187,100,000","81,100,000","492,000,000","115,200,000","154,800,000","121,800,000","164,000,000","154,600,000","197,300,000","158,700,000","138,300,000","123,300,000","45,300,000","-108,700,000","57,300,000","59,300,000","69,500,000","36,400,000","1,200,000","164,500,000","79,600,000","68,000,000","92,300,000","91,400,000","85,300,000","67,600,000","86,600,000","90,500,000","74,700,000","37,700,000","60,200,000","76,900,000","65,900,000","66,600,000","88,100,000","63,900,000","61,400,000","153,500,000","34,600,000","41,700,000","12,400,000","19,200,000","18,100,000","54,700,000","63,300,000","48,900,000","6,500,000","54,500,000","50,700,000","46,600,000","46,900,000","48,700,000","50,600,000","48,200,000","44,100,000","50,300,000","25,300,000","30,300,000","25,800,000","33,400,000","42,200,000","36,400,000","26,500,000","-40,600,000","-64,500,000","36,700,000","-3,000,000","37,700,000","32,600,000","29,600,000","600,000","-1,700,000","31,500,000","28,700,000","33,800,000","32,200,000","33,700,000","25,600,000","17,600,000","25,000,000","27,000,000","23,000,000","26,400,000","25,400,000","28,800,000","17,500,000","25,200,000","28,200,000","26,200,000","15,500,000","25,800,000","27,700,000","30,600,000","22,500,000","33,300,000","29,000,000","30,800,000",,,,,,,,,,,,,,,
NormalizedIncome,"1,614,841,300","231,462,000","418,434,000","474,292,000","491,249,600","527,514,330.68","430,552,400","258,767,000","153,993,600","271,445,861.486","289,626,000","348,609,200","177,495,100","-32,194,000","265,545,200","307,757,400","186,080,400","288,901,696.899","291,482,500","284,330,000","192,671,200","275,162,982.643","255,816,000","279,150,000","195,336,000","270,427,839.426","244,670,000","239,450,000","185,475,000","250,478,071.429","241,238,200","217,226,700","163,910,300","167,165,000","195,749,500","170,800,500","120,738,700","323,160,000","157,905,146.036","172,291,982.507","150,519,974.635","192,519,848.156","174,598,887.122","215,785,923.623","170,307,272.727","166,763,630.917","141,482,727.814","101,070,000","-45,390,000","32,970,000","91,983,458.647","68,830,395.137","66,157,495.256","-340,000","103,508,986.616","103,756,128.405","85,529,538.131","109,689,855.072","112,357,961.783","105,669,051.724","85,123,210.412","100,510,385.757","103,199,646.331","84,338,235.294","58,619,842.829","74,023,840.206","87,767,933.723","75,820,568.928","74,016,974.596","72,621,238.938","71,426,000","68,711,213.873","68,227,004.717","43,793,750","59,642,346.939","34,983,240.223","26,670,545.455","26,000,793.651","54,321,191.136","50,419,186.047","50,328,233.658","43,100,000","57,274,804.178","54,048,745.046","44,746,590.909","52,578,774.929","49,887,804.878","53,040,938.722","52,161,643.836","14,288,659.794","46,270,801.034","26,893,700.787","33,240,506.329","28,301,385.042","35,082,462.687","44,763,259.259","38,151,202.749","28,120,000","146,475,000","163,426,380.368","33,198,807.496","51,420,000","45,176,101.695","39,800,000","31,804,255.319","54,360,000","50,320,000","34,228,346.457","31,551,403.888","39,198,185.118","37,900,778.21","39,316,666.667","31,054,721.55","34,334,426.23","27,160,000","29,500,000","25,330,666.667","29,594,520.548","28,567,237.164","33,157,894.737","21,780,575.54","30,840,000","29,966,306.695","29,319,047.619","19,666,007.905","29,336,040.609","31,719,954.649","34,440,000","25,980,000","39,600,000","34,787,815.126","31,350,000",,,,,,,,,,,,,,,
InterestIncome,"9,800,000","1,900,000","2,300,000","2,700,000","2,900,000","3,400,000","2,000,000","2,500,000","10,100,000","12,500,000","12,700,000","12,100,000","16,600,000","18,600,000","18,700,000","15,600,000","15,800,000","11,500,000","10,300,000","9,700,000","8,600,000","6,800,000","5,100,000","5,500,000","5,800,000","4,900,000","3,600,000","3,000,000","3,700,000","4,100,000","3,100,000","3,000,000","3,400,000","3,300,000","3,000,000","3,300,000","3,200,000","2,600,000","2,600,000","2,300,000","2,700,000","6,600,000","8,000,000","7,300,000","5,100,000","3,500,000","2,500,000","2,200,000","1,200,000","1,000,000","500,000","900,000","700,000",,,,,,,,,,,,,,,,,,,,,,,,,,,,,,,,,,,,,,,,,,,,,,,,,,,,,,,,,,,,,,,,,,,,,,,,,,,,,,,,,,,,,,,,,,,,,,
InterestExpense,"185,400,000","45,600,000","45,800,000","46,500,000","47,500,000","53,400,000","52,700,000","57,300,000","59,700,000","65,100,000","72,400,000","72,400,000","74,400,000","73,600,000","72,100,000","69,000,000","63,200,000","58,100,000","57,200,000","56,000,000","51,300,000","49,300,000","50,200,000","47,700,000","47,300,000","44,600,000","45,200,000","46,200,000","44,400,000","46,100,000","43,500,000","43,300,000","44,300,000","41,800,000","39,100,000","39,700,000","39,900,000","39,100,000","36,700,000","34,600,000","33,900,000","36,700,000","34,900,000","34,100,000","34,600,000","34,700,000","29,200,000","26,800,000","19,300,000","15,000,000","15,500,000","16,200,000","17,000,000",,,,,,,,,,,,,,,,,,,,,,,,,,,,,,,,,,,,,,,,,,,,,,,,,,,,,,,,,,,,,,,,,,,,,,,,,,,,,,,,,,,,,,,,,,,,,,
NetInterestIncome,"-175,600,000","-43,700,000","-43,500,000","-43,800,000","-44,600,000","-50,000,000","-50,700,000","-54,800,000","-49,600,000","-52,600,000","-59,700,000","-60,300,000","-57,800,000","-55,000,000","-53,400,000","-53,400,000","-47,400,000","-46,600,000","-46,900,000","-46,300,000","-42,700,000","-42,500,000","-45,100,000","-42,200,000","-41,500,000","-39,700,000","-41,600,000","-43,200,000","-40,700,000","-42,000,000","-40,400,000","-40,300,000","-40,900,000","-38,500,000","-36,100,000","-36,400,000","-36,700,000","-36,500,000","-34,100,000","-32,300,000","-31,200,000","-30,100,000","-26,900,000","-26,800,000","-29,500,000","-31,200,000","-26,700,000","-24,600,000","-18,100,000","-14,000,000","-15,000,000","-15,300,000","-16,300,000",,,,,,,,,,,,,,,,,,,,,,,,,,,,,,,,,,,,,,,,,,,,,,,,,,,,,,,,,,,,,,,,,,,,,,,,,,,,,,,,,,,,,,,,,,,,,,
EBIT,"1,826,400,000","150,400,000","449,700,000","574,300,000","652,000,000","593,500,000","522,300,000","168,400,000","205,900,000","301,900,000","367,100,000","476,100,000","269,200,000","244,600,000","377,000,000","363,400,000","315,000,000","399,900,000","411,200,000","413,700,000","523,900,000","331,600,000","377,900,000","409,700,000","301,400,000","351,000,000","354,300,000","360,200,000","265,700,000","326,100,000","341,400,000","336,400,000","258,100,000","96,200,000","226,000,000","287,500,000","130,300,000","59,400,000","180,500,000","240,400,000","191,600,000","221,100,000","223,600,000","259,300,000","216,100,000","201,600,000","197,100,000","36,100,000","-87,700,000","67,100,000","95,300,000","114,900,000","69,700,000","-62,700,000","156,400,000","158,700,000","135,500,000","159,000,000","174,600,000","163,900,000","136,300,000","132,200,000","145,900,000","132,100,000","93,100,000","102,400,000","125,300,000","113,100,000","103,700,000","96,700,000","109,000,000","105,400,000","106,900,000","60,200,000","91,400,000","57,200,000","46,200,000","43,600,000","76,500,000","88,100,000","80,400,000","79,800,000","87,200,000","88,200,000","74,200,000","84,900,000","82,800,000","87,600,000","85,500,000","49,300,000","78,200,000","48,200,000","59,200,000","45,300,000","63,700,000","76,800,000","65,800,000","57,000,000","65,700,000","73,700,000","62,000,000","65,900,000","72,800,000","71,100,000","57,000,000","61,500,000","59,700,000","63,300,000","58,400,000","70,800,000","67,400,000","70,800,000","57,500,000","52,600,000","53,400,000","53,200,000","48,600,000","55,900,000","53,200,000","58,500,000","40,400,000","58,900,000","55,600,000","54,000,000","37,500,000","52,000,000","55,600,000","63,900,000","49,900,000","71,900,000","62,400,000","58,300,000","480,600,000","-1,203,800,000","470,000,000","486,500,000","466,300,000","-1,093,300,000","454,400,000","433,400,000","416,800,000","-953,200,000","388,300,000","402,600,000","324,200,000","-734,700,000","297,100,000"
EBITDA,"2,403,500,000"
ReconciledCostOfRevenue,"10,423,000,000","2,161,200,000","2,871,700,000","2,757,300,000","2,632,800,000","2,851,800,000","2,473,900,000","2,134,700,000","2,106,300,000","2,553,600,000","2,393,600,000","2,461,500,000","2,228,000,000","2,474,800,000","2,256,400,000","2,356,500,000","2,043,600,000","2,165,100,000","2,046,500,000","2,017,300,000","1,740,300,000","1,843,800,000","1,797,900,000","1,803,500,000","1,694,500,000","1,831,200,000","1,802,500,000","1,809,700,000","1,656,400,000","1,872,300,000","1,852,100,000","1,832,200,000","1,680,500,000","1,875,300,000","1,771,600,000","1,861,800,000","1,576,300,000","1,250,000,000","1,777,200,000","1,791,800,000","1,666,900,000","1,766,900,000","1,662,000,000","1,655,800,000","1,498,200,000","1,543,300,000","1,514,800,000","1,596,600,000","806,100,000","575,200,000","549,100,000","552,600,000","551,900,000","686,500,000","688,300,000","712,300,000","681,900,000","733,700,000","700,200,000","690,900,000","666,800,000","647,200,000","634,900,000","641,200,000","636,800,000","525,100,000","539,700,000","521,800,000","517,400,000","416,400,000","503,700,000","511,800,000","499,200,000","392,600,000","476,300,000","468,700,000","447,700,000","474,300,000","455,600,000","426,100,000","401,200,000","428,700,000","436,800,000","437,300,000","398,500,000","427,000,000","439,400,000","447,100,000","438,000,000","441,100,000","426,000,000","433,900,000","427,300,000","434,100,000","433,200,000","430,600,000","415,200,000","452,800,000","418,100,000","427,200,000","412,900,000","448,900,000","428,400,000","434,300,000","409,200,000","443,000,000","427,000,000","422,800,000","415,700,000","426,000,000","406,000,000","397,000,000","373,200,000","376,400,000","377,500,000","365,800,000","352,600,000","389,000,000","345,500,000","353,400,000","315,500,000","320,400,000","313,800,000","302,300,000","282,400,000","314,100,000","303,000,000","302,200,000","298,700,000","311,200,000","298,000,000","302,900,000",,,,,,,,,,,,,,,
ReconciledDepreciation,"577,100,000","146,500,000","144,200,000","142,400,000","144,000,000","147,000,000","145,300,000","144,700,000","141,100,000","139,800,000","140,900,000","141,700,000","137,800,000","125,500,000","129,700,000","127,700,000","123,600,000","122,700,000","120,700,000","115,800,000","101,500,000","102,800,000","103,100,000","102,000,000","100,100,000","105,600,000","103,900,000","102,000,000","102,500,000","112,400,000","112,600,000","114,400,000","110,400,000","118,600,000","108,800,000","108,100,000","105,800,000","114,700,000","105,800,000","109,000,000","115,800,000","112,100,000","100,300,000","93,800,000","103,900,000","109,900,000","86,400,000","92,700,000","59,700,000","51,300,000","51,900,000","48,900,000","48,000,000","54,500,000","47,200,000","40,500,000","40,800,000","42,100,000","42,200,000","40,700,000","37,200,000","29,900,000","30,000,000","31,000,000","30,300,000","25,800,000","23,400,000","23,900,000","23,400,000","24,700,000","23,200,000","22,700,000","24,400,000","21,000,000","21,000,000","21,900,000","22,600,000","22,700,000","15,800,000","16,000,000","16,700,000","22,100,000","18,600,000","19,900,000","22,300,000","18,900,000","20,300,000","20,400,000","23,700,000","19,400,000","20,900,000","21,200,000","24,100,000","21,600,000","20,000,000","18,300,000","19,800,000","16,500,000","18,500,000","18,900,000","18,500,000","15,900,000","20,000,000","18,700,000","20,100,000","17,500,000","21,000,000","20,800,000","21,900,000","19,300,000","19,700,000","21,600,000","21,200,000","21,600,000","19,300,000","17,700,000","22,100,000","15,800,000","24,500,000","19,000,000","19,200,000","14,500,000","22,500,000","18,900,000","19,000,000","17,000,000","19,100,000","19,000,000","19,200,000","15,900,000","18,600,000","17,700,000",,,,,,,,,,,,,,,
NetIncomeFromContinuingOperationNetMinorityInterest,"1,600,300,000","239,200,000","414,200,000","459,500,000","487,400,000","467,300,000","394,900,000","238,400,000","133,200,000","199,100,000","230,500,000","356,300,000","169,900,000","-106,800,000","247,800,000","293,600,000","170,600,000","281,500,000","274,200,000","277,200,000","393,100,000","255,500,000","248,900,000","271,500,000","189,400,000","267,200,000","234,100,000","235,700,000","166,800,000","230,500,000","241,400,000","218,500,000","166,800,000","65,700,000","169,900,000","194,900,000","82,000,000","57,700,000","115,200,000","154,800,000","121,800,000","180,500,000","154,600,000","197,300,000","158,700,000","138,300,000","123,300,000","45,300,000","-108,700,000","56,500,000","60,700,000","70,800,000","37,000,000","5,900,000","78,400,000","75,700,000","68,000,000","92,300,000","91,400,000","85,300,000","67,600,000","87,000,000","90,200,000","75,000,000","38,500,000","62,100,000","76,900,000","66,000,000","66,700,000","56,400,000","63,900,000","61,400,000","58,500,000","23,400,000","41,700,000","12,400,000","19,200,000","18,100,000","54,700,000","63,300,000","48,900,000","6,500,000","54,500,000","50,700,000","46,600,000","46,900,000","48,700,000","50,600,000","48,200,000","44,100,000","50,300,000","25,300,000","30,300,000","25,800,000","33,400,000","42,200,000","36,400,000","26,500,000","-40,600,000","-64,500,000","36,700,000","-3,000,000","37,700,000","32,600,000","29,600,000","600,000","-1,700,000","31,500,000","28,700,000","33,800,000","32,200,000","33,700,000","25,600,000","17,600,000","25,000,000","27,000,000","23,000,000","26,400,000","25,400,000","28,800,000","17,500,000","25,200,000","28,200,000","26,200,000","15,500,000","25,800,000","27,700,000","30,600,000","22,500,000","33,300,000","29,000,000","30,800,000",,,,,,,,,,,,,,,
TotalUnusualItemsExcludingGoodwill,"-15,100,000","10,600,000","-5,800,000","-17,200,000","-4,800,000","-68,800,000","-42,800,000","-27,900,000","-22,800,000","-81,000,000","-74,000,000","8,700,000","-8,700,000","-102,200,000","-21,800,000","-14,200,000","-22,900,000","-9,000,000","-22,300,000","-9,200,000","240,900,000","-21,700,000","-9,100,000","-10,200,000","-8,000,000","-3,700,000","-14,000,000","-5,000,000","-24,900,000","-24,300,000","200,000","1,700,000","3,700,000","-156,100,000","-28,500,000","30,700,000","-42,900,000","-408,400,000","-53,400,000","-23,300,000","-37,400,000","-12,300,000","-24,300,000","-21,100,000","-13,300,000","-34,600,000","-24,800,000","-85,800,000","-97,400,000","36,200,000","-40,200,000","2,700,000","-39,400,000","9,600,000","-33,500,000","-38,100,000","-24,000,000","-22,100,000","-28,800,000","-27,700,000","-23,900,000","-15,700,000","-16,300,000","-12,700,000","-26,600,000","-14,900,000","-14,500,000","-13,600,000","-9,500,000","-19,500,000","-10,600,000","-10,300,000","-14,100,000","-25,100,000","-25,300,000","-32,600,000","-10,700,000","-11,000,000","500,000","21,000,000","-2,100,000","-61,000,000","-3,900,000","-5,000,000","2,800,000","-8,500,000","-1,800,000","-3,700,000","-6,000,000","45,900,000","6,200,000","-2,400,000","-4,600,000","-3,500,000","-2,700,000","-4,100,000","-2,800,000","-2,700,000","-213,800,000","-288,000,000","5,600,000","-90,700,000","-11,700,000","-12,000,000","-3,500,000","-89,600,000","-86,700,000","-4,400,000","-4,600,000","-8,800,000","-9,100,000","-9,000,000","-8,800,000","-23,200,000","-3,600,000","-4,000,000","-3,800,000","-5,300,000","-5,100,000","-6,900,000","-6,800,000","-9,400,000","-2,900,000","-5,000,000","-6,800,000","-5,400,000","-6,400,000","-6,400,000","-5,800,000","-10,500,000","-9,500,000","-900,000",,,,,,,,,,,,,,,
TotalUnusualItems,"-15,100,000","10,600,000","-5,800,000","-17,200,000","-4,800,000","-68,800,000","-42,800,000","-27,900,000","-22,800,000","-81,000,000","-74,000,000","8,700,000","-8,700,000","-102,200,000","-21,800,000","-14,200,000","-22,900,000","-9,000,000","-22,300,000","-9,200,000","240,900,000","-21,700,000","-9,100,000","-10,200,000","-8,000,000","-3,700,000","-14,000,000","-5,000,000","-24,900,000","-24,300,000","200,000","1,700,000","3,700,000","-156,100,000","-28,500,000","30,700,000","-42,900,000","-408,400,000","-53,400,000","-23,300,000","-37,400,000","-12,300,000","-24,300,000","-21,100,000","-13,300,000","-34,600,000","-24,800,000","-85,800,000","-97,400,000","36,200,000","-40,200,000","2,700,000","-39,400,000","9,600,000","-33,500,000","-38,100,000","-24,000,000","-22,100,000","-28,800,000","-27,700,000","-23,900,000","-15,700,000","-16,300,000","-12,700,000","-26,600,000","-14,900,000","-14,500,000","-13,600,000","-9,500,000","-19,500,000","-10,600,000","-10,300,000","-14,100,000","-25,100,000","-25,300,000","-32,600,000","-10,700,000","-11,000,000","500,000","21,000,000","-2,100,000","-61,000,000","-3,900,000","-5,000,000","2,800,000","-8,500,000","-1,800,000","-3,700,000","-6,000,000","45,900,000","6,200,000","-2,400,000","-4,600,000","-3,500,000","-2,700,000","-4,100,000","-2,800,000","-2,700,000","-213,800,000","-288,000,000","5,600,000","-90,700,000","-11,700,000","-12,000,000","-3,500,000","-89,600,000","-86,700,000","-4,400,000","-4,600,000","-8,800,000","-9,100,000","-9,000,000","-8,800,000","-23,200,000","-3,600,000","-4,000,000","-3,800,000","-5,300,000","-5,100,000","-6,900,000","-6,800,000","-9,400,000","-2,900,000","-5,000,000","-6,800,000","-5,400,000","-6,400,000","-6,400,000","-5,800,000","-10,500,000","-9,500,000","-900,000",,,,,,,,,,,,,,,
NormalizedEBITDA,"2,418,600,000","286,300,000","599,700,000","733,900,000","800,800,000","809,300,000","710,400,000","341,000,000","369,800,000","522,700,000","582,000,000","609,100,000","415,700,000","472,300,000","528,500,000","505,300,000","461,500,000","531,600,000","554,200,000","538,700,000","384,500,000","456,100,000","490,100,000","521,900,000","409,500,000","460,300,000","472,200,000","467,200,000","393,100,000","462,800,000","453,800,000","449,100,000","364,800,000","370,900,000","363,300,000","364,900,000","279,000,000","582,500,000","339,700,000","372,700,000","344,800,000","345,500,000","348,200,000","374,200,000","333,300,000","346,100,000","308,300,000","214,600,000","69,400,000","82,200,000","187,400,000","161,100,000","157,100,000","-17,800,000","237,100,000","237,300,000","200,300,000","223,200,000","245,600,000","232,300,000","197,400,000","177,800,000","192,200,000","175,800,000","150,000,000","143,100,000","163,200,000","150,600,000","136,600,000","140,900,000","142,800,000","138,400,000","145,400,000","106,300,000","137,700,000","111,700,000","79,500,000","77,300,000","91,800,000","83,100,000","99,200,000","162,900,000","109,700,000","113,100,000","93,700,000","112,300,000","104,900,000","111,700,000","115,200,000","22,800,000","92,900,000","71,800,000","87,900,000","70,400,000","86,400,000","99,200,000","88,400,000","76,200,000","298,000,000","380,600,000","74,900,000","172,500,000","104,500,000","101,800,000","80,600,000","168,600,000","167,400,000","88,500,000","84,900,000","98,900,000","96,200,000","101,400,000","87,500,000","97,400,000","76,300,000","74,900,000","74,500,000","77,000,000","82,800,000","84,400,000","66,400,000","82,800,000","81,000,000","77,900,000","63,300,000","74,400,000","81,100,000","89,300,000","74,900,000","98,300,000","90,500,000","76,900,000","480,600,000","-1,203,800,000","470,000,000","486,500,000","466,300,000","-1,093,300,000","454,400,000","433,400,000","416,800,000","-953,200,000","388,300,000","402,600,000","324,200,000","-734,700,000","297,100,000"
TaxRateForCalcs,"0.037","0.27","0.27","0.14","0.198","0.125","0.167","0.27","0.088","0.107","0.201","0.116","0.127","0.27","0.186","0.003","0.324","0.178","0.225","0.225","0.168","0.094","0.24","0.25","0.258","0.128","0.245","0.25","0.25","0.178","0.191","0.251","0.219","0.35","0.093","0.215","0.097","0.35","0.2","0.249","0.232","0.023","0.177","0.124","0.127","0.177","0.267","0.35","0.35","0.35","0.222","0.271","0.26","0.35","0.25","0.264","0.27","0.213","0.272","0.265","0.267","0.139","0.202","0.265","0.244","0.2","0.25","0.278","0.23","0.168","0.29","0.29","0.31","0.188","0.291","0.307","0.302","0.282","0.242","0.387","0.32","0.4","0.289","0.33","0.338","0.332","0.34","0.34","0.34","0.351","0.35","0.336","0.361","0.285","0.377","0.375","0.375","0.4","0.125","0.209","0.375","0.4","0.361","0.4","0.37","0.4","0.4","0.38","0.38","0.387","0.374","0.376","0.38","0.279","0.4","0.375","0.387","0.397","0.379","0.368","0.371","0.4","0.391","0.376","0.387","0.345","0.372","0.4","0.4","0.4","0.391","0.389",,,,,,,,,,,,,,,
TaxEffectOfUnusualItems,"-558,700","2,862,000","-1,566,000","-2,408,000","-950,400","-8,585,669.32","-7,147,600","-7,533,000","-2,006,400","-8,654,138.514","-14,874,000","1,009,200","-1,104,900","-27,594,000","-4,054,800","-42,600","-7,419,600","-1,598,303.101","-5,017,500","-2,070,000","40,471,200","-2,037,017.357","-2,184,000","-2,550,000","-2,064,000","-472,160.574","-3,430,000","-1,250,000","-6,225,000","-4,321,928.571","38,200","426,700","810,300","-54,635,000","-2,650,500","6,600,500","-4,161,300","-142,940,000","-10,694,853.964","-5,808,017.493","-8,680,025.365","-280,151.844","-4,301,112.878","-2,614,076.377","-1,692,727.273","-6,136,369.083","-6,617,272.186","-30,030,000","-34,090,000","12,670,000","-8,916,541.353","730,395.137","-10,242,504.744","3,360,000","-8,391,013.384","-10,043,871.595","-6,470,461.869","-4,710,144.928","-7,842,038.217","-7,330,948.276","-6,376,789.588","-2,189,614.243","-3,300,353.669","-3,361,764.706","-6,480,157.171","-2,976,159.794","-3,632,066.277","-3,779,431.072","-2,183,025.404","-3,278,761.062","-3,074,000","-2,988,786.127","-4,372,995.283","-4,706,250","-7,357,653.061","-10,016,759.777","-3,229,454.545","-3,099,206.349","121,191.136","8,119,186.047","-671,766.342","-24,400,000","-1,125,195.822","-1,651,254.954","946,590.909","-2,821,225.071","-612,195.122","-1,259,061.278","-2,038,356.164","16,088,659.794","2,170,801.034","-806,299.213","-1,659,493.671","-998,614.958","-1,017,537.313","-1,536,740.741","-1,048,797.251","-1,080,000","-26,725,000","-60,073,619.632","2,098,807.496","-36,280,000","-4,223,898.305","-4,800,000","-1,295,744.681","-35,840,000","-34,680,000","-1,671,653.543","-1,748,596.112","-3,401,814.882","-3,399,221.79","-3,383,333.333","-3,345,278.45","-6,465,573.77","-1,440,000","-1,500,000","-1,469,333.333","-2,105,479.452","-1,932,762.836","-2,542,105.263","-2,519,424.46","-3,760,000","-1,133,693.305","-1,880,952.381","-2,633,992.095","-1,863,959.391","-2,380,045.351","-2,560,000","-2,320,000","-4,200,000","-3,712,184.874","-350,000",,,,,,,,,,,,,,,