name,ttm,12/31/2021,09/30/2021,06/30/2021,03/31/2021,12/31/2020,09/30/2020,06/30/2020,03/31/2020,12/31/2019,09/30/2019,06/30/2019,03/31/2019,12/31/2018,09/30/2018,06/30/2018,03/31/2018,12/31/2017,09/30/2017,06/30/2017,03/31/2017,12/31/2016,09/30/2016,06/30/2016,03/31/2016,12/31/2015,09/30/2015,06/30/2015,03/31/2015,12/31/2014,09/30/2014,06/30/2014,03/31/2014,12/31/2013,09/30/2013,06/30/2013,03/31/2013
TotalRevenue,"14,720,000,000","3,997,000,000","3,752,000,000","3,401,000,000","3,570,000,000","3,741,000,000","3,588,000,000","3,491,000,000","3,987,000,000","4,133,000,000","4,474,000,000","4,245,000,000","4,318,000,000","4,397,000,000","4,269,000,000","3,800,000,000","3,917,000,000","3,978,000,000","3,952,000,000","3,694,000,000","3,680,000,000","3,713,000,000","3,565,000,000","3,295,000,000","3,301,000,000","3,295,000,000","3,187,000,000","3,027,000,000","2,976,000,000","3,140,000,000","2,975,000,000","2,832,000,000","2,858,000,000","2,979,000,000","2,817,000,000","2,632,000,000","2,643,000,000"
	OperatingRevenue,"14,720,000,000","3,997,000,000","3,752,000,000","3,401,000,000","3,570,000,000","3,741,000,000","3,588,000,000","3,491,000,000","3,987,000,000","4,133,000,000","4,474,000,000","4,245,000,000","4,318,000,000","4,397,000,000","4,269,000,000","3,800,000,000","3,917,000,000","3,978,000,000","3,952,000,000","3,694,000,000","3,680,000,000","3,713,000,000","3,565,000,000","3,295,000,000","3,301,000,000","3,295,000,000","3,187,000,000","3,027,000,000","2,976,000,000","3,140,000,000","2,975,000,000","2,832,000,000","2,858,000,000","2,979,000,000","2,817,000,000","2,632,000,000","2,643,000,000"
PretaxIncome,"5,503,000,000","1,047,000,000","1,500,000,000","1,641,000,000","1,315,000,000","944,000,000","412,000,000","59,000,000","382,000,000","921,000,000","1,375,000,000","1,129,000,000","1,462,000,000","1,012,000,000","893,000,000","892,000,000","847,000,000","875,000,000","879,000,000","788,000,000","782,000,000","908,000,000","963,000,000","771,000,000","928,000,000","868,000,000","919,000,000","861,000,000","883,000,000","853,000,000","879,000,000","764,000,000","890,000,000","692,000,000","1,021,000,000","856,000,000","573,000,000"
TaxProvision,"1,282,000,000","234,000,000","359,000,000","399,000,000","290,000,000","206,000,000","99,000,000","11,000,000","96,000,000","190,000,000","319,000,000","276,000,000","355,000,000","229,000,000","222,000,000","196,000,000","207,000,000","490,000,000","324,000,000","292,000,000","283,000,000","332,000,000","359,000,000","282,000,000","346,000,000","321,000,000","345,000,000","320,000,000","331,000,000","322,000,000","331,000,000","292,000,000","332,000,000","249,000,000","380,000,000","320,000,000","214,000,000"
NetIncomeCommonStockholders,"4,179,000,000","803,000,000","1,130,000,000","1,232,000,000","1,014,000,000","728,000,000","303,000,000","37,000,000","275,000,000","731,000,000","1,056,000,000","853,000,000","1,107,000,000","783,000,000","671,000,000","696,000,000","640,000,000","385,000,000","555,000,000","496,000,000","499,000,000","576,000,000","604,000,000","489,000,000","582,000,000","547,000,000","574,000,000","541,000,000","552,000,000","531,000,000","548,000,000","472,000,000","526,000,000","296,000,000","641,000,000","536,000,000","359,000,000"
	NetIncome,"4,221,000,000","813,000,000","1,141,000,000","1,242,000,000","1,025,000,000","738,000,000","313,000,000","48,000,000","286,000,000","731,000,000","1,056,000,000","853,000,000","1,107,000,000","783,000,000","671,000,000","696,000,000","640,000,000","385,000,000","555,000,000","496,000,000","499,000,000","576,000,000","604,000,000","489,000,000","582,000,000","547,000,000","574,000,000","541,000,000","552,000,000","531,000,000","548,000,000","472,000,000","558,000,000","443,000,000","641,000,000","536,000,000","359,000,000"
		NetIncomeIncludingNoncontrollingInterests,"4,221,000,000","813,000,000","1,141,000,000","1,242,000,000","1,025,000,000","738,000,000","313,000,000","48,000,000","286,000,000","731,000,000","1,056,000,000","853,000,000","1,107,000,000","783,000,000","671,000,000","696,000,000","640,000,000","385,000,000","555,000,000","496,000,000","499,000,000","576,000,000","604,000,000","489,000,000","582,000,000","547,000,000","574,000,000","541,000,000","552,000,000","531,000,000","548,000,000","472,000,000","558,000,000","443,000,000","641,000,000","536,000,000","359,000,000"
			NetIncomeContinuousOperations,"4,221,000,000","813,000,000","1,141,000,000","1,242,000,000","1,025,000,000","738,000,000","313,000,000","48,000,000","286,000,000","731,000,000","1,056,000,000","853,000,000","1,107,000,000","783,000,000","671,000,000","696,000,000","640,000,000","385,000,000","555,000,000","496,000,000","499,000,000","576,000,000","604,000,000","489,000,000","582,000,000","547,000,000","574,000,000","541,000,000","552,000,000","531,000,000","548,000,000","472,000,000","558,000,000","443,000,000","641,000,000","536,000,000","359,000,000"
	PreferredStockDividends,"42,000,000","10,000,000","11,000,000","10,000,000","11,000,000","10,000,000","10,000,000","11,000,000","11,000,000",,,,,,,,,,,,,,,,,,,,,,,,,,,,
	OtherunderPreferredStockDividend,"42,000,000","10,000,000","11,000,000","10,000,000","11,000,000","10,000,000","10,000,000","11,000,000","11,000,000",,,,,,,,,,,,,,,,,,,,,,,,"32,000,000",,,,
DilutedNIAvailtoComStockholders,"4,179,000,000","803,000,000","1,130,000,000","1,232,000,000","1,014,000,000","728,000,000","303,000,000","37,000,000","275,000,000","731,000,000","1,056,000,000","853,000,000","1,107,000,000","783,000,000","671,000,000","696,000,000","640,000,000","385,000,000","555,000,000","496,000,000","499,000,000","576,000,000","604,000,000","489,000,000","582,000,000","547,000,000","574,000,000","541,000,000","552,000,000","531,000,000","548,000,000","472,000,000","526,000,000","296,000,000","641,000,000","536,000,000","359,000,000"
BasicEPS,,"1.49","2.02","2.13","1.74","1.25","0.52","0.06","0.45","1.15","1.6","1.25","1.57","1.09","0.91","0.93","0.84","0.49","0.7","0.62","0.61","0.7","0.73","0.59","0.7","0.66","0.69","0.65","0.66","0.64","0.7","0.568","0.63",,"0.772","0.646","0.432"
DilutedEPS,,"1.48","2","2.12","1.73","1.24","0.52","0.06","0.45","1.15","1.6","1.24","1.56","1.09","0.91","0.92","0.83","0.49","0.7","0.61","0.61","0.7","0.73","0.58","0.7","0.65","0.69","0.65","0.66","0.64","0.7","0.568","0.63",,"0.771","0.645","0.432"
BasicAverageShares,,"537,800,000","560,600,000","577,200,000","583,300,000","583,900,000","583,800,000","583,700,000","604,900,000","633,700,000","658,300,000","683,600,000","706,300,000","718,700,000","734,900,000","752,200,000","763,700,000","778,700,000","787,300,000","804,000,000","813,100,000","820,500,000","828,400,000","833,900,000","833,800,000","833,800,000","833,800,000","833,800,000","833,800,000","833,800,000","782,000,000","830,270,833","830,271,000",,"830,271,000","830,271,000","830,271,000"
DilutedAverageShares,,"543,000,000","565,600,000","581,700,000","587,500,000","586,600,000","584,800,000","584,400,000","607,400,000","637,700,000","661,700,000","686,500,000","708,900,000","720,900,000","738,800,000","758,300,000","770,300,000","784,000,000","790,900,000","807,400,000","817,100,000","823,800,000","830,600,000","836,200,000","835,500,000","835,800,000","835,800,000","835,400,000","835,000,000","834,300,000","782,000,000","830,270,833","831,170,000",,"831,170,000","831,170,000","831,170,000"
NetIncomeFromContinuingAndDiscontinuedOperation,"4,221,000,000","813,000,000","1,141,000,000","1,242,000,000","1,025,000,000","738,000,000","313,000,000","48,000,000","286,000,000","731,000,000","1,056,000,000","853,000,000","1,107,000,000","783,000,000","671,000,000","696,000,000","640,000,000","385,000,000","555,000,000","496,000,000","499,000,000","576,000,000","604,000,000","489,000,000","582,000,000","547,000,000","574,000,000","541,000,000","552,000,000","531,000,000","548,000,000","472,000,000","558,000,000","443,000,000","641,000,000","536,000,000","359,000,000"
NormalizedIncome,"4,221,000,000","813,000,000","1,141,000,000","1,242,000,000","1,025,000,000","738,000,000","313,000,000","48,000,000","286,000,000","731,000,000","1,056,000,000","853,000,000","1,107,000,000","783,000,000","671,000,000","696,000,000","640,000,000","385,000,000","555,000,000","496,000,000","499,000,000","576,000,000","604,000,000","489,000,000","582,000,000","547,000,000","574,000,000","541,000,000","552,000,000","531,000,000","548,000,000","472,000,000","558,000,000","443,000,000","641,000,000","536,000,000","359,000,000"
InterestIncome,"15,271,000,000","4,053,000,000","3,898,000,000","3,578,000,000","3,742,000,000","3,993,000,000","3,837,000,000","3,830,000,000","4,407,000,000","4,585,000,000","4,981,000,000","4,738,000,000","4,786,000,000","4,876,000,000","4,694,000,000","4,174,000,000","4,244,000,000","4,291,000,000","4,233,000,000","3,970,000,000","3,913,000,000","3,947,000,000","3,796,000,000","3,515,000,000","3,520,000,000","3,509,000,000","3,392,000,000","3,177,000,000","3,150,000,000","3,260,000,000","3,123,000,000","2,926,000,000","2,933,000,000","3,037,000,000","2,886,000,000","2,686,000,000","2,704,000,000"
InterestExpense,"1,032,000,000","223,000,000","240,000,000","266,000,000","303,000,000","334,000,000","380,000,000","434,000,000","517,000,000","556,000,000","592,000,000","583,000,000","560,000,000","543,000,000","488,000,000","437,000,000","402,000,000","375,000,000","357,000,000","333,000,000","326,000,000","319,000,000","315,000,000","303,000,000","311,000,000","301,000,000","289,000,000","270,000,000","275,000,000","282,000,000","244,000,000","206,000,000","190,000,000","188,000,000","183,000,000","178,000,000","193,000,000"
NetInterestIncome,"14,239,000,000","3,830,000,000","3,658,000,000","3,312,000,000","3,439,000,000","3,659,000,000","3,457,000,000","3,396,000,000","3,890,000,000","4,029,000,000","4,389,000,000","4,155,000,000","4,226,000,000","4,333,000,000","4,206,000,000","3,737,000,000","3,842,000,000","3,916,000,000","3,876,000,000","3,637,000,000","3,587,000,000","3,628,000,000","3,481,000,000","3,212,000,000","3,209,000,000","3,208,000,000","3,103,000,000","2,907,000,000","2,875,000,000","2,978,000,000","2,879,000,000","2,720,000,000","2,743,000,000","2,849,000,000","2,703,000,000","2,508,000,000","2,511,000,000"
ReconciledDepreciation,"390,000,000","105,000,000","93,000,000","97,000,000","95,000,000","93,000,000","97,000,000","97,000,000","96,000,000","94,000,000","94,000,000","92,000,000","87,000,000","80,000,000","78,000,000","73,000,000","71,000,000","67,000,000","69,000,000","59,000,000","59,000,000","55,000,000","56,000,000","54,000,000","54,000,000","47,000,000","46,000,000","44,000,000","37,000,000","35,000,000","33,000,000","32,000,000","31,000,000","27,000,000","25,000,000","25,000,000","27,000,000"
NetIncomeFromContinuingOperationNetMinorityInterest,"4,221,000,000","813,000,000","1,141,000,000","1,242,000,000","1,025,000,000","738,000,000","313,000,000","48,000,000","286,000,000","731,000,000","1,056,000,000","853,000,000","1,107,000,000","783,000,000","671,000,000","696,000,000","640,000,000","385,000,000","555,000,000","496,000,000","499,000,000","576,000,000","604,000,000","489,000,000","582,000,000","547,000,000","574,000,000","541,000,000","552,000,000","531,000,000","548,000,000","472,000,000","558,000,000","443,000,000","641,000,000","536,000,000","359,000,000"
TaxRateForCalcs,"0.233","0.223","0.239","0.243","0.221","0.218","0.24","0.186","0.251","0.206","0.232","0.244","0.243","0.226","0.249","0.22","0.244","0.4","0.369","0.371","0.362","0.366","0.373","0.366","0.373","0.37","0.375","0.372","0.375","0.377","0.377","0.382","0.373","0.36","0.372","0.374","0.374"
TaxEffectOfUnusualItems,"0","0","0","0","0","0","0","0","0","0","0","0","0","0","0","0","0","0","0","0","0","0","0","0","0","0","0","0","0","0","0","0","0","0","0","0","0"