name,ttm,12/31/2021,09/30/2021,06/30/2021,03/31/2021,12/31/2020,09/30/2020,06/30/2020,03/31/2020,12/31/2019,09/30/2019,06/30/2019,03/31/2019,12/31/2018,09/30/2018,06/30/2018,03/31/2018,12/31/2017,09/30/2017,06/30/2017,03/31/2017,12/31/2016,09/30/2016,06/30/2016,03/31/2016,12/31/2015,09/30/2015,06/30/2015,03/31/2015,12/31/2014,09/30/2014,06/30/2014,03/31/2014,12/31/2013,09/30/2013,06/30/2013,03/31/2013,12/31/2012,09/30/2012,06/30/2012,03/31/2012,12/31/2011,09/30/2011,06/30/2011,03/31/2011,12/31/2010,09/30/2010,06/30/2010,03/31/2010,12/31/2009,09/30/2009,06/30/2009,03/31/2009,12/31/2008,09/30/2008,06/30/2008,03/31/2008,12/31/2007,09/30/2007,06/30/2007,03/31/2007,12/31/2006,09/30/2006,06/30/2006,03/31/2006,12/31/2005,09/30/2005,06/30/2005,03/31/2005,12/31/2004,09/30/2004,06/30/2004,03/31/2004,12/31/2003,09/30/2003,06/30/2003,03/31/2003,12/31/2002,09/30/2002,06/30/2002,03/31/2002,12/31/2001,09/30/2001,06/30/2001,03/31/2001,12/31/2000,09/30/2000,06/30/2000,03/31/2000,12/31/1999,09/30/1999,06/30/1999,03/31/1999,12/31/1998,09/30/1998,06/30/1998,03/31/1998,12/31/1997,09/30/1997,06/30/1997,03/31/1997,12/31/1996,09/30/1996,06/30/1996,03/31/1996,12/31/1995,09/30/1995,06/30/1995,03/31/1995,12/31/1994,09/30/1994,06/30/1994,03/31/1994,12/31/1993,09/30/1993,06/30/1993,03/31/1993,12/31/1992,09/30/1992,06/30/1992,03/31/1992,12/31/1991,09/30/1991,06/30/1991,03/31/1991,12/31/1990,09/30/1990,06/30/1990,03/31/1990,12/31/1989,09/30/1989,06/30/1989,03/31/1989,12/31/1988,09/30/1988,06/30/1988,03/31/1988,12/31/1987,09/30/1987,06/30/1987,03/31/1987,12/31/1986,09/30/1986,06/30/1986,03/31/1986,12/31/1985,09/30/1985
TotalRevenue,"17,108,000,000","4,701,000,000","4,160,000,000","4,294,000,000","3,953,000,000","4,262,000,000","3,737,000,000","2,764,000,000","3,588,000,000","4,131,000,000","3,587,000,000","3,650,000,000","3,516,000,000","3,796,000,000","3,242,000,000","3,322,000,000","3,241,000,000","3,471,000,000","3,006,000,000","3,012,000,000","2,955,000,000","3,157,000,000","2,833,000,000","2,840,000,000","2,495,000,000","2,715,000,000","2,420,000,000","2,432,000,000","2,379,000,000","2,618,000,000","2,389,000,000","2,363,000,000","2,305,000,000","2,468,000,000","2,151,000,000","2,212,000,000","2,190,000,000","2,338,000,000","2,052,000,000","2,106,000,000","2,161,000,000","2,215,000,000","2,031,000,000","2,045,500,000","2,015,200,000","1,995,100,000","1,767,600,000","1,758,200,000","1,799,100,000","1,834,200,000","1,653,300,000","1,634,300,000","1,601,300,000","1,718,200,000","1,653,000,000","1,712,600,000","1,634,400,000","1,658,100,000","1,453,200,000","1,463,700,000","1,489,300,000","1,462,800,000","1,294,000,000","1,327,900,000","1,320,900,000","1,278,500,000","1,171,900,000","1,218,600,000","1,202,500,000","1,155,500,000","1,028,700,000","1,043,000,000","1,035,100,000","1,001,300,000","885,400,000","891,700,000","846,900,000","829,200,000","745,600,000","733,900,000","702,900,000","709,300,000","619,000,000","639,000,000","634,200,000","612,400,000","548,400,000","566,500,000","562,100,000","559,100,000","498,900,000","523,300,000","522,400,000","321,400,000","261,000,000","267,300,000","253,600,000","254,400,000","238,100,000","248,000,000","239,500,000","243,500,000","223,600,000","225,400,000","217,600,000","224,100,000","205,400,000","228,500,000","214,000,000","204,600,000","174,300,000","154,200,000","148,800,000","145,200,000","136,900,000","140,000,000","135,200,000","130,000,000","117,400,000","117,100,000","112,600,000","100,600,000","89,900,000","88,600,000","85,700,000","77,600,000","67,600,000","67,800,000","67,600,000","60,500,000","54,700,000","56,800,000","53,900,000","47,700,000","44,400,000","43,900,000","42,700,000","37,200,000","36,900,000","36,900,000","37,200,000","29,700,000","30,400,000","30,400,000","30,700,000","25,600,000","25,900,000"
	OperatingRevenue,"17,108,000,000","4,701,000,000","4,160,000,000","4,294,000,000","3,953,000,000","4,262,000,000","3,737,000,000","2,764,000,000","3,588,000,000","4,131,000,000","3,587,000,000","3,650,000,000","3,516,000,000","3,796,000,000","3,242,000,000","3,322,000,000","3,241,000,000","3,471,000,000","3,006,000,000","3,012,000,000","2,955,000,000","3,157,000,000","2,833,000,000","2,840,000,000","2,495,000,000","2,715,000,000","2,420,000,000","2,432,000,000","2,379,000,000","2,618,000,000","2,389,000,000","2,363,000,000","2,305,000,000","2,468,000,000","2,151,000,000","2,212,000,000","2,190,000,000","2,338,000,000","2,052,000,000","2,106,000,000","2,161,000,000","2,215,000,000","2,031,000,000","2,045,500,000","2,015,200,000","1,995,100,000","1,767,600,000","1,758,200,000","1,799,100,000","1,834,200,000","1,653,300,000","1,634,300,000","1,601,300,000","1,718,200,000","1,653,000,000","1,712,600,000","1,634,400,000","1,658,100,000","1,453,200,000","1,463,700,000","1,489,300,000","1,462,800,000","1,294,000,000","1,327,900,000","1,320,900,000","1,278,500,000","1,171,900,000","1,218,600,000","1,202,500,000","1,155,500,000","1,028,700,000","1,043,000,000","1,035,100,000","1,001,300,000","885,400,000","891,700,000","846,900,000","829,200,000","745,600,000","733,900,000","702,900,000","709,300,000","619,000,000","639,000,000","634,200,000","612,400,000","548,400,000","566,500,000","562,100,000","559,100,000","498,900,000","523,300,000","522,400,000","321,400,000","261,000,000","267,300,000","253,600,000","254,400,000","238,100,000","248,000,000","239,500,000","243,500,000","223,600,000","225,400,000","217,600,000","224,100,000","205,400,000","228,500,000","214,000,000","204,600,000","174,300,000","154,200,000","148,800,000","145,200,000","136,900,000","140,000,000","135,200,000","130,000,000","117,400,000","117,100,000","112,600,000","100,600,000","89,900,000","88,600,000","85,700,000","77,600,000","67,600,000","67,800,000","67,600,000","60,500,000","54,700,000","56,800,000","53,900,000","47,700,000","44,400,000","43,900,000","42,700,000","37,200,000","36,900,000","36,900,000","37,200,000","29,700,000","30,400,000","30,400,000","30,700,000","25,600,000","25,900,000"
CostOfRevenue,"6,140,000,000","1,656,000,000","1,518,000,000","1,522,000,000","1,444,000,000","1,545,000,000","1,276,000,000","1,216,000,000","1,257,000,000","1,428,000,000","1,257,000,000","1,270,000,000","1,233,000,000","1,340,000,000","1,087,000,000","1,132,000,000","1,104,000,000","1,232,000,000","1,024,000,000","1,022,000,000","993,000,000","1,071,000,000","960,000,000","998,000,000","801,000,000","895,000,000","796,000,000","827,000,000","826,000,000","892,000,000","822,000,000","808,000,000","769,000,000","852,000,000","682,000,000","730,000,000","713,000,000","745,000,000","655,000,000","672,000,000","709,000,000","740,000,000","669,000,000","712,800,000","688,900,000","624,200,000","540,800,000","539,300,000","581,400,000","593,200,000","538,700,000","536,300,000","515,500,000","556,000,000","541,700,000","533,200,000","500,500,000","524,500,000","457,000,000","444,300,000","496,700,000","501,600,000","441,700,000","452,500,000","452,900,000","447,100,000","415,500,000","422,200,000","429,100,000","412,100,000","365,100,000","364,700,000","368,200,000","355,900,000","328,800,000","326,900,000","300,800,000","309,300,000","279,900,000","267,100,000","254,900,000","265,800,000","229,000,000","237,300,000","214,100,000","197,200,000","177,500,000","183,400,000","182,400,000","186,000,000","170,100,000","181,800,000","185,800,000","133,900,000","103,500,000","103,600,000","93,500,000","93,700,000","90,000,000","92,800,000","88,000,000","103,200,000","86,900,000","85,300,000","82,300,000","86,100,000","82,300,000","91,400,000","81,000,000","77,700,000","73,100,000","66,200,000","63,200,000","61,600,000","60,100,000","61,000,000","57,800,000","56,400,000","52,200,000","49,700,000","49,700,000","42,500,000","41,000,000","40,400,000","37,300,000","35,500,000","30,600,000","30,400,000","29,500,000","27,400,000","24,500,000","25,700,000",,,,,,,,,,,,,,,
GrossProfit,"10,968,000,000","3,045,000,000","2,642,000,000","2,772,000,000","2,509,000,000","2,717,000,000","2,461,000,000","1,548,000,000","2,331,000,000","2,703,000,000","2,330,000,000","2,380,000,000","2,283,000,000","2,456,000,000","2,155,000,000","2,190,000,000","2,137,000,000","2,239,000,000","1,982,000,000","1,990,000,000","1,962,000,000","2,086,000,000","1,873,000,000","1,842,000,000","1,694,000,000","1,820,000,000","1,624,000,000","1,605,000,000","1,553,000,000","1,726,000,000","1,567,000,000","1,555,000,000","1,536,000,000","1,616,000,000","1,469,000,000","1,482,000,000","1,477,000,000","1,593,000,000","1,397,000,000","1,434,000,000","1,452,000,000","1,475,000,000","1,362,000,000","1,332,700,000","1,326,300,000","1,370,900,000","1,226,800,000","1,218,900,000","1,217,700,000","1,241,000,000","1,114,600,000","1,098,000,000","1,085,800,000","1,162,200,000","1,111,300,000","1,179,400,000","1,133,900,000","1,133,600,000","996,200,000","1,019,400,000","992,600,000","961,200,000","852,300,000","875,400,000","868,000,000","831,400,000","756,400,000","796,400,000","773,400,000","743,400,000","663,600,000","678,300,000","666,900,000","645,400,000","556,600,000","564,800,000","546,100,000","519,900,000","465,700,000","466,800,000","448,000,000","443,500,000","390,000,000","401,700,000","420,100,000","415,200,000","370,900,000","383,100,000","379,700,000","373,100,000","328,800,000","341,500,000","336,600,000","187,500,000","157,500,000","163,700,000","160,100,000","160,700,000","148,100,000","155,200,000","151,500,000","140,300,000","136,700,000","140,100,000","135,300,000","138,000,000","123,100,000","137,100,000","133,000,000","126,900,000","101,200,000","88,000,000","85,600,000","83,600,000","76,800,000","79,000,000","77,400,000","73,600,000","65,200,000","67,400,000","62,900,000","58,100,000","48,900,000","48,200,000","48,400,000","42,100,000","37,000,000","37,400,000","38,100,000","33,100,000","30,200,000","31,100,000",,,,,,,,,,,,,,,
OperatingExpense,"8,281,000,000","2,221,000,000","2,052,000,000","1,964,000,000","2,044,000,000","1,947,000,000","1,600,000,000","1,568,000,000","1,702,000,000","1,746,000,000","1,653,000,000","1,650,000,000","1,742,000,000","1,745,000,000","1,575,000,000","1,516,000,000","1,542,000,000","1,518,000,000","1,393,000,000","1,417,000,000","1,382,000,000","1,371,000,000","1,330,000,000","1,314,000,000","1,156,000,000","1,192,000,000","1,096,000,000","1,064,000,000","1,093,000,000","511,000,000","1,113,000,000","1,353,000,000","1,400,000,000","1,174,000,000","1,306,000,000","1,183,000,000","1,077,000,000","1,193,000,000","935,000,000","970,000,000","962,000,000","981,000,000","918,000,000","932,400,000","902,800,000","861,000,000","756,300,000","770,800,000","771,300,000","727,000,000","736,200,000","708,200,000","706,600,000","757,000,000","747,200,000","778,500,000","750,200,000","770,700,000","307,300,000","704,500,000","667,300,000","655,300,000","597,900,000","583,500,000","593,200,000","556,900,000","524,000,000","534,800,000","527,200,000","510,600,000","468,500,000","458,200,000","473,700,000","451,000,000","397,500,000","403,400,000","389,700,000","362,100,000","328,700,000","328,100,000","316,800,000","306,900,000","283,000,000","286,700,000","306,900,000","292,700,000","270,000,000","279,900,000","274,600,000","266,700,000","242,000,000","252,300,000","254,300,000","150,900,000","108,400,000","112,700,000","107,800,000","109,500,000","104,700,000","110,200,000","107,400,000","121,200,000","100,000,000","101,500,000","95,500,000","96,000,000","88,500,000","98,400,000","90,900,000","86,300,000","72,000,000","62,700,000","60,100,000","57,100,000","55,500,000","57,200,000","55,100,000","50,800,000","48,500,000","50,600,000","45,500,000","42,000,000","37,400,000","36,400,000","36,200,000","33,100,000","29,000,000","28,900,000","28,100,000","25,200,000","22,800,000","23,300,000",,,,,,,,,,,,,,,
	SellingGeneralAndAdministration,"6,427,000,000","1,745,000,000","1,602,000,000","1,505,000,000","1,575,000,000","1,562,000,000","1,244,000,000","1,225,000,000","1,330,000,000","1,380,000,000","1,291,000,000","1,282,000,000","1,403,000,000","1,431,000,000","1,242,000,000","1,190,000,000","1,236,000,000","1,217,000,000","1,103,000,000","1,130,000,000","1,102,000,000","1,093,000,000","1,057,000,000","1,043,000,000","944,000,000","970,000,000","887,000,000","861,000,000","892,000,000","312,000,000","910,000,000","1,148,000,000","1,205,000,000","999,000,000","1,136,000,000","1,015,000,000","916,000,000","1,033,000,000","791,000,000","823,000,000","819,000,000","834,000,000","765,000,000","785,800,000","765,200,000","734,400,000","643,300,000","661,800,000","667,800,000","628,700,000","643,900,000","617,100,000","616,600,000","647,600,000","644,800,000","678,200,000","654,500,000","658,900,000","582,900,000","581,600,000","571,400,000","552,600,000","506,400,000","497,000,000","505,700,000","463,400,000","443,200,000","457,500,000","450,200,000","442,100,000","402,300,000","396,500,000","411,300,000","386,700,000","343,400,000","348,400,000","337,500,000","316,000,000","284,300,000","287,900,000","277,200,000","261,400,000","239,000,000","242,000,000","243,400,000","232,200,000","214,800,000","220,000,000","218,600,000","213,400,000","191,100,000","201,600,000","202,300,000","117,700,000","87,100,000","89,400,000","86,900,000","86,800,000","82,600,000","88,100,000","84,000,000","91,600,000","78,200,000","80,600,000","76,200,000","75,100,000","72,300,000","80,500,000","73,500,000","69,100,000","57,100,000","48,600,000","46,600,000","52,200,000","51,700,000","53,400,000","51,400,000","47,300,000","45,700,000","45,500,000","43,200,000","37,000,000","35,200,000","34,300,000","34,200,000","31,100,000","27,300,000","27,200,000","26,500,000","23,600,000","21,200,000","21,700,000",,,,,,,,,,,,,,,
	ResearchAndDevelopment,"1,235,000,000","331,000,000","306,000,000","310,000,000","288,000,000","255,000,000","242,000,000","233,000,000","254,000,000","254,000,000","246,000,000","246,000,000","225,000,000","221,000,000","221,000,000","216,000,000","204,000,000","205,000,000","198,000,000","192,000,000","192,000,000","189,000,000","184,000,000","183,000,000","159,000,000","164,000,000","155,000,000","154,000,000","152,000,000","153,000,000","153,000,000","158,000,000","150,000,000","139,000,000","136,000,000","132,000,000","129,000,000","129,000,000","114,000,000","116,000,000","112,000,000","115,000,000","122,000,000","114,500,000","110,900,000","110,700,000","98,600,000","94,600,000","90,000,000","89,500,000","83,700,000","82,600,000","80,400,000","99,800,000","92,600,000","90,300,000","85,100,000","101,800,000","96,800,000","92,100,000","84,600,000","91,200,000","80,400,000","75,900,000","77,100,000","83,000,000","70,300,000","65,900,000","60,600,000","56,300,000","54,600,000","50,500,000","49,600,000","48,000,000","44,100,000","44,900,000","43,200,000","37,500,000","35,900,000","34,400,000","33,600,000","36,100,000","35,000,000","35,400,000","35,400,000","33,400,000","29,400,000","30,800,000","28,600,000","26,800,000","26,900,000","26,300,000","25,200,000","19,700,000","13,000,000","15,400,000","13,000,000","14,600,000","14,300,000","14,400,000","13,700,000","16,500,000","14,300,000","13,800,000","12,300,000","11,500,000","9,700,000","11,700,000","10,800,000","10,400,000","10,200,000","9,800,000","9,200,000",,,,,,,,,,,,,,,,,,,,,,,,,,,,,,,,,,
	DepreciationAmortizationDepletionIncomeStatement,"619,000,000","145,000,000","144,000,000","149,000,000","181,000,000","130,000,000","114,000,000","110,000,000","118,000,000","112,000,000","116,000,000","122,000,000","114,000,000","93,000,000","112,000,000","110,000,000","102,000,000","96,000,000","92,000,000","95,000,000","88,000,000","89,000,000","89,000,000","88,000,000","53,000,000","58,000,000","54,000,000","49,000,000","49,000,000","46,000,000","50,000,000","47,000,000","45,000,000","36,000,000","34,000,000","36,000,000","32,000,000","31,000,000","30,000,000","31,000,000","31,000,000","32,000,000","31,000,000","32,100,000","26,700,000","15,900,000","14,400,000","14,400,000","13,500,000","8,800,000","8,600,000","8,500,000","9,600,000","9,600,000","9,800,000","10,000,000","10,600,000","10,000,000","9,200,000","11,000,000","11,300,000","11,500,000","11,100,000","10,600,000","10,400,000","10,500,000","10,500,000","11,400,000","16,400,000","12,200,000","11,600,000","11,200,000","12,800,000","16,300,000","10,000,000","10,100,000","9,000,000","8,600,000","8,500,000","5,800,000","6,000,000","9,400,000","9,000,000","9,300,000","28,100,000","27,100,000","25,800,000","29,100,000","27,400,000","26,500,000","24,000,000","24,400,000","26,800,000","13,500,000","8,300,000","7,900,000","7,900,000","8,100,000","7,800,000","7,700,000","9,700,000","13,100,000","7,500,000","7,100,000","7,000,000","9,400,000","6,500,000","6,200,000","6,600,000","6,800,000","4,700,000","4,300,000","4,300,000","4,900,000","3,800,000","3,800,000","3,700,000","3,500,000","2,800,000","5,100,000","2,300,000","5,000,000","2,200,000","2,100,000","2,000,000","2,000,000","1,700,000","1,700,000","1,600,000","1,600,000","1,600,000","1,600,000",,,,,,,,,,,,,,,
		DepreciationAndAmortizationInIncomeStatement,"619,000,000","145,000,000","144,000,000","149,000,000","181,000,000","130,000,000","114,000,000","110,000,000","118,000,000","112,000,000","116,000,000","122,000,000","114,000,000","93,000,000","112,000,000","110,000,000","102,000,000","96,000,000","92,000,000","95,000,000","88,000,000","89,000,000","89,000,000","88,000,000","53,000,000","58,000,000","54,000,000","49,000,000","49,000,000","46,000,000","50,000,000","47,000,000","45,000,000","36,000,000","34,000,000","36,000,000","32,000,000","31,000,000","30,000,000","31,000,000","31,000,000","32,000,000","31,000,000","32,100,000","26,700,000","15,900,000","14,400,000","14,400,000","13,500,000","8,800,000","8,600,000","8,500,000","9,600,000","9,600,000","9,800,000","10,000,000","10,600,000","10,000,000","9,200,000","11,000,000","11,300,000","11,500,000","11,100,000","10,600,000","10,400,000","10,500,000","10,500,000","11,400,000","16,400,000","12,200,000","11,600,000","11,200,000","12,800,000","16,300,000","10,000,000","10,100,000","9,000,000","8,600,000","8,500,000","5,800,000","6,000,000","9,400,000","9,000,000","9,300,000","28,100,000","27,100,000","25,800,000","29,100,000","27,400,000","26,500,000","24,000,000","24,400,000","26,800,000","13,500,000","8,300,000","7,900,000","7,900,000","8,100,000","7,800,000","7,700,000","9,700,000","13,100,000","7,500,000","7,100,000","7,000,000","9,400,000","6,500,000","6,200,000","6,600,000","6,800,000","4,700,000","4,300,000","4,300,000","4,900,000","3,800,000","3,800,000","3,700,000","3,500,000","2,800,000","5,100,000","2,300,000","5,000,000","2,200,000","2,100,000","2,000,000","2,000,000","1,700,000","1,700,000","1,600,000","1,600,000","1,600,000","1,600,000",,,,,,,,,,,,,,,
			DepreciationIncomeStatement,,,,,,,,,,,,,,,,,,,,,,,,,,,,,,,,,,,,,,,,,,,,,,,,,,,,,,,,,,,,,,,,,,,,,,,,,,,,,,,,,,,,,"18,200,000","18,700,000","17,200,000","19,600,000","19,200,000","18,000,000","15,600,000","15,900,000","18,300,000",,,,,,,,,,,,,,,,,,,,,,,,,,,,,,,,,,,,,,,,,,,,,,,,,,,,,,
			Amortization,"619,000,000","145,000,000","144,000,000","149,000,000","181,000,000","130,000,000","114,000,000","110,000,000","118,000,000","112,000,000","116,000,000","122,000,000","114,000,000","93,000,000","112,000,000","110,000,000","102,000,000","96,000,000","92,000,000","95,000,000","88,000,000","89,000,000","89,000,000","88,000,000","53,000,000","58,000,000","54,000,000","49,000,000","49,000,000","46,000,000","50,000,000","47,000,000","45,000,000","36,000,000","34,000,000","36,000,000","32,000,000","31,000,000","30,000,000","31,000,000","31,000,000","32,000,000","31,000,000","32,100,000","26,700,000","15,900,000","14,400,000","14,400,000","13,500,000","8,800,000","8,600,000","8,500,000","9,600,000","9,600,000","9,800,000","10,000,000","10,600,000","10,000,000","9,200,000","11,000,000","11,300,000","11,500,000","11,100,000","10,600,000","10,400,000","10,500,000","10,500,000","11,400,000","16,400,000","12,200,000","11,600,000","11,200,000","12,800,000","16,300,000","10,000,000","10,100,000","9,000,000","8,600,000","8,500,000","5,800,000","6,000,000","9,400,000","9,000,000","9,300,000","9,900,000","8,400,000","8,600,000","9,500,000","8,200,000","8,500,000","8,400,000","8,500,000","8,500,000",,,,,,,,,,,,,,,,,,,,,,,,,,,,,,,,,,,,,,,,,,,,,,,,,,,,,,
				AmortizationOfIntangiblesIncomeStatement,"619,000,000","145,000,000","144,000,000","149,000,000","181,000,000","130,000,000","114,000,000","110,000,000","118,000,000","112,000,000","116,000,000","122,000,000","114,000,000","93,000,000","112,000,000","110,000,000","102,000,000","96,000,000","92,000,000","95,000,000","88,000,000","89,000,000","89,000,000","88,000,000","53,000,000","58,000,000","54,000,000","49,000,000","49,000,000","46,000,000","50,000,000","47,000,000","45,000,000","36,000,000","34,000,000","36,000,000","32,000,000","31,000,000","30,000,000","31,000,000","31,000,000","32,000,000","31,000,000","32,100,000","26,700,000","15,900,000","14,400,000","14,400,000","13,500,000","8,800,000","8,600,000","8,500,000","9,600,000","9,600,000","9,800,000","10,000,000","10,600,000","10,000,000","9,200,000","11,000,000","11,300,000","11,500,000","11,100,000","10,600,000","10,400,000","10,500,000","10,500,000","11,400,000","16,400,000","12,200,000","11,600,000","11,200,000","12,800,000","16,300,000","10,000,000","10,100,000","9,000,000","8,600,000","8,500,000","5,800,000","6,000,000","9,400,000","9,000,000","9,300,000","9,900,000","8,400,000","8,600,000","9,500,000","8,200,000","8,500,000","8,400,000","8,500,000","8,500,000",,,,,,,,,,,,,,,,,,,,,,,,,,,,,,,,,,,,,,,,,,,,,,,,,,,,,,
	OtherOperatingExpenses,,,,,,,,,,,,,,,,,,,,,,,,,,,,,,,,,,,,,,,,,,,,,,,,,,,,,,,,,,"0","-381,600,000","19,800,000",,,,,,,,,,,,,,,,,,,,,,,,,,,,,,,,,,,,,,,,,,,,,,,,,,,,,,,,,,,,,,,,,,,,,,,,,,,,,,,,,,,,,,,
OperatingIncome,"2,687,000,000","824,000,000","590,000,000","808,000,000","465,000,000","770,000,000","861,000,000","-20,000,000","629,000,000","957,000,000","677,000,000","730,000,000","541,000,000","711,000,000","580,000,000","674,000,000","595,000,000","721,000,000","589,000,000","573,000,000","580,000,000","715,000,000","543,000,000","528,000,000","538,000,000","628,000,000","528,000,000","541,000,000","460,000,000","1,215,000,000","454,000,000","202,000,000","136,000,000","442,000,000","163,000,000","299,000,000","400,000,000","400,000,000","462,000,000","464,000,000","490,000,000","494,000,000","444,000,000","400,300,000","423,500,000","509,900,000","470,500,000","448,100,000","446,400,000","514,000,000","378,400,000","389,800,000","379,200,000","405,200,000","364,100,000","400,900,000","383,700,000","362,900,000","688,900,000","314,900,000","325,300,000","305,900,000","254,400,000","291,900,000","274,800,000","274,500,000","232,400,000","261,600,000","246,200,000","232,800,000","195,100,000","220,100,000","193,200,000","194,400,000","159,100,000","161,400,000","156,400,000","157,800,000","137,000,000","138,700,000","131,200,000","136,600,000","107,000,000","115,000,000","113,200,000","122,500,000","100,900,000","103,200,000","105,100,000","106,400,000","86,800,000","89,200,000","82,300,000","36,600,000","49,100,000","51,000,000","52,300,000","51,200,000","43,400,000","45,000,000","44,100,000","19,100,000","36,700,000","38,600,000","39,800,000","42,000,000","34,600,000","38,700,000","42,100,000","40,600,000","29,200,000","25,300,000","25,500,000","26,500,000","21,300,000","21,800,000","22,300,000","22,800,000","16,700,000","16,800,000","17,400,000","16,100,000","11,500,000","11,800,000","12,200,000","9,000,000","8,000,000","8,500,000","10,000,000","7,900,000","7,400,000","7,800,000","53,900,000","-104,500,000","44,400,000","43,900,000","42,700,000","-88,900,000","36,900,000","36,900,000","37,200,000","-73,100,000","30,400,000","30,400,000","30,700,000","-61,400,000","25,900,000"
NetNonOperatingInterestIncomeExpense,,,,,,,,,,,,,,,,,,,,,,,,,,,,,,,,,,,,,,,"-6,000,000",,"0",,,,"-10,400,000",,,,,,,,,,,,,,,,,,,,,,,,,,,,,,,,,,,,,,,,,,,,,,,,,,,,,,,,,,,,,,,,,,,,,,,,,,,,,,,,,,,,,,,,,,,,,,,,,,,,,,
	InterestIncomeNonOperating,,,,,,,,,,,,,,,,,,,,,,,,,,,,,,,,,,,,,,,"12,000,000",,,,,,"6,600,000",,,,,,,,,,,,,,,,,,,,,,,,,,,,,,,,,,,,,,,,,,,,,,,,,,,,,,,,,,,,,,,,,,,,,,,,,,,,,,,,,,,,,,,,,,,,,,,,,,,,,,
	InterestExpenseNonOperating,,,,,,,,,,,,,,,,,,,,,,,,,,,,,,,,,,,,,,,"18,000,000",,"0",,,,"17,000,000",,,,,,,,,,,,,,,,,,,,,,,,,,,,,,,,,,,,,,,,,,,,,,,,,,,,,,,,,,,,,,,,,,,,,,,,,,,,,,,,,,,,,,,,,,,,,,,,,,,,,,
OtherIncomeExpense,"-406,000,000","-67,000,000","-95,000,000","-146,000,000","-98,000,000","-99,000,000","-81,000,000","-67,000,000","-39,000,000","-21,000,000","-96,000,000","-165,000,000","-61,000,000","-54,000,000","-46,000,000","-51,000,000","-53,000,000","-72,000,000","-118,000,000","-129,000,000","-81,000,000","-127,000,000","-124,000,000","-95,000,000","-57,000,000","-16,000,000","-183,000,000","-140,000,000","-83,000,000","-754,000,000","-29,000,000","-35,000,000","-29,000,000","-11,000,000","-26,000,000","-30,000,000","-25,000,000","-66,000,000","-12,000,000","-29,000,000","-22,000,000","-61,000,000","-13,000,000","9,700,000","-1,300,000","-130,600,000","-8,600,000","-5,500,000","-600,000","9,100,000","-64,000,000","10,200,000","7,200,000","27,500,000","11,900,000","19,200,000","20,300,000","21,100,000","10,600,000","-2,900,000","13,800,000","11,600,000","8,000,000","4,700,000","-47,500,000","-10,000,000","-600,000","-200,000","-600,000","1,700,000","-121,300,000","-100,000","2,300,000","1,900,000","-400,000","800,000","1,500,000","300,000","-17,900,000","-500,000","400,000","2,000,000",,"-100,000","2,000,000","-1,000,000","-1,400,000","2,600,000","-400,000","-9,800,000","-57,200,000","-63,400,000","-81,900,000","-139,700,000","4,400,000","3,300,000","3,100,000","2,800,000","1,900,000","1,800,000","4,000,000","19,600,000","2,200,000","2,500,000","1,900,000","2,100,000","1,400,000","1,600,000","800,000","1,900,000","500,000","2,200,000","2,600,000","1,200,000","1,200,000","800,000","900,000","700,000","1,000,000","1,000,000","400,000","700,000","600,000","200,000","400,000","800,000","1,100,000","400,000","100,000","100,000","200,000","-400,000",,,,,,,,,,,,,,,
	SpecialIncomeCharges,"-103,000,000","-5,000,000","-16,000,000","-76,000,000","-6,000,000","-21,000,000","-2,000,000","0","6,000,000","-13,000,000","-49,000,000","-117,000,000","-13,000,000","-13,000,000","-4,000,000","-2,000,000","-4,000,000","-9,000,000","-66,000,000","-72,000,000","-26,000,000","-54,000,000","-57,000,000","-28,000,000","-19,000,000","20,000,000","-150,000,000","-112,000,000","-54,000,000","-747,000,000","-4,000,000","-5,000,000","-5,000,000","-12,000,000","-13,000,000","-9,000,000","-14,000,000","-30,000,000","-12,000,000","-29,000,000","-22,000,000","-61,000,000","-13,000,000","9,700,000","-1,300,000","-130,600,000","-8,600,000","-5,500,000","-600,000","9,100,000","-64,000,000","10,200,000","7,200,000","27,500,000","11,900,000","19,200,000","20,300,000","21,100,000","10,600,000","-2,900,000","13,800,000","11,600,000","8,000,000","4,700,000","-47,500,000","-10,000,000","-600,000","-200,000","-600,000","1,700,000","-121,300,000","-100,000","2,300,000","1,900,000","-400,000","800,000","1,500,000","300,000","-17,900,000","-500,000","400,000","2,000,000",,"-100,000","2,000,000","-1,000,000","-1,400,000","2,600,000","-400,000","-9,800,000","-57,200,000","-63,400,000","-81,900,000","-139,700,000","4,400,000","3,300,000","3,100,000","2,800,000","1,900,000","1,800,000","4,000,000","19,600,000","2,200,000","2,500,000","1,900,000","2,100,000","1,400,000","1,600,000","800,000","1,900,000","500,000","2,200,000","2,600,000","1,200,000","1,200,000","800,000","900,000","700,000","1,000,000","1,000,000","400,000","700,000","600,000","200,000","400,000","800,000","1,100,000","400,000","100,000","100,000","200,000","-400,000",,,,,,,,,,,,,,,
		RestructuringAndMergernAcquisition,,,,,,,,,,,,,,,,,,,,,,,,,,,,,,,"4,000,000","5,000,000","5,000,000","12,000,000","13,000,000","9,000,000","14,000,000","30,000,000","12,000,000","19,000,000","14,000,000",,,,,"0","0",,,"0","67,000,000",,,,,,,,,,,,,,,,,,,,,,,,,,,,,,,,,,,,,,,"12,200,000","57,300,000","65,400,000","82,200,000",,,,,,,,,,,,,,,,,,,,,,,,,,,,,,,,,,,,,,,,,,,,,,,,,,,,,,
		OtherSpecialCharges,"103,000,000","5,000,000","16,000,000","76,000,000","6,000,000","21,000,000","2,000,000",,"-6,000,000","13,000,000","49,000,000","117,000,000","13,000,000","13,000,000","4,000,000","2,000,000","4,000,000","9,000,000","66,000,000","72,000,000","26,000,000","54,000,000","57,000,000","28,000,000","19,000,000","-20,000,000","150,000,000","112,000,000","54,000,000",,,,,,,,,,"6,000,000","10,000,000","8,000,000",,,,,"7,100,000","8,600,000",,,"-9,100,000","-3,000,000",,,,,,,,,,,,,,,,,,,,,,,,,,,,,,,,,,,,,,,"-2,400,000","-100,000","-2,000,000","-300,000",,,,,,,,,,,,,,,,,,,,,,,,,,,,,,,,,,,,,,,,,,,,,,,,,,,,,,
	OtherNonOperatingIncomeExpenses,"-303,000,000","-62,000,000","-79,000,000","-70,000,000","-92,000,000","-78,000,000","-79,000,000","-67,000,000","-45,000,000","-8,000,000","-47,000,000","-48,000,000","-48,000,000","-41,000,000","-42,000,000","-49,000,000","-49,000,000","-63,000,000","-52,000,000","-57,000,000","-55,000,000","-73,000,000","-67,000,000","-67,000,000","-38,000,000","-36,000,000","-33,000,000","-28,000,000","-29,000,000","-7,000,000","-25,000,000","-30,000,000","-24,000,000","1,000,000","-13,000,000","-21,000,000","-11,000,000","-12,000,000",,,,,,,,,,,,,,,,,,,,,,,,,,,,,,,,,,,,,,,,,,,,,,,,,,,,,,,,,,,,,,,,,,,,,,,,,,,,,,,,,,,,,,,,,,,,,,,,,,,,,,,,,,,,,
PretaxIncome,"2,281,000,000","757,000,000","495,000,000","662,000,000","367,000,000","671,000,000","780,000,000","-87,000,000","590,000,000","936,000,000","581,000,000","565,000,000","480,000,000","657,000,000","534,000,000","623,000,000","542,000,000","649,000,000","471,000,000","444,000,000","499,000,000","588,000,000","419,000,000","433,000,000","481,000,000","612,000,000","345,000,000","401,000,000","377,000,000","461,000,000","425,000,000","167,000,000","107,000,000","431,000,000","137,000,000","269,000,000","375,000,000","358,000,000","444,000,000","435,000,000","468,000,000","433,000,000","431,000,000","410,000,000","411,800,000","379,300,000","461,900,000","442,600,000","445,800,000","523,100,000","314,400,000","400,000,000","386,400,000","380,100,000","376,000,000","420,100,000","404,000,000","384,000,000","317,900,000","331,800,000","339,100,000","317,500,000","262,400,000","296,600,000","227,300,000","264,500,000","231,800,000","261,400,000","245,600,000","232,300,000","72,400,000","218,200,000","194,100,000","192,900,000","152,900,000","155,800,000","150,900,000","149,300,000","108,200,000","128,200,000","121,000,000","121,700,000","90,000,000","98,100,000","95,700,000","100,800,000","75,800,000","79,800,000","78,500,000","67,300,000","200,000","-6,200,000","-31,500,000","-103,100,000","53,500,000","54,300,000","55,400,000","54,900,000","45,800,000","46,700,000","47,800,000","46,200,000","39,000,000","40,100,000","40,900,000","43,300,000","34,500,000","37,300,000","38,800,000","39,200,000","28,600,000","27,400,000","27,900,000","27,700,000","22,600,000","22,600,000","23,400,000","23,500,000","17,800,000","17,900,000","17,800,000","16,800,000","12,100,000","11,900,000","12,600,000","9,900,000","9,200,000","8,900,000","10,200,000","7,800,000","7,600,000","7,300,000",,,,,,,,,,,,,,,
TaxProvision,"287,000,000","95,000,000","57,000,000","70,000,000","65,000,000","103,000,000","159,000,000","-4,000,000","97,000,000","211,000,000","115,000,000","85,000,000","68,000,000","-1,411,000,000","-56,000,000","171,000,000","99,000,000","898,000,000","37,000,000","53,000,000","55,000,000","78,000,000","64,000,000","53,000,000","79,000,000","90,000,000","44,000,000","9,000,000","153,000,000","201,000,000","368,000,000","39,000,000","37,000,000","45,000,000","34,000,000","56,000,000","71,000,000","88,000,000","91,000,000","110,000,000","118,000,000","32,000,000","104,000,000","100,900,000","104,400,000","84,300,000","124,200,000","123,600,000","124,100,000","217,100,000","85,400,000","108,700,000","105,300,000","102,400,000","102,200,000","114,300,000","113,500,000","107,900,000","89,200,000","91,700,000","95,600,000","89,600,000","74,000,000","82,700,000","79,800,000","78,800,000","99,700,000","77,100,000","72,500,000","69,600,000","58,000,000","65,500,000","58,200,000","58,800,000","45,100,000","48,300,000","46,800,000","43,200,000","35,700,000","42,300,000","39,900,000","39,900,000","30,000,000","32,400,000","31,600,000","34,300,000","25,800,000","27,100,000","26,700,000","23,500,000","100,000","-2,500,000","-10,700,000","-36,700,000","18,700,000","19,000,000","19,400,000","18,000,000","16,800,000","17,300,000","17,800,000","15,400,000","14,800,000","15,600,000","15,900,000","17,600,000","14,400,000","16,900,000","18,000,000","17,900,000","11,900,000","10,400,000","10,600,000","9,900,000","8,600,000","8,600,000","8,900,000","8,900,000","6,800,000","6,800,000","6,800,000","6,400,000","4,600,000","4,500,000","4,800,000","3,800,000","3,500,000","3,400,000","3,900,000","3,000,000","2,900,000","2,700,000",,,,,,,,,,,,,,,
NetIncomeCommonStockholders,"1,994,000,000","662,000,000","438,000,000","592,000,000","302,000,000","568,000,000","621,000,000","-83,000,000","493,000,000","725,000,000","466,000,000","480,000,000","412,000,000","2,068,000,000","590,000,000","452,000,000","443,000,000","-249,000,000","434,000,000","391,000,000","444,000,000","510,000,000","355,000,000","380,000,000","402,000,000","522,000,000","301,000,000","392,000,000","224,000,000","260,000,000","57,000,000","128,000,000","70,000,000","386,000,000","103,000,000","213,000,000","304,000,000","270,000,000","353,000,000","325,000,000","350,000,000","401,000,000","327,000,000","309,100,000","307,400,000","295,000,000","337,700,000","319,000,000","321,700,000","306,000,000","229,000,000","291,300,000","281,100,000","277,700,000","273,800,000","305,800,000","290,500,000","276,100,000","228,700,000","509,200,000","243,500,000","227,900,000","188,400,000","213,900,000","147,500,000","185,700,000","132,100,000","184,300,000","173,100,000","162,700,000","14,400,000","152,700,000","135,900,000","134,100,000","107,800,000","107,500,000","104,100,000","106,100,000","72,500,000","85,900,000","81,100,000","77,000,000","61,000,000","65,700,000","64,100,000","66,500,000","50,000,000","52,700,000","51,800,000","43,800,000","100,000","-3,700,000","-20,800,000","-66,400,000","34,800,000","35,300,000","36,000,000","36,900,000","29,000,000","29,400,000","30,000,000","30,800,000","24,200,000","24,500,000","25,000,000","25,700,000","20,100,000","20,400,000","20,800,000","21,300,000","16,700,000","17,000,000","17,300,000","17,800,000","14,000,000","14,000,000","14,500,000","14,600,000","11,000,000","11,100,000","11,000,000","10,400,000","7,500,000","7,400,000","7,800,000","6,100,000","5,700,000","5,500,000","6,300,000","4,800,000","4,700,000","4,600,000",,,,,,,,,,,,,,,
	NetIncome,"1,994,000,000","662,000,000","438,000,000","592,000,000","302,000,000","568,000,000","621,000,000","-83,000,000","493,000,000","725,000,000","466,000,000","480,000,000","412,000,000","2,068,000,000","590,000,000","452,000,000","443,000,000","-249,000,000","434,000,000","391,000,000","444,000,000","510,000,000","355,000,000","380,000,000","402,000,000","522,000,000","301,000,000","392,000,000","224,000,000","260,000,000","57,000,000","128,000,000","70,000,000","386,000,000","103,000,000","213,000,000","304,000,000","270,000,000","353,000,000","325,000,000","350,000,000","401,000,000","327,000,000","309,100,000","307,400,000","295,000,000","337,700,000","319,000,000","321,700,000","306,000,000","229,000,000","291,300,000","281,100,000","277,700,000","273,800,000","305,800,000","290,500,000","276,100,000","228,700,000","509,200,000","243,500,000","227,900,000","188,400,000","213,900,000","147,500,000","185,700,000","132,100,000","184,300,000","173,100,000","162,700,000","14,400,000","152,700,000","135,900,000","134,100,000","107,800,000","107,500,000","104,100,000","106,100,000","72,500,000","85,900,000","81,100,000","77,000,000","61,000,000","65,700,000","64,100,000","66,500,000","50,000,000","52,700,000","51,800,000","43,800,000","100,000","-3,700,000","-20,800,000","-66,400,000","34,800,000","35,300,000","36,000,000","36,900,000","29,000,000","29,400,000","30,000,000","30,800,000","24,200,000","24,500,000","25,000,000","25,700,000","20,100,000","20,400,000","20,800,000","21,300,000","16,700,000","17,000,000","17,300,000","17,800,000","14,000,000","14,000,000","14,500,000","14,600,000","11,000,000","11,100,000","11,000,000","10,400,000","7,500,000","7,400,000","7,800,000","6,100,000","5,700,000","5,500,000","6,300,000","4,800,000","4,700,000","4,600,000",,,,,,,,,,,,,,,
		NetIncomeIncludingNoncontrollingInterests,"1,994,000,000","662,000,000","438,000,000","592,000,000","302,000,000","568,000,000","621,000,000","-83,000,000","493,000,000","725,000,000","466,000,000","480,000,000","412,000,000","2,068,000,000","590,000,000","452,000,000","443,000,000","-249,000,000","434,000,000","391,000,000","444,000,000","510,000,000","355,000,000","380,000,000","402,000,000","522,000,000","301,000,000","392,000,000","224,000,000","260,000,000","57,000,000","128,000,000","70,000,000","386,000,000","103,000,000","213,000,000","304,000,000","270,000,000","353,000,000","325,000,000","350,000,000","401,000,000","327,000,000","309,100,000","307,400,000","295,000,000","337,700,000","319,000,000","321,700,000","306,000,000","229,000,000","291,300,000","281,100,000","277,700,000","273,800,000","305,800,000","290,500,000","276,100,000","228,700,000","509,200,000","243,500,000","227,900,000","188,400,000","213,900,000","147,500,000","185,700,000","132,100,000","184,300,000","173,100,000","162,700,000","14,400,000","152,700,000","135,900,000","134,100,000","107,800,000","107,500,000","104,100,000","106,100,000","72,500,000","85,900,000","81,100,000","77,000,000","61,000,000","65,700,000","64,100,000","66,500,000","50,000,000","52,700,000","51,800,000","43,800,000","100,000","-3,700,000","-20,800,000","-66,400,000","34,800,000","35,300,000","36,000,000","35,900,000","28,700,000","29,500,000","30,300,000","23,200,000","24,200,000","25,500,000","25,900,000","26,500,000","21,500,000","23,300,000","24,900,000","24,600,000","17,800,000","17,000,000","17,300,000","17,800,000","14,000,000","14,000,000","14,500,000","14,600,000","11,000,000","11,100,000","11,000,000","10,400,000","7,500,000","7,400,000","7,800,000","6,100,000","5,700,000","5,500,000","6,300,000","4,800,000","4,700,000","4,600,000","5,100,000","3,900,000","3,900,000","3,800,000","4,200,000","2,900,000","3,200,000","3,000,000","3,500,000","2,300,000","2,500,000","2,500,000","2,800,000","1,900,000","2,100,000"
			NetIncomeContinuousOperations,"1,994,000,000","662,000,000","438,000,000","592,000,000","302,000,000","568,000,000","621,000,000","-83,000,000","493,000,000","725,000,000","466,000,000","480,000,000","412,000,000","2,068,000,000","590,000,000","452,000,000","443,000,000","-249,000,000","434,000,000","391,000,000","444,000,000","510,000,000","355,000,000","380,000,000","402,000,000","522,000,000","301,000,000","392,000,000","224,000,000","260,000,000","57,000,000","128,000,000","70,000,000","386,000,000","103,000,000","213,000,000","304,000,000","270,000,000","353,000,000","325,000,000","350,000,000","401,000,000","327,000,000","309,100,000","307,400,000","295,000,000","337,700,000","319,000,000","321,700,000","306,000,000","229,000,000","291,300,000","281,100,000","277,700,000","273,800,000","305,800,000","290,500,000","276,100,000","228,700,000","240,100,000","243,500,000","227,900,000","188,400,000","213,900,000","147,500,000","185,700,000","132,100,000","184,300,000","173,100,000","162,700,000","14,400,000","152,700,000","135,900,000","134,100,000","107,800,000","107,500,000","104,100,000","106,100,000","72,500,000","85,900,000","81,100,000","81,800,000","61,000,000","65,700,000","64,100,000","66,500,000","50,000,000","52,700,000","51,800,000","43,800,000","100,000","-3,700,000","-20,800,000","-66,400,000","34,800,000","35,300,000","36,000,000","36,900,000","29,000,000","29,400,000","30,000,000","30,800,000","24,200,000","24,500,000","25,000,000","25,700,000","20,100,000","20,400,000","20,800,000","21,300,000","16,700,000","17,000,000","17,300,000","17,800,000","14,000,000","14,000,000","14,500,000","14,600,000","11,000,000","11,100,000","11,000,000","10,400,000","7,500,000","7,400,000","7,800,000","6,100,000","5,700,000","5,500,000","6,300,000","4,800,000","4,700,000","4,600,000","5,100,000","3,900,000","3,900,000","3,800,000","4,200,000","2,900,000","3,200,000","3,000,000","3,500,000","2,300,000","2,500,000","2,500,000","2,800,000","1,900,000","2,100,000"
			NetIncomeDiscontinuousOperations,,,,,,,,,,,,,,,,,,,,,,,,,,,,,,,,,,,,,,,,,,,,,,,,,,,,,,,,,,"0",,"269,100,000",,,,,,,,,,,,,,,,,,,,,,,,,,,,,,,,,,,,,,,,,,,,,,,,,,,,,,,,,,,,,,,,,,,,,,,,,,,,,,,,,,,,,,,
		MinorityInterests,,,,,,,,,,,,,,,,,,,,,,,,,,,,,,,,,,,,,,,,,,,,,,,,,,,,,,,,,,,,,,,,,,,,,,,,,,,,,,,,,,,,,,,,,,,,,,,,,,"1,000,000","300,000","-100,000","-300,000","7,600,000",,"-1,000,000","-900,000","-800,000","-1,400,000","-2,900,000","-4,100,000","-3,300,000","-1,100,000",,,,,,,,,,,,,,,,,,,,,,,,,,,,,,,,,,,,
DilutedNIAvailtoComStockholders,"1,994,000,000","662,000,000","438,000,000","592,000,000","302,000,000","568,000,000","621,000,000","-83,000,000","493,000,000","725,000,000","466,000,000","480,000,000","412,000,000","2,068,000,000","590,000,000","452,000,000","443,000,000","-249,000,000","434,000,000","391,000,000","444,000,000","510,000,000","355,000,000","380,000,000","402,000,000","522,000,000","301,000,000","392,000,000","224,000,000","260,000,000","57,000,000","128,000,000","70,000,000","386,000,000","103,000,000","213,000,000","304,000,000","270,000,000","353,000,000","325,000,000","350,000,000","401,000,000","327,000,000","309,100,000","307,400,000","295,000,000","337,700,000","319,000,000","321,700,000","306,000,000","229,000,000","291,300,000","281,100,000","277,700,000","273,800,000","305,800,000","290,500,000","276,100,000","228,700,000","509,200,000","243,500,000","227,900,000","188,400,000","213,900,000","147,500,000","185,700,000","132,100,000","184,300,000","173,100,000","162,700,000","14,400,000","152,700,000","135,900,000","134,100,000","107,800,000","107,500,000","104,100,000","106,100,000","72,500,000","85,900,000","81,100,000","77,000,000","61,000,000","65,700,000","64,100,000","66,500,000","50,000,000","52,700,000","51,800,000","43,800,000","100,000","-3,700,000","-20,800,000","-66,400,000","34,800,000","35,300,000","36,000,000","36,900,000","29,000,000","29,400,000","30,000,000","30,800,000","24,200,000","24,500,000","25,000,000","25,700,000","20,100,000","20,400,000","20,800,000","21,300,000","16,700,000","17,000,000","17,300,000","17,800,000","14,000,000","14,000,000","14,500,000","14,600,000","11,000,000","11,100,000","11,000,000","10,400,000","7,500,000","7,400,000","7,800,000","6,100,000","5,700,000","5,500,000","6,300,000","4,800,000","4,700,000","4,600,000",,,,,,,,,,,,,,,
BasicEPS,,"1.75","1.17","1.57","0.8","1.51","1.66","-0.22","1.32","1.94","1.24","1.29","1.1","5.52","1.58","1.21","1.18","-0.66","1.16","1.04","1.19","1.36","0.95","1.02","1.08","1.39","0.8","1.04","0.59","0.68","0.16","0.56","0.19","1.02","0.27","0.56","0.8","0.71","0.93","0.85","0.92",,"0.85","0.8","0.79",,"0.85","0.8","0.81",,"0.58","0.73","0.71",,"0.67","0.74","0.71",,"0.56","0.66","0.6",,"0.46","0.53","0.36",,"0.33","0.46","0.43",,"0.04","0.38","0.34",,"0.27","0.27","0.26",,"0.185","0.22","0.205",,"0.155","0.165","0.165",,"0.13","0.135","0.135",,"0","-0.01","-0.055",,"0.09","0.095","0.095",,"0.075","0.08","0.08",,"0.065","0.065","0.065",,"0.055","0.055","0.055",,"0.045","0.045","0.045",,"0.04","0.04","0.04",,"0.03","0.03","0.03",,"0.02","0.02","0.025",,"0.015","0.015","0.02",,"0.015","0.015","0.015",,"0.015","0.015","0.015",,"0.01","0.01","0.01",,"0.01","0.01","0.01",,"0.01"
DilutedEPS,,"1.73","1.14","1.55","0.79","1.49","1.63","-0.22","1.3","1.9","1.23","1.26","1.09","5.44","1.55","1.19","1.16","-0.66","1.14","1.03","1.17","1.34","0.94","1","1.07","1.38","0.79","1.03","0.58","0.67","0.16","0.56","0.18","1.01","0.27","0.56","0.79","0.71","0.92","0.85","0.91",,"0.84","0.79","0.78",,"0.85","0.8","0.8",,"0.57","0.73","0.71",,"0.66","0.73","0.7",,"0.55","0.65","0.59",,"0.46","0.52","0.36",,"0.32","0.45","0.42",,"0.04","0.37","0.33",,"0.265","0.265","0.255",,"0.18","0.21","0.2",,"0.15","0.16","0.16",,"0.125","0.13","0.13",,"0","-0.01","-0.055",,"0.09","0.09","0.095",,"0.075","0.075","0.075",,"0.065","0.065","0.065",,"0.055","0.055","0.055",,"0.045","0.045","0.045",,"0.04","0.04","0.04",,"0.03","0.03","0.03",,"0.02","0.02","0.025",,"0.015","0.015","0.02",,"0.015","0.015","0.015",,"0.015","0.015","0.015",,"0.01","0.01","0.01",,"0.01","0.01","0.01",,"0.01"
BasicAverageShares,,"377,300,000","377,100,000","376,900,000","376,300,000","375,900,000","375,700,000","375,500,000","374,800,000","374,400,000","374,200,000","373,900,000","373,300,000","374,300,000","374,100,000","373,900,000","374,000,000","374,400,000","374,200,000","373,900,000","373,400,000","374,500,000","374,400,000","374,200,000","373,200,000","374,300,000","376,300,000","377,000,000","378,900,000","378,500,000","378,400,000","378,800,000","378,200,000","378,400,000","378,300,000","378,000,000","379,700,000","380,300,000","380,200,000","381,000,000","381,000,000",,"386,000,000","388,200,000","390,000,000",,"397,000,000","396,900,000","397,200,000",,"397,600,000","397,400,000","396,700,000",,"409,700,000","412,000,000","411,400,000",,"410,000,000","409,400,000","408,600,000",,"406,700,000","406,400,000","405,700,000",,"403,700,000","403,300,000","402,800,000",,"401,700,000","400,800,000","399,800,000",,"398,200,000","397,200,000","396,600,000",,"395,400,000","394,800,000","394,000,000",,"392,600,000","392,400,000","392,000,000",,"390,600,000","389,800,000","389,000,000",,"387,600,000","387,600,000","387,200,000",,"386,666,667","371,578,947","378,947,368",,"386,666,667","367,500,000","375,000,000",,"372,307,692","376,923,077","384,615,385",,"365,454,545","370,909,091","378,181,818",,"371,111,111","377,777,778","384,444,444",,"350,000,000","350,000,000","362,500,000",,"366,666,667","370,000,000","366,666,667",,"375,000,000","370,000,000","312,000,000",,"380,000,000","366,666,667","315,000,000",,"313,333,333","306,666,667","374,784,000",,"374,544,000","374,544,000","374,096,000",,"373,664,000","373,728,000","361,360,000",,"361,312,000","359,056,000","359,056,000",,"358,672,000"
DilutedAverageShares,,"382,700,000","382,700,000","382,300,000","381,700,000","381,300,000","380,200,000","375,500,000","379,700,000","380,100,000","380,300,000","379,500,000","379,300,000","380,200,000","380,200,000","380,100,000","380,700,000","380,900,000","380,200,000","379,800,000","379,300,000","379,100,000","379,000,000","378,500,000","377,400,000","378,400,000","380,700,000","381,100,000","383,500,000","383,000,000","382,500,000","382,700,000","382,600,000","382,300,000","381,700,000","381,000,000","383,000,000","382,700,000","382,500,000","383,300,000","383,800,000",,"388,000,000","392,000,000","394,200,000",,"398,100,000","399,200,000","400,100,000",,"399,600,000","399,000,000","398,600,000",,"415,800,000","417,900,000","417,900,000",,"417,500,000","416,900,000","416,000,000",,"411,600,000","410,700,000","411,300,000",,"412,200,000","411,300,000","411,300,000",,"410,700,000","410,800,000","409,100,000",,"407,200,000","406,200,000","405,600,000",,"406,800,000","407,200,000","407,600,000",,"406,000,000","406,200,000","405,200,000",,"403,800,000","401,000,000","399,200,000",,"397,600,000","397,200,000","395,200,000",,"386,666,667","392,222,222","378,947,368",,"386,666,667","392,000,000","400,000,000",,"372,307,692","376,923,077","384,615,385",,"365,454,545","370,909,091","378,181,818",,"371,111,111","377,777,778","384,444,444",,"350,000,000","350,000,000","362,500,000",,"366,666,667","370,000,000","366,666,667",,"375,000,000","370,000,000","312,000,000",,"380,000,000","366,666,667","315,000,000",,"313,333,333","306,666,667","374,784,000",,"374,544,000","374,544,000","374,096,000",,"373,664,000","373,728,000","361,360,000",,"361,312,000","359,056,000","359,056,000",,"358,672,000"
TotalOperatingIncomeAsReported,"2,584,000,000","819,000,000","574,000,000","732,000,000","459,000,000","749,000,000","859,000,000","-20,000,000","635,000,000","944,000,000","628,000,000","613,000,000","528,000,000","698,000,000","576,000,000","672,000,000","591,000,000","712,000,000","523,000,000","501,000,000","554,000,000","661,000,000","486,000,000","500,000,000","519,000,000","648,000,000","378,000,000","429,000,000","406,000,000","468,000,000","450,000,000","197,000,000","131,000,000","430,000,000","150,000,000","290,000,000","386,000,000","370,000,000","450,000,000","445,000,000","476,000,000","418,000,000","444,000,000","400,300,000","423,500,000","386,400,000","470,500,000","448,100,000","446,400,000","514,000,000","311,400,000","389,800,000","379,200,000","370,300,000","364,100,000","400,900,000","383,700,000","362,900,000","688,900,000","314,900,000","325,300,000","305,900,000","254,400,000","291,900,000","222,100,000","258,600,000","232,400,000","261,600,000","246,200,000","232,800,000","74,300,000","220,100,000","193,200,000","203,400,000","159,100,000","161,400,000","156,400,000","140,600,000","137,000,000","138,700,000","131,200,000","137,000,000","108,000,000","115,000,000","95,000,000","104,800,000","83,700,000","83,600,000","85,900,000","63,200,000","-43,400,000","-57,500,000","-80,700,000","36,600,000","49,100,000","51,000,000","52,300,000","51,200,000","43,400,000","45,000,000","44,100,000","19,100,000","36,700,000","38,600,000","39,800,000","42,000,000","34,600,000","38,700,000","42,100,000","40,600,000","29,200,000","25,300,000","25,500,000","26,500,000","21,300,000","21,800,000","22,300,000","22,800,000","16,700,000","16,800,000","17,400,000","16,100,000","11,500,000","11,800,000","12,200,000","9,000,000","8,000,000","8,500,000","10,000,000","7,900,000","7,400,000","7,800,000",,,,,,,,,,,,,,,
TotalExpenses,"14,421,000,000","3,877,000,000","3,570,000,000","3,486,000,000","3,488,000,000","3,492,000,000","2,876,000,000","2,784,000,000","2,959,000,000","3,174,000,000","2,910,000,000","2,920,000,000","2,975,000,000","3,085,000,000","2,662,000,000","2,648,000,000","2,646,000,000","2,750,000,000","2,417,000,000","2,439,000,000","2,375,000,000","2,442,000,000","2,290,000,000","2,312,000,000","1,957,000,000","2,087,000,000","1,892,000,000","1,891,000,000","1,919,000,000","1,403,000,000","1,935,000,000","2,161,000,000","2,169,000,000","2,026,000,000","1,988,000,000","1,913,000,000","1,790,000,000","1,938,000,000","1,590,000,000","1,642,000,000","1,671,000,000","1,721,000,000","1,587,000,000","1,645,200,000","1,591,700,000","1,485,200,000","1,297,100,000","1,310,100,000","1,352,700,000","1,320,200,000","1,274,900,000","1,244,500,000","1,222,100,000","1,313,000,000","1,288,900,000","1,311,700,000","1,250,700,000","1,295,200,000","764,300,000","1,148,800,000","1,164,000,000","1,156,900,000","1,039,600,000","1,036,000,000","1,046,100,000","1,004,000,000","939,500,000","957,000,000","956,300,000","922,700,000","833,600,000","822,900,000","841,900,000","806,900,000","726,300,000","730,300,000","690,500,000","671,400,000","608,600,000","595,200,000","571,700,000","572,700,000","512,000,000","524,000,000","521,000,000","489,900,000","447,500,000","463,300,000","457,000,000","452,700,000","412,100,000","434,100,000","440,100,000","284,800,000","211,900,000","216,300,000","201,300,000","203,200,000","194,700,000","203,000,000","195,400,000","224,400,000","186,900,000","186,800,000","177,800,000","182,100,000","170,800,000","189,800,000","171,900,000","164,000,000","145,100,000","128,900,000","123,300,000","118,700,000","115,600,000","118,200,000","112,900,000","107,200,000","100,700,000","100,300,000","95,200,000","84,500,000","78,400,000","76,800,000","73,500,000","68,600,000","59,600,000","59,300,000","57,600,000","52,600,000","47,300,000","49,000,000",,,,,,,,,,,,,,,
NetIncomeFromContinuingAndDiscontinuedOperation,"1,994,000,000","662,000,000","438,000,000","592,000,000","302,000,000","568,000,000","621,000,000","-83,000,000","493,000,000","725,000,000","466,000,000","480,000,000","412,000,000","2,068,000,000","590,000,000","452,000,000","443,000,000","-249,000,000","434,000,000","391,000,000","444,000,000","510,000,000","355,000,000","380,000,000","402,000,000","522,000,000","301,000,000","392,000,000","224,000,000","260,000,000","57,000,000","128,000,000","70,000,000","386,000,000","103,000,000","213,000,000","304,000,000","270,000,000","353,000,000","325,000,000","350,000,000","401,000,000","327,000,000","309,100,000","307,400,000","295,000,000","337,700,000","319,000,000","321,700,000","306,000,000","229,000,000","291,300,000","281,100,000","277,700,000","273,800,000","305,800,000","290,500,000","276,100,000","228,700,000","509,200,000","243,500,000","227,900,000","188,400,000","213,900,000","147,500,000","185,700,000","132,100,000","184,300,000","173,100,000","162,700,000","14,400,000","152,700,000","135,900,000","134,100,000","107,800,000","107,500,000","104,100,000","106,100,000","72,500,000","85,900,000","81,100,000","81,800,000","61,000,000","65,700,000","64,100,000","66,500,000","50,000,000","52,700,000","51,800,000","43,800,000","100,000","-3,700,000","-20,800,000","-66,400,000","34,800,000","35,300,000","36,000,000","36,900,000","29,000,000","29,400,000","30,000,000","30,800,000","24,200,000","24,500,000","25,000,000","25,700,000","20,100,000","20,400,000","20,800,000","21,300,000","16,700,000","17,000,000","17,300,000","17,800,000","14,000,000","14,000,000","14,500,000","14,600,000","11,000,000","11,100,000","11,000,000","10,400,000","7,500,000","7,400,000","7,800,000","6,100,000","5,700,000","5,500,000","6,300,000","4,800,000","4,700,000","4,600,000",,,,,,,,,,,,,,,
NormalizedIncome,"2,084,022,000","666,372,523.118","452,160,000","659,944,000","306,938,000","585,776,453.055","622,592,000","-83,000,000","487,984,000","735,069,444.444","505,298,000","579,450,000","423,154,000","2,077,490,000","593,580,000","453,452,000","446,268,000","-243,600,000","494,786,000","454,504,000","467,114,000","556,836,734.694","403,336,000","404,556,000","417,884,000","504,941,176.471","431,800,000","501,536,000","256,400,000","745,550,000","59,600,000","131,825,000","73,275,000","396,747,099.768","112,776,000","220,128,000","315,354,000","292,625,698.324","362,540,540.541","346,666,666.667","366,452,991.453","457,491,916.859","336,863,109.049","301,787,146.341","308,370,422.535","396,573,952.017","343,987,551.418","322,964,075.915","322,132,974.428","300,085,000","275,615,776.081","283,871,850","275,862,111.801","257,608,576.69","265,134,521.277","291,823,899.072","275,903,094.059","260,928,880.208","221,074,268.638","242,198,523.207","233,590,533.766","219,573,574.803","182,656,097.561","210,510,485.502","178,323,801.144","192,720,793.951","132,460,000","184,441,009.946","173,522,882.736","161,509,341.369","87,180,000","152,769,981.668","134,289,644.513","132,779,160.187","108,082,014.388","106,948,010.27","103,065,208.748","105,886,805.09","84,493,992.606","86,235,023.401","80,831,900.826","80,455,710.764","61,000,000","65,766,972.477","62,760,397.074","67,159,722.222","50,923,482.85","50,982,957.393","52,063,949.045","50,178,008.915","34,420,000","34,340,000","33,280,000","23,571,677.983","31,937,943.925","33,154,696.133","33,985,559.567","35,018,032.787","27,796,943.231","28,266,809.422","27,489,539.749","17,733,333.333","22,834,871.795","22,972,568.579","23,838,630.807","24,440,000","19,260,000","19,440,000","20,320,000","20,160,000","16,400,000","15,635,036.496","15,687,813.62","17,028,880.866","13,256,637.168","13,504,424.779","13,942,307.692","14,165,106.383","10,382,022.472","10,479,888.268","10,752,808.989","9,966,666.667","7,128,099.174","7,275,630.252","7,552,380.952","5,607,070.707","5,018,478.261","5,252,808.989","6,238,235.294","4,738,461.538","4,576,315.789","4,852,054.795",,,,,,,,,,,,,,,
InterestIncome,,,,,,,,,,,,,,,,,,,,,,,,,,,,,,,,,,,,,,,"12,000,000",,,,,,"6,600,000",,,,,,,,,,,,,,,,,,,,,,,,,,,,,,,,,,,,,,,,,,,,,,,,,,,,,,,,,,,,,,,,,,,,,,,,,,,,,,,,,,,,,,,,,,,,,,,,,,,,,,
InterestExpense,,,,,,,,,,,,,,,,,,,,,,,,,,,,,,,,,,,,,,,"18,000,000",,"0",,,,"17,000,000",,,,,,,,,,,,,,,,,,,,,,,,,,,,,,,,,,,,,,,,,,,,,,,,,,,,,,,,,,,,,,,,,,,,,,,,,,,,,,,,,,,,,,,,,,,,,,,,,,,,,,
NetInterestIncome,,,,,,,,,,,,,,,,,,,,,,,,,,,,,,,,,,,,,,,"-6,000,000",,"0",,,,"-10,400,000",,,,,,,,,,,,,,,,,,,,,,,,,,,,,,,,,,,,,,,,,,,,,,,,,,,,,,,,,,,,,,,,,,,,,,,,,,,,,,,,,,,,,,,,,,,,,,,,,,,,,,
EBIT,"2,687,000,000","824,000,000","590,000,000","808,000,000","465,000,000","770,000,000","861,000,000","-20,000,000","629,000,000","957,000,000","677,000,000","730,000,000","541,000,000","711,000,000","580,000,000","674,000,000","595,000,000","721,000,000","589,000,000","573,000,000","580,000,000","715,000,000","543,000,000","528,000,000","538,000,000","628,000,000","528,000,000","541,000,000","460,000,000","1,215,000,000","454,000,000","202,000,000","136,000,000","442,000,000","163,000,000","299,000,000","400,000,000","408,000,000","462,000,000","464,000,000","468,000,000","452,000,000","444,000,000","400,300,000","428,800,000","509,900,000","470,500,000","448,100,000","446,400,000","514,000,000","378,400,000","389,800,000","379,200,000","484,100,000","364,100,000","400,900,000","383,700,000","362,900,000","688,900,000","314,900,000","325,300,000","305,900,000","254,400,000","291,900,000","274,800,000","274,500,000","232,400,000","261,600,000","246,200,000","232,800,000","195,100,000","220,100,000","193,200,000","194,400,000","159,100,000","161,400,000","156,400,000","157,800,000","137,000,000","138,700,000","131,200,000","136,600,000","107,000,000","115,000,000","113,200,000","122,500,000","100,900,000","103,200,000","105,100,000","106,400,000","86,800,000","89,200,000","82,300,000","36,600,000","49,100,000","51,000,000","52,300,000","51,200,000","43,400,000","45,000,000","44,100,000","19,100,000","36,700,000","38,600,000","39,800,000","42,000,000","34,600,000","38,700,000","42,100,000","40,600,000","29,200,000","25,300,000","25,500,000","26,500,000","21,300,000","21,800,000","22,300,000","22,800,000","16,700,000","16,800,000","17,400,000","16,100,000","11,500,000","11,800,000","12,200,000","9,000,000","8,000,000","8,500,000","10,000,000","7,900,000","7,400,000","7,800,000","53,900,000","-104,500,000","44,400,000","43,900,000","42,700,000","-88,900,000","36,900,000","36,900,000","37,200,000","-73,100,000","30,400,000","30,400,000","30,700,000","-61,400,000","25,900,000"
EBITDA,"3,677,000,000"
ReconciledCostOfRevenue,"5,769,000,000","1,563,000,000","1,427,000,000","1,430,000,000","1,349,000,000","1,452,000,000","1,192,000,000","1,133,000,000","1,177,000,000","1,345,000,000","1,179,000,000","1,193,000,000","1,157,000,000","1,257,000,000","1,014,000,000","1,056,000,000","1,030,000,000","1,159,000,000","953,000,000","957,000,000","931,000,000","1,009,000,000","901,000,000","941,000,000","752,000,000","845,000,000","749,000,000","782,000,000","781,000,000","842,000,000","775,000,000","761,000,000","723,000,000","806,000,000","640,000,000","687,000,000","675,000,000","863,000,000","617,000,000","634,000,000","617,000,000","650,000,000","576,600,000","624,200,000","600,700,000","528,800,000","454,100,000","455,100,000","495,700,000","497,200,000","450,700,000","452,600,000","433,400,000","472,500,000","453,900,000","444,500,000","412,900,000","439,000,000","392,300,000","347,100,000","419,000,000","425,800,000","368,000,000","381,200,000","385,500,000","381,000,000","356,000,000","364,200,000","371,600,000","357,900,000","314,200,000","314,900,000","320,000,000","304,000,000","283,700,000","283,300,000","257,100,000","266,300,000","239,300,000","227,700,000","220,700,000","229,200,000","194,700,000","206,300,000","199,800,000","180,300,000","163,500,000","168,100,000","169,400,000","168,100,000","155,300,000","167,600,000","171,600,000","133,900,000","103,500,000","103,600,000","93,500,000","93,700,000","90,000,000","92,800,000","88,000,000","103,200,000","86,900,000","85,300,000","82,300,000","86,100,000","82,300,000","91,400,000","81,000,000","77,700,000","72,300,000","66,200,000","63,200,000","61,600,000","60,300,000","60,800,000","57,800,000","56,400,000","52,200,000","52,000,000","49,700,000","42,500,000","40,600,000","40,300,000","37,300,000","35,500,000","30,500,000","30,400,000","29,500,000","27,400,000","24,500,000","25,700,000",,,,,,,,,,,,,,,
ReconciledDepreciation,"990,000,000","238,000,000","235,000,000","241,000,000","276,000,000","223,000,000","198,000,000","193,000,000","198,000,000","195,000,000","194,000,000","199,000,000","190,000,000","176,000,000","185,000,000","186,000,000","176,000,000","169,000,000","163,000,000","160,000,000","150,000,000","151,000,000","148,000,000","145,000,000","102,000,000","108,000,000","101,000,000","94,000,000","94,000,000","96,000,000","97,000,000","94,000,000","91,000,000","82,000,000","76,000,000","79,000,000","70,000,000","-87,000,000","68,000,000","69,000,000","123,000,000","122,000,000","123,400,000","120,700,000","114,900,000","111,300,000","101,100,000","98,600,000","99,200,000","104,800,000","96,600,000","92,200,000","91,700,000","93,100,000","97,600,000","98,700,000","98,200,000","95,500,000","73,900,000","108,200,000","89,000,000","87,300,000","84,800,000","81,900,000","77,800,000","76,600,000","70,000,000","69,400,000","73,900,000","66,400,000","62,500,000","61,000,000","61,000,000","68,200,000","55,100,000","53,700,000","52,700,000","51,600,000","49,100,000","45,200,000","40,200,000","46,000,000","43,300,000","40,300,000","42,400,000","44,000,000","39,800,000","44,400,000","40,400,000","44,400,000","38,800,000","38,600,000","41,000,000","13,500,000","8,300,000","7,900,000","7,900,000","8,100,000","7,800,000","7,700,000","9,700,000","13,100,000","7,500,000","7,100,000","7,000,000","9,400,000","6,500,000","6,200,000","6,600,000","6,800,000","5,500,000","4,300,000","4,300,000","4,900,000","3,600,000","4,000,000","3,700,000","3,500,000","2,800,000","2,800,000","2,300,000","5,000,000","2,600,000","2,200,000","2,000,000","2,000,000","1,800,000","1,700,000","1,600,000","1,600,000","1,600,000","1,600,000",,,,,,,,,,,,,,,
NetIncomeFromContinuingOperationNetMinorityInterest,"1,994,000,000","662,000,000","438,000,000","592,000,000","302,000,000","568,000,000","621,000,000","-83,000,000","493,000,000","725,000,000","466,000,000","480,000,000","412,000,000","2,068,000,000","590,000,000","452,000,000","443,000,000","-249,000,000","434,000,000","391,000,000","444,000,000","510,000,000","355,000,000","380,000,000","402,000,000","522,000,000","301,000,000","392,000,000","224,000,000","260,000,000","57,000,000","128,000,000","70,000,000","386,000,000","103,000,000","213,000,000","304,000,000","270,000,000","353,000,000","325,000,000","350,000,000","401,000,000","327,000,000","309,100,000","307,400,000","295,000,000","337,700,000","319,000,000","321,700,000","306,000,000","229,000,000","291,300,000","281,100,000","277,700,000","273,800,000","305,800,000","290,500,000","276,100,000","228,700,000","240,100,000","243,500,000","227,900,000","188,400,000","213,900,000","147,500,000","185,700,000","132,100,000","184,300,000","173,100,000","162,700,000","14,400,000","152,700,000","135,900,000","134,100,000","107,800,000","107,500,000","104,100,000","106,100,000","72,500,000","85,900,000","81,100,000","81,800,000","61,000,000","65,700,000","64,100,000","66,500,000","50,000,000","52,700,000","51,800,000","43,800,000","100,000","-3,700,000","-20,800,000","-66,400,000","34,800,000","35,300,000","36,000,000","36,900,000","29,000,000","29,400,000","30,000,000","30,800,000","24,200,000","24,500,000","25,000,000","25,700,000","20,100,000","20,400,000","20,800,000","21,300,000","16,700,000","17,000,000","17,300,000","17,800,000","14,000,000","14,000,000","14,500,000","14,600,000","11,000,000","11,100,000","11,000,000","10,400,000","7,500,000","7,400,000","7,800,000","6,100,000","5,700,000","5,500,000","6,300,000","4,800,000","4,700,000","4,600,000",,,,,,,,,,,,,,,
TotalUnusualItemsExcludingGoodwill,"-103,000,000","-5,000,000","-16,000,000","-76,000,000","-6,000,000","-21,000,000","-2,000,000","0","6,000,000","-13,000,000","-49,000,000","-117,000,000","-13,000,000","-13,000,000","-4,000,000","-2,000,000","-4,000,000","-9,000,000","-66,000,000","-72,000,000","-26,000,000","-54,000,000","-57,000,000","-28,000,000","-19,000,000","20,000,000","-150,000,000","-112,000,000","-54,000,000","-747,000,000","-4,000,000","-5,000,000","-5,000,000","-12,000,000","-13,000,000","-9,000,000","-14,000,000","-30,000,000","-12,000,000","-29,000,000","-22,000,000","-61,000,000","-13,000,000","9,700,000","-1,300,000","-130,600,000","-8,600,000","-5,500,000","-600,000","9,100,000","-64,000,000","10,200,000","7,200,000","27,500,000","11,900,000","19,200,000","20,300,000","21,100,000","10,600,000","-2,900,000","13,800,000","11,600,000","8,000,000","4,700,000","-47,500,000","-10,000,000","-600,000","-200,000","-600,000","1,700,000","-121,300,000","-100,000","2,300,000","1,900,000","-400,000","800,000","1,500,000","300,000","-17,900,000","-500,000","400,000","2,000,000",,"-100,000","2,000,000","-1,000,000","-1,400,000","2,600,000","-400,000","-9,800,000","-57,200,000","-63,400,000","-81,900,000","-139,700,000","4,400,000","3,300,000","3,100,000","2,800,000","1,900,000","1,800,000","4,000,000","19,600,000","2,200,000","2,500,000","1,900,000","2,100,000","1,400,000","1,600,000","800,000","1,900,000","500,000","2,200,000","2,600,000","1,200,000","1,200,000","800,000","900,000","700,000","1,000,000","1,000,000","400,000","700,000","600,000","200,000","400,000","800,000","1,100,000","400,000","100,000","100,000","200,000","-400,000",,,,,,,,,,,,,,,
TotalUnusualItems,"-103,000,000","-5,000,000","-16,000,000","-76,000,000","-6,000,000","-21,000,000","-2,000,000","0","6,000,000","-13,000,000","-49,000,000","-117,000,000","-13,000,000","-13,000,000","-4,000,000","-2,000,000","-4,000,000","-9,000,000","-66,000,000","-72,000,000","-26,000,000","-54,000,000","-57,000,000","-28,000,000","-19,000,000","20,000,000","-150,000,000","-112,000,000","-54,000,000","-747,000,000","-4,000,000","-5,000,000","-5,000,000","-12,000,000","-13,000,000","-9,000,000","-14,000,000","-30,000,000","-12,000,000","-29,000,000","-22,000,000","-61,000,000","-13,000,000","9,700,000","-1,300,000","-130,600,000","-8,600,000","-5,500,000","-600,000","9,100,000","-64,000,000","10,200,000","7,200,000","27,500,000","11,900,000","19,200,000","20,300,000","21,100,000","10,600,000","-2,900,000","13,800,000","11,600,000","8,000,000","4,700,000","-47,500,000","-10,000,000","-600,000","-200,000","-600,000","1,700,000","-121,300,000","-100,000","2,300,000","1,900,000","-400,000","800,000","1,500,000","300,000","-17,900,000","-500,000","400,000","2,000,000",,"-100,000","2,000,000","-1,000,000","-1,400,000","2,600,000","-400,000","-9,800,000","-57,200,000","-63,400,000","-81,900,000","-139,700,000","4,400,000","3,300,000","3,100,000","2,800,000","1,900,000","1,800,000","4,000,000","19,600,000","2,200,000","2,500,000","1,900,000","2,100,000","1,400,000","1,600,000","800,000","1,900,000","500,000","2,200,000","2,600,000","1,200,000","1,200,000","800,000","900,000","700,000","1,000,000","1,000,000","400,000","700,000","600,000","200,000","400,000","800,000","1,100,000","400,000","100,000","100,000","200,000","-400,000",,,,,,,,,,,,,,,
NormalizedEBITDA,"3,780,000,000","1,067,000,000","841,000,000","1,125,000,000","747,000,000","1,014,000,000","1,061,000,000","173,000,000","821,000,000","1,165,000,000","920,000,000","1,046,000,000","744,000,000","900,000,000","769,000,000","862,000,000","775,000,000","899,000,000","818,000,000","805,000,000","756,000,000","920,000,000","748,000,000","701,000,000","659,000,000","716,000,000","779,000,000","747,000,000","608,000,000","2,058,000,000","555,000,000","301,000,000","232,000,000","536,000,000","252,000,000","387,000,000","484,000,000","469,000,000","542,000,000","562,000,000","613,000,000","635,000,000","580,400,000","511,300,000","545,000,000","751,800,000","580,200,000","552,200,000","546,200,000","609,700,000","539,000,000","471,800,000","463,700,000","549,700,000","449,800,000","480,400,000","461,600,000","437,300,000","752,200,000","426,000,000","400,500,000","381,600,000","331,200,000","369,100,000","400,100,000","361,100,000","303,000,000","331,200,000","320,700,000","297,500,000","378,900,000","281,200,000","251,900,000","260,700,000","214,600,000","214,300,000","207,600,000","209,100,000","204,000,000","184,400,000","171,000,000","180,600,000","150,300,000","155,400,000","153,600,000","167,500,000","142,100,000","145,000,000","145,900,000","160,600,000","182,800,000","191,200,000","205,200,000","189,800,000","53,000,000","55,600,000","57,100,000","56,500,000","49,300,000","50,900,000","49,800,000","12,600,000","42,000,000","43,200,000","44,900,000","49,300,000","39,700,000","43,300,000","47,900,000","45,500,000","34,200,000","27,400,000","27,200,000","30,200,000","23,900,000","25,000,000","25,100,000","25,600,000","18,500,000","20,900,000","19,300,000","20,400,000","13,500,000","13,800,000","13,800,000","10,200,000","8,700,000","9,800,000","11,500,000","9,400,000","8,800,000","9,800,000","53,900,000","-104,500,000","44,400,000","43,900,000","42,700,000","-88,900,000","36,900,000","36,900,000","37,200,000","-73,100,000","30,400,000","30,400,000","30,700,000","-61,400,000","25,900,000"
TaxRateForCalcs,"0.126","0.125","0.115","0.106","0.177","0.154","0.204","0.046","0.164","0.225","0.198","0.15","0.142","0.27","0.105","0.274","0.183","0.4","0.079","0.118","0.111","0.133","0.152","0.123","0.164","0.147","0.128","0.022","0.4","0.35","0.35","0.235","0.345","0.104","0.248","0.208","0.189","0.246","0.205","0.253","0.252","0.074","0.241","0.246","0.254","0.222","0.269","0.279","0.278","0.35","0.272","0.272","0.273","0.269","0.272","0.272","0.281","0.281","0.281","0.276","0.282","0.282","0.282","0.279","0.351","0.298","0.4","0.295","0.295","0.3","0.4","0.3","0.3","0.305","0.295","0.31","0.31","0.289","0.33","0.33","0.33","0.328","0.333","0.33","0.33","0.34","0.34","0.34","0.34","0.349","0.4","0.4","0.34","0.356","0.35","0.35","0.35","0.328","0.367","0.37","0.372","0.333","0.379","0.389","0.389","0.4","0.4","0.4","0.4","0.4","0.4","0.38","0.38","0.357","0.381","0.381","0.38","0.379","0.382","0.38","0.382","0.381","0.38","0.378","0.381","0.384","0.38","0.382","0.382","0.385","0.382","0.37",,,,,,,,,,,,,,,
TaxEffectOfUnusualItems,"-12,978,000","-627,476.882","-1,840,000","-8,056,000","-1,062,000","-3,223,546.945","-408,000","0","984,000","-2,930,555.556","-9,702,000","-17,550,000","-1,846,000","-3,510,000","-420,000","-548,000","-732,000","-3,600,000","-5,214,000","-8,496,000","-2,886,000","-7,163,265.306","-8,664,000","-3,444,000","-3,116,000","2,941,176.471","-19,200,000","-2,464,000","-21,600,000","-261,450,000","-1,400,000","-1,175,000","-1,725,000","-1,252,900.232","-3,224,000","-1,872,000","-2,646,000","-7,374,301.676","-2,459,459.459","-7,333,333.333","-5,547,008.547","-4,508,083.141","-3,136,890.951","2,387,146.341","-329,577.465","-29,026,047.983","-2,312,448.582","-1,535,924.085","-167,025.572","3,185,000","-17,384,223.919","2,771,850","1,962,111.801","7,408,576.69","3,234,521.277","5,223,899.072","5,703,094.059","5,928,880.208","2,974,268.638","-801,476.793","3,890,533.766","3,273,574.803","2,256,097.561","1,310,485.502","-16,676,198.856","-2,979,206.049","-240,000","-58,990.054","-177,117.264","509,341.369","-48,520,000","-30,018.332","689,644.513","579,160.187","-117,985.612","248,010.27","465,208.748","86,805.09","-5,906,007.394","-164,976.599","131,900.826","655,710.764","0","-33,027.523","660,397.074","-340,277.778","-476,517.15","882,957.393","-136,050.955","-3,421,991.085","-22,880,000","-25,360,000","-27,820,000","-49,728,322.017","1,537,943.925","1,154,696.133","1,085,559.567","918,032.787","696,943.231","666,809.422","1,489,539.749","6,533,333.333","834,871.795","972,568.579","738,630.807","840,000","560,000","640,000","320,000","760,000","200,000","835,036.496","987,813.62","428,880.866","456,637.168","304,424.779","342,307.692","265,106.383","382,022.472","379,888.268","152,808.989","266,666.667","228,099.174","75,630.252","152,380.952","307,070.707","418,478.261","152,808.989","38,235.294","38,461.538","76,315.789","-147,945.205",,,,,,,,,,,,,,,