name,ttm,12/31/2021,09/30/2021,06/30/2021,03/31/2021,12/31/2020,09/30/2020,06/30/2020,03/31/2020,12/31/2019,09/30/2019,06/30/2019,03/31/2019,12/31/2018,09/30/2018,06/30/2018,03/31/2018,12/31/2017,09/30/2017,06/30/2017,03/31/2017,12/31/2016,09/30/2016,06/30/2016,03/31/2016,12/31/2015,09/30/2015,06/30/2015,03/31/2015,12/31/2014,09/30/2014,06/30/2014,03/31/2014,12/31/2013,09/30/2013,06/30/2013,03/31/2013,12/31/2012,09/30/2012,06/30/2012,03/31/2012,12/31/2011,09/30/2011,06/30/2011,03/31/2011,12/31/2010,09/30/2010,06/30/2010,03/31/2010,12/31/2009,09/30/2009,06/30/2009,03/31/2009,12/31/2008,09/30/2008,06/30/2008,03/31/2008,12/31/2007,09/30/2007,06/30/2007,03/31/2007,12/31/2006,09/30/2006,06/30/2006,03/31/2006,12/31/2005,09/30/2005,06/30/2005,03/31/2005,12/31/2004,09/30/2004,06/30/2004,03/31/2004,12/31/2003,09/30/2003,06/30/2003,03/31/2003,12/31/2002,09/30/2002,06/30/2002,03/31/2002,12/31/2001,09/30/2001,06/30/2001,03/31/2001,12/31/2000,09/30/2000,06/30/2000,03/31/2000,12/31/1999,09/30/1999,06/30/1999,03/31/1999,12/31/1998,09/30/1998,06/30/1998,03/31/1998,12/31/1997,09/30/1997,06/30/1997,03/31/1997,12/31/1996,09/30/1996,06/30/1996,03/31/1996,12/31/1995,09/30/1995,06/30/1995,03/31/1995,12/31/1994,09/30/1994,06/30/1994,03/31/1994,12/31/1993,09/30/1993,06/30/1993,03/31/1993,12/31/1992,09/30/1992,06/30/1992,03/31/1992,12/31/1991,09/30/1991,06/30/1991,03/31/1991,12/31/1990,09/30/1990,06/30/1990,03/31/1990,12/31/1989,09/30/1989,06/30/1989,03/31/1989,12/31/1988,09/30/1988,06/30/1988,03/31/1988,12/31/1987,09/30/1987,06/30/1987,03/31/1987,12/31/1986,09/30/1986,06/30/1986,03/31/1986,12/31/1985,09/30/1985
TotalRevenue,"60,738,231,000","16,320,203,000","16,456,546,000","16,136,893,000","11,824,589,000","11,558,982,000","11,777,379,000","8,866,564,000","13,698,699,000","15,025,042,000","15,303,005,000","15,474,862,000","14,658,074,000","14,765,707,000","15,215,279,000","15,315,906,000","14,349,504,000","14,411,490,000","14,650,424,000","14,421,045,000","13,524,172,000","13,457,268,000","13,968,654,000","13,647,891,000","12,002,791,000","12,153,626,000","12,562,611,000","12,401,938,000","11,746,659,000","12,087,074,000","12,445,081,000","12,286,992,000","11,277,484,000","11,237,969,000","11,714,267,000","11,601,056,000","10,926,371,000","10,796,890,000","11,086,916,000","11,045,382,000","10,504,746,000","10,244,421,000","10,586,390,000","10,425,703,000","9,761,660,000","9,384,852,000","9,751,274,000","10,348,477,000","8,945,093,000","8,868,499,000","9,081,426,000","9,086,748,000","8,739,350,000","9,149,803,000","9,877,429,000","9,730,205,000","9,146,557,000","9,239,505,000","9,405,844,000","9,228,294,000","8,572,961,000","8,568,748,000","8,672,072,000","8,509,077,000","8,137,816,000","7,971,061,000","8,010,484,000","7,981,279,000","7,437,453,000","7,331,257,000","7,531,925,000","8,139,017,000","7,025,585,000","7,036,520,000","7,134,281,000","6,971,840,000","6,395,278,000","6,348,797,000","6,424,422,000","6,310,536,000","5,620,324,000","5,590,966,000","5,828,678,000","5,789,297,000","5,344,496,000","5,290,530,000","5,360,174,000","5,271,764,000","4,722,935,000","4,651,500,000","4,657,000,000","4,818,600,000","4,164,900,000","4,246,700,000","4,192,600,000","4,001,300,000","3,711,800,000","3,786,100,000","3,828,200,000","3,694,700,000","3,470,300,000","3,610,300,000","3,679,200,000","3,544,500,000","3,257,100,000","3,301,600,000","3,291,900,000","3,161,900,000","2,966,400,000","3,006,700,000","2,983,100,000","2,881,900,000","2,684,900,000","2,665,900,000","2,709,900,000","2,814,000,000","2,399,300,000","2,392,300,000","2,415,800,000","2,348,400,000","2,186,400,000","2,180,700,000","2,177,400,000","2,148,500,000","1,962,100,000","2,013,100,000","2,026,000,000","1,959,100,000","1,865,300,000","1,888,200,000","1,878,000,000","1,841,900,000","1,717,700,000","1,733,500,000","1,558,100,000","1,223,900,000","1,045,400,000","1,071,300,000","1,044,000,000","979,800,000","895,600,000","902,400,000","878,000,000","841,900,000","792,900,000","802,800,000","734,700,000"
	OperatingRevenue,"60,738,231,000","16,320,203,000","16,456,546,000","16,136,893,000","11,824,589,000","11,558,982,000","11,777,379,000","8,866,564,000","13,698,699,000","15,025,042,000","15,303,005,000","15,474,862,000","14,658,074,000","14,765,707,000","15,215,279,000","15,315,906,000","14,349,504,000","14,411,490,000","14,650,424,000","14,421,045,000","13,524,172,000","13,457,268,000","13,968,654,000","13,647,891,000","12,002,791,000","12,153,626,000","12,562,611,000","12,401,938,000","11,746,659,000","12,087,074,000","12,445,081,000","12,286,992,000","11,277,484,000","11,237,969,000","11,714,267,000","11,601,056,000","10,926,371,000","10,796,890,000","11,086,916,000","11,045,382,000","10,504,746,000","10,244,421,000","10,586,390,000","10,425,703,000","9,761,660,000","9,384,852,000","9,751,274,000","10,348,477,000","8,945,093,000","8,868,499,000","9,081,426,000","9,086,748,000","8,739,350,000","9,149,803,000","9,877,429,000","9,730,205,000","9,146,557,000","9,239,505,000","9,405,844,000","9,228,294,000","8,572,961,000","8,568,748,000","8,672,072,000","8,509,077,000","8,137,816,000","7,971,061,000","8,010,484,000","7,981,279,000","7,437,453,000","7,331,257,000","7,531,925,000","8,139,017,000","7,025,585,000","7,036,520,000","7,134,281,000","6,971,840,000","6,395,278,000","6,348,797,000","6,424,422,000","6,310,536,000","5,620,324,000","5,590,966,000","5,828,678,000","5,789,297,000","5,344,496,000","5,290,530,000","5,360,174,000","5,271,764,000","4,722,935,000","4,651,500,000","4,657,000,000","4,818,600,000","4,164,900,000","4,246,700,000","4,192,600,000","4,001,300,000","3,711,800,000","3,786,100,000","3,828,200,000","3,694,700,000","3,470,300,000","3,610,300,000","3,679,200,000","3,544,500,000","3,257,100,000","3,301,600,000","3,291,900,000","3,161,900,000","2,966,400,000","3,006,700,000","2,983,100,000","2,881,900,000","2,684,900,000","2,665,900,000","2,709,900,000","2,814,000,000","2,399,300,000","2,392,300,000","2,415,800,000","2,348,400,000","2,186,400,000","2,180,700,000","2,177,400,000","2,148,500,000","1,962,100,000","2,013,100,000","2,026,000,000","1,959,100,000","1,865,300,000","1,888,200,000","1,878,000,000","1,841,900,000","1,717,700,000","1,733,500,000","1,558,100,000","1,223,900,000","1,045,400,000","1,071,300,000","1,044,000,000","979,800,000","895,600,000","902,400,000","878,000,000","841,900,000","792,900,000","802,800,000","734,700,000"
CostOfRevenue,"49,836,927,000","13,429,053,000","13,484,838,000","13,221,115,000","9,701,921,000","9,460,524,000","9,557,534,000","7,300,909,000","11,134,459,000","12,196,643,000","12,359,635,000","12,495,670,000","11,903,776,000","11,993,995,000","12,311,494,000","12,399,197,000","11,673,876,000","11,712,104,000","11,856,756,000","11,661,455,000","10,990,037,000","10,885,405,000","11,276,735,000","11,145,053,000","9,859,966,000","9,996,812,000","10,324,616,000","10,181,774,000","9,689,161,000","10,001,937,000","10,256,364,000","10,131,136,000","9,282,743,000","9,273,018,000","9,648,780,000","9,564,894,000","9,016,052,000","8,879,324,000","9,083,372,000","9,033,671,000","8,633,130,000","8,398,771,000","8,638,790,000","8,488,776,000","7,950,800,000","7,642,908,000","7,919,857,000","8,366,609,000","7,261,721,000","7,173,612,000","7,334,067,000","7,324,162,000","7,102,274,000","7,399,690,000","7,990,873,000","7,828,791,000","7,412,036,000","7,471,725,000","7,614,702,000","7,427,621,000","6,938,867,000","6,915,259,000","7,002,856,000","6,819,459,000","6,602,102,000","6,434,753,000","6,480,793,000","6,437,589,000","6,032,165,000","5,933,515,000","6,094,931,000","6,554,156,000","5,684,192,000","5,669,399,000","5,753,767,000","5,582,663,000","5,144,473,000","5,097,716,000","5,154,704,000","5,046,832,000","4,510,059,000","4,481,655,000","4,683,617,000","4,820,574,000","4,237,743,000","4,191,749,000","4,263,072,000","4,196,526,000","3,774,066,000","3,718,000,000","3,740,300,000","3,855,900,000","3,349,600,000","3,419,400,000","3,378,000,000","3,203,000,000","2,989,200,000","3,038,600,000","3,087,600,000","2,966,800,000","2,804,500,000","2,914,900,000","2,989,600,000","2,858,800,000","2,638,500,000","2,671,000,000","2,670,800,000","2,548,800,000","2,400,300,000","2,431,100,000","2,417,000,000","2,327,400,000","2,179,200,000","2,149,300,000","2,195,700,000","2,279,400,000","1,941,400,000","1,934,700,000","1,962,000,000","1,900,100,000","1,774,000,000","1,764,700,000","1,765,500,000","1,737,500,000","1,591,200,000","1,626,700,000","1,646,200,000","1,584,500,000","1,517,500,000","1,531,700,000","1,528,300,000",,,,,,,,,,,,,,,,
GrossProfit,"10,901,304,000","2,891,150,000","2,971,708,000","2,915,778,000","2,122,668,000","2,098,458,000","2,219,845,000","1,565,655,000","2,564,240,000","2,828,399,000","2,943,370,000","2,979,192,000","2,754,298,000","2,771,712,000","2,903,785,000","2,916,709,000","2,675,628,000","2,699,386,000","2,793,668,000","2,759,590,000","2,534,135,000","2,571,863,000","2,691,919,000","2,502,838,000","2,142,825,000","2,156,814,000","2,237,995,000","2,220,164,000","2,057,498,000","2,085,137,000","2,188,717,000","2,155,856,000","1,994,741,000","1,964,951,000","2,065,487,000","2,036,162,000","1,910,319,000","1,917,566,000","2,003,544,000","2,011,711,000","1,871,616,000","1,845,650,000","1,947,600,000","1,936,927,000","1,810,860,000","1,741,944,000","1,831,417,000","1,981,868,000","1,683,372,000","1,694,887,000","1,747,359,000","1,762,586,000","1,637,076,000","1,750,113,000","1,886,556,000","1,901,414,000","1,734,521,000","1,767,780,000","1,791,142,000","1,800,673,000","1,634,094,000","1,653,489,000","1,669,216,000","1,689,618,000","1,535,714,000","1,536,308,000","1,529,691,000","1,543,690,000","1,405,288,000","1,397,742,000","1,436,994,000","1,584,861,000","1,341,393,000","1,367,121,000","1,380,514,000","1,389,177,000","1,250,805,000","1,251,081,000","1,269,718,000","1,263,704,000","1,110,265,000","1,109,311,000","1,145,061,000","968,723,000","1,106,753,000","1,098,781,000","1,097,102,000","1,075,238,000","948,869,000","933,500,000","916,700,000","962,700,000","815,300,000","827,300,000","814,600,000","798,300,000","722,600,000","747,500,000","740,600,000","727,900,000","665,800,000","695,400,000","689,600,000","685,700,000","618,600,000","630,600,000","621,100,000","613,100,000","566,100,000","575,600,000","566,100,000","554,500,000","505,700,000","516,600,000","514,200,000","534,600,000","457,900,000","457,600,000","453,800,000","448,300,000","412,400,000","416,000,000","411,900,000","411,000,000","370,900,000","386,400,000","379,800,000","374,600,000","347,800,000","356,500,000","349,700,000",,,,,,,,,,,,,,,,
OperatingExpense,"9,019,112,000","2,446,241,000","2,340,026,000","2,346,094,000","1,886,751,000","1,886,396,000","1,800,266,000","2,097,235,000","2,503,966,000","2,275,906,000","2,275,052,000","2,258,662,000","2,224,713,000","2,319,817,000","2,275,645,000","2,229,042,000","2,189,695,000","2,167,104,000","2,170,576,000","2,201,631,000","2,098,173,000","2,079,446,000","2,125,086,000","1,956,013,000","1,765,207,000","1,724,231,000","1,744,521,000","2,099,169,000","1,730,190,000","1,769,691,000","1,723,104,000","1,731,334,000","1,662,116,000","1,613,174,000","1,587,289,000","1,576,319,000","1,573,117,000","1,534,915,000","1,524,762,000","1,496,247,000","1,432,786,000","1,418,652,000","1,438,260,000","1,376,177,000","1,383,373,000","1,304,919,000","1,325,177,000","1,397,782,000","1,251,269,000","1,232,536,000","1,250,031,000","1,222,314,000","1,231,753,000","1,328,249,000","1,381,804,000","1,342,754,000","1,316,877,000","1,318,768,000","1,336,509,000","1,291,190,000","1,249,951,000","1,240,819,000","1,278,277,000","1,254,906,000","1,193,270,000","1,171,469,000","1,176,656,000","1,081,376,000","1,052,477,000","1,004,919,000","1,055,412,000","1,111,548,000","1,008,493,000","996,853,000","1,024,336,000","976,122,000","962,459,000","937,290,000","960,635,000","914,900,000","851,668,000","836,355,000","864,456,000","667,264,000","863,442,000","854,912,000","847,209,000","823,273,000","764,581,000","749,400,000","727,100,000","751,500,000","678,000,000","667,000,000","655,800,000","622,500,000","603,000,000","596,200,000","596,300,000","566,700,000","553,000,000","558,300,000","558,600,000","537,200,000","516,400,000","504,700,000","503,700,000","475,900,000","468,800,000","460,800,000","461,400,000","434,400,000","422,400,000","414,200,000","417,700,000","416,100,000","379,000,000","368,600,000","371,400,000","357,100,000","342,900,000","335,200,000","334,600,000","328,800,000","310,300,000","309,100,000","307,500,000","299,300,000","291,200,000","288,400,000","284,200,000",,,,,,,,,,,,,,,,
	SellingGeneralAndAdministration,,,,,,,,,,,,,,,,,,,,,,,,,,,,,,,,,,,,,,,,,"1,432,786,000","1,418,652,000","1,438,260,000","1,376,177,000","1,383,373,000","1,304,919,000",,,,,,,,"1,328,249,000","1,381,804,000","1,342,754,000","1,316,877,000","1,318,768,000","1,336,509,000","1,291,190,000","1,249,951,000","1,240,819,000","1,278,277,000","1,254,906,000","1,193,270,000","1,171,469,000","1,176,656,000","1,081,376,000","1,052,477,000","1,004,919,000","1,055,412,000","1,111,548,000","1,008,493,000","996,853,000","1,024,336,000","976,122,000","962,459,000","937,290,000","960,635,000","914,900,000","851,668,000","836,355,000","864,456,000","849,500,000","800,156,000","795,674,000","787,497,000","764,594,000","709,499,000","695,400,000","674,200,000","697,500,000","625,100,000","616,900,000","607,800,000","574,800,000","557,100,000","551,900,000","553,000,000","525,300,000","512,600,000","518,700,000","519,700,000","498,500,000","479,100,000","469,900,000","469,800,000","442,300,000","436,400,000","428,300,000","429,600,000","403,400,000","391,800,000","384,300,000","389,200,000","388,200,000","351,800,000","341,800,000","345,600,000","331,700,000","318,000,000","310,300,000","310,300,000","304,200,000","287,600,000","286,700,000","285,000,000","276,400,000","270,400,000","268,000,000","264,000,000",,,,,,,,,,,,,,,,
	DepreciationAmortizationDepletionIncomeStatement,,,,,,,,,,,,,,,,,,,,,,,,,,,,,,,,,,,,,,,,,,,,,,,,,,,,,,,,,,,,,,,,,,,,,,,,,,,,,,,,,,,,,"63,286,000","59,238,000","59,712,000","58,679,000","55,082,000","54,000,000","52,900,000","54,000,000","52,900,000","50,100,000","48,000,000","47,700,000","45,900,000","44,300,000","43,300,000","41,400,000","40,400,000","39,600,000","38,900,000","38,700,000","37,300,000","34,800,000","33,900,000","33,600,000","32,400,000","32,500,000","31,800,000","31,000,000","30,600,000","29,900,000","28,500,000","27,900,000","27,200,000","26,800,000","25,800,000","25,400,000","24,900,000","24,900,000","24,300,000","24,600,000","22,700,000","22,400,000","22,500,000","22,900,000","20,800,000","20,400,000","20,200,000",,,,,,,,,,,,,,,,
		DepreciationAndAmortizationInIncomeStatement,,,,,,,,,,,,,,,,,,,,,,,,,,,,,,,,,,,,,,,,,,,,,,,,,,,,,,,,,,,,,,,,,,,,,,,,,,,,,,,,,,,,,"63,286,000","59,238,000","59,712,000","58,679,000","55,082,000","54,000,000","52,900,000","54,000,000","52,900,000","50,100,000","48,000,000","47,700,000","45,900,000","44,300,000","43,300,000","41,400,000","40,400,000","39,600,000","38,900,000","38,700,000","37,300,000","34,800,000","33,900,000","33,600,000","32,400,000","32,500,000","31,800,000","31,000,000","30,600,000","29,900,000","28,500,000","27,900,000","27,200,000","26,800,000","25,800,000","25,400,000","24,900,000","24,900,000","24,300,000","24,600,000","22,700,000","22,400,000","22,500,000","22,900,000","20,800,000","20,400,000","20,200,000",,,,,,,,,,,,,,,,
OperatingIncome,"1,882,192,000","444,909,000","631,682,000","569,684,000","235,917,000","212,062,000","419,579,000","-531,580,000","60,274,000","552,493,000","668,318,000","720,530,000","529,585,000","451,895,000","628,140,000","687,667,000","485,933,000","532,282,000","623,092,000","557,959,000","435,962,000","492,417,000","566,833,000","546,825,000","377,618,000","432,583,000","493,474,000","120,995,000","327,308,000","315,446,000","465,613,000","424,522,000","332,625,000","351,777,000","478,198,000","459,843,000","337,202,000","382,651,000","478,782,000","515,464,000","438,830,000","426,998,000","509,340,000","560,750,000","427,487,000","437,025,000","506,240,000","584,086,000","432,103,000","462,351,000","497,328,000","540,272,000","405,323,000","421,864,000","504,752,000","558,660,000","417,644,000","449,012,000","454,633,000","509,483,000","384,143,000","412,670,000","390,939,000","434,712,000","342,444,000","364,839,000","353,035,000","462,314,000","352,811,000","392,823,000","381,582,000","473,313,000","332,900,000","370,268,000","356,178,000","413,055,000","288,346,000","313,791,000","309,083,000","348,804,000","258,597,000","272,956,000","280,605,000","301,459,000","243,311,000","243,869,000","249,893,000","251,965,000","184,288,000","184,100,000","189,600,000","211,200,000","137,300,000","160,300,000","158,800,000","175,800,000","119,600,000","151,300,000","144,300,000","161,200,000","112,800,000","137,100,000","131,000,000","148,500,000","102,200,000","125,900,000","117,400,000","137,200,000","97,300,000","114,800,000","104,700,000","120,100,000","83,300,000","102,400,000","96,500,000","118,500,000","78,900,000","89,000,000","82,400,000","91,200,000","69,500,000","80,800,000","77,300,000","82,200,000","60,600,000","77,300,000","72,300,000","75,300,000","56,600,000","68,100,000","65,500,000","-4,780,000,000","1,717,700,000","1,733,500,000","1,558,100,000","-3,016,900,000","1,045,400,000","1,071,300,000","1,044,000,000","-2,554,400,000","895,600,000","902,400,000","878,000,000","-2,224,500,000","792,900,000","802,800,000","734,700,000"
NetNonOperatingInterestIncomeExpense,"-958,035,000","-242,899,000","-128,214,000","-441,149,000","-145,773,000","-146,498,000","-146,717,000","-164,269,000","-83,854,000","-76,762,000","-83,335,000","-89,780,000","-94,514,000","-87,113,000","-89,016,000","-92,468,000","-136,145,000","-85,986,000","-80,884,000","-76,020,000","-81,004,000","-72,231,000","-73,623,000","-74,305,000","-57,699,000","-47,235,000","-126,907,000","-77,281,000","-69,550,000","-77,042,000","-30,934,000","-31,205,000","-32,224,000","-29,784,000","-30,528,000","-31,170,000","-34,215,000","-32,242,000","-30,868,000","-27,308,000","-28,290,000","-28,324,000","-29,474,000","-30,134,000","-28,972,000","-28,060,000","-31,101,000","-32,501,000","-27,654,000","-31,522,000","-33,800,000","-33,279,000","-28,233,000",,,,,"-28,915,000","-26,371,000",,,,,,,,,,,,,,,,,,,,,,,,,,,,,,,,,,,,,,,,,,,,,,,,,,,,,,,,,,,,,,,,,,,,,,,,,,,,,,,,,,,,,,,,
	InterestExpenseNonOperating,"958,035,000","242,899,000","128,214,000","441,149,000","145,773,000","146,498,000","146,717,000","164,269,000","83,854,000","76,762,000","83,335,000","89,780,000","94,514,000","87,113,000","89,016,000","92,468,000","136,145,000","85,986,000","80,884,000","76,020,000","81,004,000","72,231,000","73,623,000","74,305,000","57,699,000","47,235,000","126,907,000","77,281,000","69,550,000","77,042,000","30,934,000","31,205,000","32,224,000","29,784,000","30,528,000","31,170,000","34,215,000","32,242,000","30,868,000","27,308,000","28,290,000","28,324,000","29,474,000","30,134,000","28,972,000","28,060,000","31,101,000","32,501,000","27,654,000","31,522,000","33,800,000","33,279,000","28,233,000",,,,,"28,915,000","26,371,000",,,,,,,,,,,,,,,,,,,,,,,,,,,,,,,,,,,,,,,,,,,,,,,,,,,,,,,,,,,,,,,,,,,,,,,,,,,,,,,,,,,,,,,,
OtherIncomeExpense,"40,119,000","10,676,000","3,252,000","13,483,000","12,708,000","15,556,000","-14,124,000","-40,396,000","-5,200,000","807,000","-3,112,000","51,558,000","-4,120,000","-10,197,000","-1,132,000","-2,043,000","15,096,000","5,432,000","4,248,000","1,586,000","4,815,000","2,320,000","7,216,000","-141,303,000","6,952,000","7,764,000","15,240,000","25,034,000","8,577,000","-2,207,000","2,188,000","7,216,000","-3,718,000","4,211,000","4,534,000","9,832,000","3,410,000","1,753,000","2,477,000","1,296,000","2,248,000","3,472,000","-250,000","4,278,000","6,957,000","1,300,000","1,684,000","-2,924,000","-1,028,000","1,138,000","2,012,000","3,395,000","3,514,000","5,223,000","2,813,000","4,270,000","7,285,000","8,343,000","3,032,000","2,786,000","2,536,000","3,375,000","9,038,000","2,862,000","819,000","2,220,000","3,115,000","4,325,000","2,919,000","1,693,000","1,969,000","2,080,000","1,250,000","7,052,000","1,983,000","-332,000","2,661,000","2,606,000","3,412,000","869,000","877,000","290,000","769,000","-1,567,000","879,000","-46,000","633,000","131,000","-88,000","-1,800,000","200,000","-700,000","-100,000","-200,000","-200,000","-300,000","-200,000","300,000","100,000",,"-300,000",,"200,000","-200,000","400,000","400,000","400,000","500,000","600,000","500,000","500,000","200,000","500,000","200,000","1,000,000","800,000","700,000","-100,000","800,000","1,600,000","500,000","2,300,000","2,000,000","1,800,000","2,800,000","1,700,000","1,200,000","800,000","3,700,000","1,600,000","1,100,000",,,,,,,,,,,,,,,,
	SpecialIncomeCharges,,,,,,,,,,,,,,,,,,,,,,,,,,,,,,,,,,,,,,,,,"2,248,000","3,472,000","-250,000","4,278,000","6,957,000","1,300,000","1,684,000","-2,924,000","-1,028,000","1,138,000","2,012,000","3,395,000","3,514,000","5,223,000","2,813,000","4,270,000","7,285,000","8,343,000","3,032,000","2,786,000","2,536,000","3,375,000","9,038,000","2,862,000","819,000","2,220,000","3,115,000","4,325,000","2,919,000","1,693,000","1,969,000","2,080,000","1,250,000","7,052,000","1,983,000","-332,000","2,661,000","2,606,000","3,412,000","869,000","877,000","290,000","769,000","-1,567,000","879,000","-46,000","633,000","131,000","-88,000","-1,800,000","200,000","-700,000","-100,000","-200,000","-200,000","-300,000","-200,000","300,000","100,000",,"-300,000",,"200,000","-200,000","400,000","400,000","400,000","500,000","600,000","500,000","500,000","200,000","500,000","200,000","1,000,000","800,000","700,000","-100,000","800,000","1,600,000","500,000","2,300,000","2,000,000","1,800,000","2,800,000","1,700,000","1,200,000","800,000","3,700,000","1,600,000","1,100,000",,,,,,,,,,,,,,,,
	OtherNonOperatingIncomeExpenses,"40,119,000","10,676,000","3,252,000","13,483,000","12,708,000","15,556,000","-14,124,000","-40,396,000","-5,200,000","807,000","-3,112,000","51,558,000","-4,120,000","-10,197,000","-1,132,000","-2,043,000","15,096,000","5,432,000","4,248,000","1,586,000","4,815,000","2,320,000","7,216,000","-141,303,000","6,952,000","7,764,000","15,240,000","25,034,000","8,577,000","-2,207,000","2,188,000","7,216,000","-3,718,000","4,211,000","4,534,000","9,832,000","3,410,000","1,753,000","2,477,000","1,296,000",,,,,,,,,,,,,,,,,,"8,343,000","3,032,000",,,,,,,,,,,,,,,,,,,,,,,,,,,,,,,,,,,,,,,,,,,,,,,,,,,,,,,,,,,,,,,,,,,,,,,,,,,,,,,,,,,,,,,,
PretaxIncome,"964,276,000","212,686,000","506,720,000","142,018,000","102,852,000","81,120,000","258,738,000","-736,245,000","-28,780,000","476,538,000","581,871,000","682,308,000","430,951,000","354,585,000","537,992,000","593,156,000","364,884,000","451,728,000","546,456,000","483,525,000","359,773,000","422,506,000","500,426,000","331,217,000","326,871,000","393,112,000","381,807,000","68,748,000","266,335,000","236,197,000","436,867,000","400,533,000","296,683,000","326,204,000","452,204,000","438,505,000","306,397,000","352,162,000","450,391,000","489,452,000","412,788,000","402,146,000","479,616,000","534,894,000","405,472,000","410,265,000","476,823,000","548,661,000","403,421,000","431,967,000","465,540,000","510,388,000","380,604,000","398,687,000","481,155,000","535,419,000","396,185,000","428,440,000","431,294,000","486,739,000","360,979,000","388,039,000","374,211,000","409,388,000","313,822,000","337,832,000","333,904,000","447,255,000","335,579,000","376,750,000","365,852,000","456,257,000","318,413,000","360,944,000","339,530,000","393,096,000","272,731,000","298,894,000","295,667,000","333,471,000","245,156,000","256,733,000","265,510,000","282,049,000","225,692,000","225,789,000","233,125,000","234,242,000","165,846,000","165,700,000","171,900,000","191,600,000","119,000,000","141,600,000","141,700,000","159,900,000","104,200,000","137,100,000","131,300,000","149,200,000","101,000,000","125,300,000","120,300,000","137,200,000","92,300,000","115,900,000","108,500,000","127,800,000","87,600,000","105,300,000","96,800,000","111,900,000","75,800,000","92,200,000","87,900,000","109,100,000","70,200,000","79,300,000","73,600,000","82,400,000","59,200,000","71,400,000","68,500,000","72,300,000","51,200,000","66,000,000","61,300,000","62,300,000","46,700,000","55,300,000","51,800,000",,,,,,,,,,,,,,,,
TaxProvision,"178,802,000","45,245,000","128,707,000","-9,075,000","13,925,000","13,831,000","41,838,000","-117,826,000","-25,483,000","93,128,000","128,090,000","146,542,000","-9,132,000","87,205,000","106,950,000","144,228,000","34,799,000","167,615,000","178,816,000","178,354,000","121,495,000","147,339,000","176,539,000","115,550,000","109,735,000","120,713,000","137,387,000","-4,278,000","89,380,000","78,218,000","158,054,000","146,362,000","115,746,000","115,369,000","166,614,000","155,462,000","104,980,000","130,793,000","163,793,000","180,183,000","153,238,000","152,033,000","176,963,000","198,584,000","146,994,000","152,092,000","177,754,000","210,880,000","155,773,000","163,618,000","139,335,000","195,074,000","154,438,000","161,033,000","204,341,000","201,306,000","155,284,000","164,292,000","164,305,000","183,348,000","139,980,000","151,353,000","145,458,000","155,279,000","125,283,000","133,650,000","134,694,000","162,575,000","117,359,000","144,107,000","139,938,000","175,659,000","122,589,000","138,963,000","130,719,000","150,360,000","104,320,000","114,327,000","113,093,000","127,553,000","93,772,000","98,200,000","101,558,000","107,884,000","86,327,000","86,364,000","89,170,000","90,183,000","63,851,000","63,800,000","66,200,000","74,700,000","46,400,000","55,200,000","55,300,000","62,400,000","40,600,000","53,500,000","51,200,000","58,200,000","39,400,000","48,900,000","46,900,000","53,500,000","36,000,000","45,200,000","42,300,000","50,700,000","34,800,000","41,800,000","38,400,000","44,400,000","30,100,000","36,600,000","39,800,000","43,300,000","27,400,000","30,900,000","28,700,000","32,100,000","23,100,000","27,600,000","26,500,000","27,900,000","19,800,000","25,500,000","23,700,000","23,600,000","18,200,000","21,600,000","20,200,000",,,,,,,,,,,,,,,,
NetIncomeCommonStockholders,"785,474,000","167,441,000","378,013,000","151,093,000","88,927,000","67,289,000","216,900,000","-618,419,000","-3,297,000","383,410,000","453,781,000","535,766,000","440,083,000","267,380,000","431,042,000","448,928,000","330,085,000","284,113,000","367,640,000","305,171,000","238,278,000","275,167,000","323,887,000","215,667,000","217,136,000","272,399,000","244,420,000","73,026,000","176,955,000","157,979,000","278,813,000","254,171,000","180,937,000","210,835,000","285,590,000","283,043,000","201,417,000","221,369,000","286,598,000","309,269,000","259,550,000","250,113,000","302,653,000","336,310,000","258,478,000","258,173,000","299,069,000","337,781,000","247,648,000","268,349,000","326,205,000","315,314,000","226,166,000","237,654,000","276,814,000","334,113,000","240,901,000","264,148,000","266,989,000","303,391,000","220,999,000","236,686,000","189,018,000","254,109,000","188,539,000","204,182,000","208,495,000","284,680,000","218,220,000","232,643,000","225,914,000","280,598,000","195,824,000","221,981,000","208,811,000","242,736,000","168,411,000","184,567,000","182,574,000","205,918,000","151,384,000","158,533,000","163,952,000","174,165,000","139,365,000","139,425,000","143,955,000","144,059,000","101,995,000","101,900,000","97,700,000","116,900,000","72,600,000","86,400,000","86,400,000","97,500,000","63,600,000","55,500,000","80,100,000","91,000,000","61,600,000","76,400,000","73,400,000","83,700,000","56,300,000","70,700,000","66,200,000","77,100,000","52,800,000","63,500,000","58,400,000","67,500,000","45,700,000","55,600,000","48,100,000","65,800,000","42,800,000","48,400,000","44,900,000","50,300,000","36,100,000","43,800,000","42,000,000","44,400,000","31,400,000","40,500,000","37,600,000","38,700,000","28,500,000","33,700,000","31,600,000",,,,,,,,,,,,,,,,
	NetIncome,"785,474,000","167,441,000","378,013,000","151,093,000","88,927,000","67,289,000","216,900,000","-618,419,000","-3,297,000","383,410,000","453,781,000","535,766,000","440,083,000","267,380,000","431,042,000","448,928,000","330,085,000","284,113,000","367,640,000","305,171,000","238,278,000","275,167,000","323,887,000","215,667,000","217,136,000","272,399,000","244,420,000","73,026,000","176,955,000","157,979,000","278,813,000","254,171,000","180,937,000","210,835,000","285,590,000","283,043,000","201,417,000","221,369,000","286,598,000","309,269,000","259,550,000","250,113,000","302,653,000","336,310,000","258,478,000","258,173,000","299,069,000","337,781,000","247,648,000","268,349,000","326,205,000","315,314,000","226,166,000","237,654,000","276,814,000","334,113,000","240,901,000","264,148,000","266,989,000","303,391,000","220,999,000","236,686,000","189,018,000","254,109,000","188,539,000","204,182,000","208,495,000","284,680,000","218,220,000","232,643,000","225,914,000","280,598,000","195,824,000","221,981,000","208,811,000","242,736,000","168,411,000","184,567,000","182,574,000","205,918,000","151,384,000","158,533,000","163,952,000","174,165,000","139,365,000","139,425,000","143,955,000","144,059,000","101,995,000","101,900,000","97,700,000","116,900,000","72,600,000","86,400,000","86,400,000","97,500,000","63,600,000","55,500,000","80,100,000","91,000,000","61,600,000","76,400,000","73,400,000","83,700,000","56,300,000","70,700,000","66,200,000","77,100,000","52,800,000","63,500,000","58,400,000","67,500,000","45,700,000","55,600,000","48,100,000","65,800,000","42,800,000","48,400,000","44,900,000","50,300,000","36,100,000","43,800,000","42,000,000","44,400,000","31,400,000","40,500,000","37,600,000","38,700,000","28,500,000","33,700,000","31,600,000",,,,,,,,,,,,,,,,
		NetIncomeIncludingNoncontrollingInterests,"785,474,000","167,441,000","378,013,000","151,093,000","88,927,000","67,289,000","216,900,000","-618,419,000","-3,297,000","383,410,000","453,781,000","535,766,000","440,083,000","267,380,000","431,042,000","448,928,000","330,085,000","284,113,000","367,640,000","305,171,000","238,278,000","275,167,000","323,887,000","215,667,000","217,136,000","272,399,000","244,420,000","73,026,000","176,955,000","157,979,000","278,813,000","254,171,000","180,937,000","210,835,000","285,590,000","283,043,000","201,417,000","221,369,000","286,598,000","309,269,000","259,550,000","250,113,000","302,653,000","336,310,000","258,478,000","258,173,000","299,069,000","337,781,000","247,648,000","268,349,000","326,205,000","315,314,000","226,166,000","237,654,000","276,814,000","334,113,000","240,901,000","264,148,000","266,989,000","303,391,000","220,999,000","236,686,000","189,018,000","254,109,000","188,539,000","204,182,000","208,495,000","284,680,000","218,220,000","232,643,000","225,914,000","280,598,000","195,824,000","221,981,000","208,811,000","242,736,000","168,411,000","184,567,000","182,574,000","205,918,000","151,384,000","158,533,000","163,952,000","174,165,000","139,365,000","139,425,000","143,955,000","144,059,000","101,995,000","101,900,000","97,700,000","116,900,000","72,600,000","86,400,000","86,400,000","97,500,000","63,600,000","55,500,000","80,100,000","91,000,000","61,600,000","76,400,000","73,400,000","83,700,000","56,300,000","70,700,000","66,200,000","77,100,000","52,800,000","63,500,000","58,400,000","67,500,000","45,700,000","55,600,000","48,100,000","65,800,000","42,800,000","48,400,000","44,900,000","50,300,000","36,100,000","43,800,000","42,000,000","44,400,000","31,400,000","40,500,000","37,600,000","38,700,000","28,500,000","33,700,000","31,600,000","31,800,000","22,500,000","27,500,000","26,100,000","25,500,000","17,800,000","21,600,000","15,400,000","16,400,000","13,800,000","15,400,000","16,200,000","16,100,000","12,600,000","15,500,000","14,200,000"
			NetIncomeContinuousOperations,"785,474,000","167,441,000","378,013,000","151,093,000","88,927,000","67,289,000","216,900,000","-618,419,000","-3,297,000","383,410,000","453,781,000","535,766,000","440,083,000","267,380,000","431,042,000","448,928,000","330,085,000","284,113,000","367,640,000","305,171,000","238,278,000","275,167,000","323,887,000","215,667,000","217,136,000","272,399,000","244,420,000","73,026,000","176,955,000","157,979,000","278,813,000","254,171,000","180,937,000","210,835,000","285,590,000","283,043,000","201,417,000","221,369,000","286,598,000","309,269,000","259,550,000","250,113,000","302,653,000","336,310,000","258,478,000","258,173,000","299,069,000","337,781,000","247,648,000","268,349,000","326,205,000","315,314,000","226,166,000","237,654,000","276,814,000","334,113,000","240,901,000","264,148,000","266,989,000","303,391,000","220,999,000","236,686,000","228,753,000","254,109,000","188,539,000","204,182,000","199,210,000","284,680,000","218,220,000","232,643,000","225,914,000","280,598,000","195,824,000","221,981,000","208,811,000","242,736,000","168,411,000","184,567,000","182,574,000","205,918,000","151,384,000","158,533,000","163,952,000","174,165,000","139,365,000","139,425,000","143,955,000","144,059,000","101,995,000","101,900,000","105,700,000","116,900,000","72,600,000","86,400,000","86,400,000","97,500,000","63,600,000","83,600,000","80,100,000","91,000,000","61,600,000","76,400,000","73,400,000","83,700,000","56,300,000","70,700,000","66,200,000","77,100,000","52,800,000","63,500,000","58,400,000","67,500,000","45,700,000","55,600,000","48,100,000","65,800,000","42,800,000","48,400,000","44,900,000","50,300,000","36,100,000","43,800,000","42,000,000","44,400,000","31,400,000","40,500,000","37,600,000","38,700,000","28,500,000","33,700,000","31,600,000","31,800,000","22,500,000","27,500,000","26,100,000","25,500,000","17,800,000","21,600,000","15,400,000","16,400,000","13,800,000","15,400,000","16,200,000","16,100,000","12,600,000","15,500,000","14,200,000"
			NetIncomeExtraordinary,,,,,,,,,,,,,,,,,,,,,,,,,,,,,,,,,,,,,,,,,,,,,,,,,,,,,,,,,,,,,,,"-39,735,000","0",,,"9,285,000",,,,,,,,,,,,,,,,,,,,,"0",,,,,,,,"0",,,,,,,,,,,,,,,,,,,,,,,,,,,,,,,,,,,,,,,,,,,,,,,,,,,
			NetIncomeFromTaxLossCarryforward,,,,,,,,,,,,,,,,,,,,,,,,,,,,,,,,,,,,,,,,,,,,,,,,,,,,,,,,,,,,,,,,,,,,,,,,,,,,,,,,,,,,,,,,,,,"-8,000,000",,,,,,,"-28,100,000",,,,,,,,,,,,,,,,,,,,,,,,,,,,,,,,,,,,,,,,,,,,,,,,,
DilutedNIAvailtoComStockholders,"785,474,000","167,441,000","378,013,000","151,093,000","88,927,000","67,289,000","216,900,000","-618,419,000","-3,297,000","383,410,000","453,781,000","535,766,000","440,083,000","267,380,000","431,042,000","448,928,000","330,085,000","284,113,000","367,640,000","305,171,000","238,278,000","275,167,000","323,887,000","215,667,000","217,136,000","272,399,000","244,420,000","73,026,000","176,955,000","157,979,000","278,813,000","254,171,000","180,937,000","210,835,000","285,590,000","283,043,000","201,417,000","221,369,000","286,598,000","309,269,000","259,550,000","250,113,000","302,653,000","336,310,000","258,478,000","258,173,000","299,069,000","337,781,000","247,648,000","268,349,000","326,205,000","315,314,000","226,166,000","237,654,000","276,814,000","334,113,000","240,901,000","264,148,000","266,989,000","303,391,000","220,999,000","236,686,000","189,018,000","254,109,000","188,539,000","204,182,000","208,495,000","284,680,000","218,220,000","232,643,000","225,914,000","280,598,000","195,824,000","221,981,000","208,811,000","242,736,000","168,411,000","184,567,000","182,574,000","205,918,000","151,384,000","158,533,000","163,952,000","174,165,000","139,365,000","139,425,000","143,955,000","144,059,000","101,995,000","101,900,000","97,700,000","116,900,000","72,600,000","86,400,000","86,400,000","97,500,000","63,600,000","55,500,000","80,100,000","91,000,000","61,600,000","76,400,000","73,400,000","83,700,000","56,300,000","70,700,000","66,200,000","77,100,000","52,800,000","63,500,000","58,400,000","67,500,000","45,700,000","55,600,000","48,100,000","65,800,000","42,800,000","48,400,000","44,900,000","50,300,000","36,100,000","43,800,000","42,000,000","44,400,000","31,400,000","40,500,000","37,600,000","38,700,000","28,500,000","33,700,000","31,600,000",,,,,,,,,,,,,,,,
BasicEPS,,"0.33","0.74","0.29","0.17","0.13","0.43","-1.22","-0.01","0.75","0.88","1.04","0.86","0.52","0.83","0.86","0.63","0.55","0.7","0.57","0.44","0.5","0.58","0.38","0.38","0.48","0.41","0.12","0.3","0.27","0.47","0.43","0.31","0.36","0.49","0.48","0.34","0.38","0.49","0.53","0.44","0.43","0.51",,"0.44","0.44","0.51",,"0.42","0.45","0.55",,"0.38","0.4","0.46",,"0.4","0.43","0.44",,"0.36","0.38","0.3",,"0.3","0.33","0.33",,"0.34","0.36","0.35",,"0.31","0.34","0.32",,"0.26","0.28","0.28",,"0.23","0.24","0.25",,"0.21","0.21","0.215",,"0.16","0.155","0.15",,"0.11","0.13","0.13",,"0.1","0.09","0.12",,"0.09","0.11","0.11",,"0.08","0.1","0.09",,"0.08","0.09","0.08",,"0.07","0.08","0.07",,"0.06","0.07","0.06",,"0.05","0.06","0.06",,"0.05","0.06","0.06",,"0.04","0.05","0.05",,"0.02","0.02","0.02",,"0.03","0.03","0.03",,"0.02","0.03","0.03",,"0.02","0.03","0.03"
DilutedEPS,,"0.33","0.73","0.29","0.17","0.13","0.42","-1.22","-0.01","0.74","0.87","1.03","0.85","0.51","0.81","0.85","0.63","0.54","0.69","0.57","0.44","0.5","0.58","0.38","0.38","0.48","0.41","0.12","0.3","0.27","0.47","0.43","0.31","0.36","0.48","0.47","0.34","0.38","0.49","0.53","0.44","0.43","0.51",,"0.44","0.44","0.51",,"0.42","0.45","0.55",,"0.38","0.4","0.46",,"0.4","0.43","0.43",,"0.35","0.38","0.3",,"0.3","0.33","0.33",,"0.34","0.36","0.35",,"0.3","0.34","0.32",,"0.26","0.28","0.28",,"0.23","0.24","0.24",,"0.21","0.21","0.215",,"0.16","0.155","0.15",,"0.11","0.13","0.13",,"0.1","0.08","0.12",,"0.09","0.11","0.1",,"0.08","0.1","0.09",,"0.08","0.09","0.08",,"0.07","0.08","0.07",,"0.06","0.07","0.06",,"0.05","0.06","0.06",,"0.05","0.06","0.06",,"0.04","0.05","0.05",,"0.02","0.02","0.02",,"0.03","0.03","0.03",,"0.02","0.03","0.03",,"0.02","0.03","0.03"
BasicAverageShares,,"511,044,400","512,516,067","512,423,938","511,110,670","510,006,754","509,127,405","508,296,452","508,745,253","509,984,743","513,496,296","514,646,741","514,185,453","517,871,328","520,856,599","521,298,942","521,832,671","521,284,182","527,289,675","534,137,743","539,291,561","545,132,762","555,437,764","562,924,016","566,487,516","566,881,538","596,698,935","595,258,654","594,030,427","590,723,351","588,277,056","586,544,337","585,885,137","584,253,842","587,621,529","592,922,702","589,149,731","587,091,968","587,757,832","586,890,718","585,823,393","586,188,302","592,003,631",,"583,722,009","584,943,749","588,711,412",,"593,129,783","592,651,712","591,568,212",,"590,152,592","597,549,831","602,257,425",,"603,170,150","608,169,202","610,810,914",,"617,678,739","619,158,876","620,127,064",,"618,973,143","620,137,592","626,554,930",,"635,654,561","638,638,789","638,167,698",,"642,038,004","644,723,466","645,862,376",,"649,267,210","652,030,164","654,176,221",,"661,144,231","661,959,339","666,765,148",,"666,107,144","664,089,758","664,051,868",,"658,612,804","656,956,410","651,333,333",,"660,000,000","664,615,385","664,615,385",,"636,000,000","616,666,667","667,500,000",,"684,444,444","694,545,455","667,272,727",,"703,750,000","707,000,000","735,555,556",,"660,000,000","705,555,556","730,000,000",,"652,857,143","695,000,000","687,142,857",,"713,333,333","691,428,571","748,333,333",,"722,000,000","730,000,000","700,000,000",,"628,000,000","675,000,000","626,666,667",,"712,500,000","674,000,000","632,000,000",,"725,760,000","721,808,000","722,208,000",,"721,136,000","720,944,000","714,976,000",,"712,704,000","710,688,000","702,080,000",,"701,632,000","699,776,000","690,176,000"
DilutedAverageShares,,"514,574,889","515,782,928","516,036,842","514,585,129","512,742,792","510,738,760","508,296,452","512,657,657","515,517,792","518,761,456","520,060,241","519,821,311","524,600,510","529,034,470","528,053,652","527,990,563","527,249,587","533,063,426","538,797,624","544,068,915","550,372,067","560,954,068","567,997,290","570,814,798","571,452,124","600,789,913","599,259,889","598,921,070","595,911,680","593,309,750","591,361,869","590,470,283","587,926,287","591,458,948","597,536,893","592,903,799","589,751,933","589,838,819","588,268,439","587,214,691","587,034,204","593,449,101",,"585,421,864","587,110,338","591,103,346",,"594,833,736","593,372,477","591,983,474",,"590,667,577","598,233,384","605,707,175",,"605,773,862","614,620,234","617,108,313",,"625,750,925","628,429,841","625,486,950",,"625,101,592","627,147,814","634,959,278",,"650,753,697","652,993,142","650,779,334",,"663,097,806","661,632,986","657,274,982",,"657,994,124","664,083,274","663,542,498",,"672,528,949","671,799,409","677,916,766",,"677,731,150","675,760,002","674,185,530",,"667,325,916","667,088,036","651,333,333",,"660,000,000","664,615,385","664,615,385",,"636,000,000","693,750,000","667,500,000",,"684,444,444","694,545,455","734,000,000",,"703,750,000","707,000,000","735,555,556",,"660,000,000","705,555,556","730,000,000",,"652,857,143","695,000,000","687,142,857",,"713,333,333","691,428,571","748,333,333",,"722,000,000","730,000,000","700,000,000",,"628,000,000","675,000,000","626,666,667",,"712,500,000","674,000,000","632,000,000",,"725,760,000","721,808,000","722,208,000",,"721,136,000","720,944,000","714,976,000",,"712,704,000","710,688,000","702,080,000",,"701,632,000","699,776,000","690,176,000"
TotalOperatingIncomeAsReported,"1,882,192,000","444,909,000","631,682,000","569,684,000","235,917,000","212,062,000","419,579,000","-531,580,000","60,274,000","552,493,000","668,318,000","720,530,000","529,585,000","451,895,000","628,140,000","687,667,000","485,933,000","532,282,000","623,092,000","557,959,000","435,962,000","492,417,000","566,833,000","546,825,000","377,618,000","432,583,000","493,474,000","120,995,000","327,308,000","315,446,000","465,613,000","424,522,000","332,625,000","351,777,000","478,198,000","459,843,000","337,202,000","382,651,000","478,782,000","515,464,000","438,830,000","426,998,000","509,340,000","560,750,000","427,487,000","437,025,000","506,240,000","584,086,000","432,103,000","462,351,000","497,328,000","540,272,000","405,323,000","421,864,000","504,752,000","558,660,000","417,644,000","449,012,000","454,633,000","509,483,000","384,143,000","412,670,000","390,939,000","434,712,000","342,444,000","364,839,000","353,035,000","462,314,000","352,811,000","392,823,000","381,582,000","473,313,000","332,900,000","370,268,000","356,178,000","413,055,000","288,346,000","313,791,000","309,083,000","348,804,000","258,597,000","272,956,000","280,605,000","301,459,000","243,311,000","243,869,000","249,893,000","251,965,000","184,288,000","184,100,000","189,600,000","211,200,000","137,300,000","160,300,000","158,800,000","175,800,000","119,600,000","151,300,000","144,300,000","161,200,000","112,800,000","137,100,000","131,000,000","148,500,000","102,200,000","125,900,000","117,400,000","137,200,000","97,300,000","114,800,000","104,700,000","120,100,000","83,300,000","102,400,000","96,500,000","118,500,000","78,900,000","89,000,000","82,400,000","91,200,000","69,500,000","80,800,000","77,300,000","82,200,000","60,600,000","77,300,000","72,300,000","75,300,000","56,600,000","68,100,000","65,500,000",,,,,,,,,,,,,,,,
TotalExpenses,"58,856,039,000","15,875,294,000","15,824,864,000","15,567,209,000","11,588,672,000","11,346,920,000","11,357,800,000","9,398,144,000","13,638,425,000","14,472,549,000","14,634,687,000","14,754,332,000","14,128,489,000","14,313,812,000","14,587,139,000","14,628,239,000","13,863,571,000","13,879,208,000","14,027,332,000","13,863,086,000","13,088,210,000","12,964,851,000","13,401,821,000","13,101,066,000","11,625,173,000","11,721,043,000","12,069,137,000","12,280,943,000","11,419,351,000","11,771,628,000","11,979,468,000","11,862,470,000","10,944,859,000","10,886,192,000","11,236,069,000","11,141,213,000","10,589,169,000","10,414,239,000","10,608,134,000","10,529,918,000","10,065,916,000","9,817,423,000","10,077,050,000","9,864,953,000","9,334,173,000","8,947,827,000","9,245,034,000","9,764,391,000","8,512,990,000","8,406,148,000","8,584,098,000","8,546,476,000","8,334,027,000","8,727,939,000","9,372,677,000","9,171,545,000","8,728,913,000","8,790,493,000","8,951,211,000","8,718,811,000","8,188,818,000","8,156,078,000","8,281,133,000","8,074,365,000","7,795,372,000","7,606,222,000","7,657,449,000","7,518,965,000","7,084,642,000","6,938,434,000","7,150,343,000","7,665,704,000","6,692,685,000","6,666,252,000","6,778,103,000","6,558,785,000","6,106,932,000","6,035,006,000","6,115,339,000","5,961,732,000","5,361,727,000","5,318,010,000","5,548,073,000","5,487,838,000","5,101,185,000","5,046,661,000","5,110,281,000","5,019,799,000","4,538,647,000","4,467,400,000","4,467,400,000","4,607,400,000","4,027,600,000","4,086,400,000","4,033,800,000","3,825,500,000","3,592,200,000","3,634,800,000","3,683,900,000","3,533,500,000","3,357,500,000","3,473,200,000","3,548,200,000","3,396,000,000","3,154,900,000","3,175,700,000","3,174,500,000","3,024,700,000","2,869,100,000","2,891,900,000","2,878,400,000","2,761,800,000","2,601,600,000","2,563,500,000","2,613,400,000","2,695,500,000","2,320,400,000","2,303,300,000","2,333,400,000","2,257,200,000","2,116,900,000","2,099,900,000","2,100,100,000","2,066,300,000","1,901,500,000","1,935,800,000","1,953,700,000","1,883,800,000","1,808,700,000","1,820,100,000","1,812,500,000",,,,,,,,,,,,,,,,
NetIncomeFromContinuingAndDiscontinuedOperation,"785,474,000","167,441,000","378,013,000","151,093,000","88,927,000","67,289,000","216,900,000","-618,419,000","-3,297,000","383,410,000","453,781,000","535,766,000","440,083,000","267,380,000","431,042,000","448,928,000","330,085,000","284,113,000","367,640,000","305,171,000","238,278,000","275,167,000","323,887,000","215,667,000","217,136,000","272,399,000","244,420,000","73,026,000","176,955,000","157,979,000","278,813,000","254,171,000","180,937,000","210,835,000","285,590,000","283,043,000","201,417,000","221,369,000","286,598,000","309,269,000","259,550,000","250,113,000","302,653,000","336,310,000","258,478,000","258,173,000","299,069,000","337,781,000","247,648,000","268,349,000","326,205,000","315,314,000","226,166,000","237,654,000","276,814,000","334,113,000","240,901,000","264,148,000","266,989,000","303,391,000","220,999,000","236,686,000","228,753,000","254,109,000","188,539,000","204,182,000","199,210,000","284,680,000","218,220,000","232,643,000","225,914,000","280,598,000","195,824,000","221,981,000","208,811,000","242,736,000","168,411,000","184,567,000","182,574,000","205,918,000","151,384,000","158,533,000","163,952,000","174,165,000","139,365,000","139,425,000","143,955,000","144,059,000","101,995,000","101,900,000","105,700,000","116,900,000","72,600,000","86,400,000","86,400,000","97,500,000","63,600,000","83,600,000","80,100,000","91,000,000","61,600,000","76,400,000","73,400,000","83,700,000","56,300,000","70,700,000","66,200,000","77,100,000","52,800,000","63,500,000","58,400,000","67,500,000","45,700,000","55,600,000","48,100,000","65,800,000","42,800,000","48,400,000","44,900,000","50,300,000","36,100,000","43,800,000","42,000,000","44,400,000","31,400,000","40,500,000","37,600,000","38,700,000","28,500,000","33,700,000","31,600,000",,,,,,,,,,,,,,,,
NormalizedIncome,"785,474,000","167,441,000","378,013,000","151,093,000","88,927,000","67,289,000","216,900,000","-618,419,000","-3,297,000","383,410,000","453,781,000","535,766,000","440,083,000","267,380,000","431,042,000","448,928,000","330,085,000","284,113,000","367,640,000","305,171,000","238,278,000","275,167,000","323,887,000","215,667,000","217,136,000","272,399,000","244,420,000","73,026,000","176,955,000","157,979,000","278,813,000","254,171,000","180,937,000","210,835,000","285,590,000","283,043,000","201,417,000","221,369,000","286,598,000","309,269,000","258,136,518.019","247,953,604.318","302,810,757.977","333,620,244.31","254,043,090.941","257,354,931.435","298,012,775.372","339,581,149.17","248,279,058.234","267,642,045.159","324,795,186.751","313,216,593.654","223,881,900","234,520,200","274,985,550","331,448,427.936","236,471,342.681","264,148,000","266,989,000","301,654,448.53","219,446,407.013","234,627,404.73","223,228,123.356","252,332,543.538","188,046,958.521","202,840,256.056","197,341,000","281,927,116.298","216,321,835.395","231,597,573.062","224,698,140.401","279,318,800.251","195,055,249.98","217,644,011.403","207,591,454.708","242,941,009.341","166,767,836.33","182,957,795.392","180,467,094.299","205,381,393.393","150,842,451.892","158,353,924.579","163,477,143.731","174,165,000","138,822,216.76","139,453,405.06","143,564,121.651","143,978,434.905","102,049,119.846","103,006,940.253","105,577,021.524","117,327,087.683","72,661,008.403","86,522,033.898","86,521,947.777","97,682,926.829","63,722,072.937","83,417,067.834","80,038,994.669","91,000,000","61,782,970.297","76,400,000","73,277,971.737","83,822,011.662","56,056,013.001","70,455,996.549","65,955,944.7","76,798,356.808","52,438,356.164","63,198,480.532","58,098,347.107","67,379,356.568","45,398,548.813","55,479,392.625","47,500,000","65,317,506.874","42,373,219.373","48,461,034.048","44,411,956.522","49,323,300.971","35,795,101.351","42,389,075.63","40,773,722.628","43,294,605.809","29,682,812.5","39,456,818.182","36,863,947.798","38,203,049.759","26,241,970.021","32,724,954.792","30,928,957.529",,,,,,,,,,,,,,,,
InterestExpense,"958,035,000","242,899,000","128,214,000","441,149,000","145,773,000","146,498,000","146,717,000","164,269,000","83,854,000","76,762,000","83,335,000","89,780,000","94,514,000","87,113,000","89,016,000","92,468,000","136,145,000","85,986,000","80,884,000","76,020,000","81,004,000","72,231,000","73,623,000","74,305,000","57,699,000","47,235,000","126,907,000","77,281,000","69,550,000","77,042,000","30,934,000","31,205,000","32,224,000","29,784,000","30,528,000","31,170,000","34,215,000","32,242,000","30,868,000","27,308,000","28,290,000","28,324,000","29,474,000","30,134,000","28,972,000","28,060,000","31,101,000","32,501,000","27,654,000","31,522,000","33,800,000","33,279,000","28,233,000",,,,,"28,915,000","26,371,000",,,,,,,,,,,,,,,,,,,,,,,,,,,,,,,,,,,,,,,,,,,,,,,,,,,,,,,,,,,,,,,,,,,,,,,,,,,,,,,,,,,,,,,,
NetInterestIncome,"-958,035,000","-242,899,000","-128,214,000","-441,149,000","-145,773,000","-146,498,000","-146,717,000","-164,269,000","-83,854,000","-76,762,000","-83,335,000","-89,780,000","-94,514,000","-87,113,000","-89,016,000","-92,468,000","-136,145,000","-85,986,000","-80,884,000","-76,020,000","-81,004,000","-72,231,000","-73,623,000","-74,305,000","-57,699,000","-47,235,000","-126,907,000","-77,281,000","-69,550,000","-77,042,000","-30,934,000","-31,205,000","-32,224,000","-29,784,000","-30,528,000","-31,170,000","-34,215,000","-32,242,000","-30,868,000","-27,308,000","-28,290,000","-28,324,000","-29,474,000","-30,134,000","-28,972,000","-28,060,000","-31,101,000","-32,501,000","-27,654,000","-31,522,000","-33,800,000","-33,279,000","-28,233,000",,,,,"-28,915,000","-26,371,000",,,,,,,,,,,,,,,,,,,,,,,,,,,,,,,,,,,,,,,,,,,,,,,,,,,,,,,,,,,,,,,,,,,,,,,,,,,,,,,,,,,,,,,,
EBIT,"1,922,311,000","455,585,000","634,934,000","583,167,000","248,625,000","227,618,000","405,455,000","-571,976,000","55,074,000","553,300,000","665,206,000","772,088,000","525,465,000","441,698,000","627,008,000","685,624,000","501,029,000","537,714,000","627,340,000","559,545,000","440,777,000","494,737,000","574,049,000","405,522,000","384,570,000","440,347,000","508,714,000","146,029,000","335,885,000","313,239,000","467,801,000","431,738,000","328,907,000","355,988,000","482,732,000","469,675,000","340,612,000","384,404,000","481,259,000","516,760,000","441,078,000","430,470,000","509,090,000","565,028,000","434,444,000","438,325,000","507,924,000","581,162,000","431,075,000","463,489,000","499,340,000","543,667,000","408,837,000","421,864,000","504,752,000","558,660,000","417,644,000","457,355,000","457,665,000","509,483,000","384,143,000","412,670,000","390,939,000","434,712,000","342,444,000","364,839,000","353,035,000","462,314,000","352,811,000","392,823,000","381,582,000","473,313,000","332,900,000","370,268,000","356,178,000","413,055,000","288,346,000","313,791,000","309,083,000","348,804,000","258,597,000","272,956,000","280,605,000","301,358,000","243,311,000","243,869,000","249,893,000","251,965,000","184,288,000","184,100,000","189,600,000","211,200,000","137,300,000","160,300,000","158,800,000","175,800,000","119,600,000","151,300,000","144,300,000","161,200,000","112,800,000","137,100,000","131,000,000","148,500,000","102,200,000","125,900,000","117,400,000","137,200,000","97,300,000","114,800,000","104,700,000","120,100,000","83,300,000","102,400,000","96,500,000","118,500,000","78,900,000","89,000,000","82,400,000","91,200,000","69,500,000","80,800,000","77,300,000","82,200,000","60,600,000","77,300,000","72,300,000","75,300,000","56,600,000","68,100,000","65,500,000","-4,780,000,000","1,717,700,000","1,733,500,000","1,558,100,000","-3,016,900,000","1,045,400,000","1,071,300,000","1,044,000,000","-2,554,400,000","895,600,000","902,400,000","878,000,000","-2,224,500,000","792,900,000","802,800,000","734,700,000"
EBITDA,"2,786,189,000"
ReconciledCostOfRevenue,"49,836,927,000","13,429,053,000","13,484,838,000","13,221,115,000","9,701,921,000","9,460,524,000","9,557,534,000","7,300,909,000","11,134,459,000","12,196,643,000","12,359,635,000","12,495,670,000","11,903,776,000","11,993,995,000","12,311,494,000","12,399,197,000","11,673,876,000","11,712,104,000","11,856,756,000","11,661,455,000","10,990,037,000","10,885,405,000","11,276,735,000","11,145,053,000","9,859,966,000","9,996,812,000","10,324,616,000","10,181,774,000","9,689,161,000","10,001,937,000","10,256,364,000","10,131,136,000","9,282,743,000","9,273,018,000","9,648,780,000","9,564,894,000","9,016,052,000","8,879,324,000","9,083,372,000","9,033,671,000","8,633,130,000","8,398,771,000","8,638,790,000","8,488,776,000","7,950,800,000","7,642,908,000","7,919,857,000","8,366,609,000","7,261,721,000","7,173,612,000","7,334,067,000","7,324,162,000","7,102,274,000","7,399,690,000","7,990,873,000","7,828,791,000","7,412,036,000","7,471,725,000","7,614,702,000","7,427,621,000","6,938,867,000","6,915,259,000","7,002,856,000","6,819,459,000","6,602,102,000","6,434,753,000","6,480,793,000","6,437,589,000","6,032,165,000","5,933,515,000","6,094,931,000","6,554,156,000","5,684,192,000","5,669,399,000","5,753,767,000","5,582,663,000","5,144,473,000","5,097,716,000","5,154,704,000","5,046,832,000","4,510,059,000","4,481,655,000","4,683,617,000","4,820,574,000","4,237,743,000","4,191,749,000","4,263,072,000","4,196,526,000","3,774,066,000","3,718,000,000","3,740,300,000","3,855,900,000","3,349,600,000","3,419,400,000","3,378,000,000","3,203,000,000","2,989,200,000","3,038,600,000","3,087,600,000","2,966,800,000","2,804,500,000","2,914,900,000","2,989,600,000","2,858,800,000","2,638,500,000","2,671,000,000","2,670,800,000","2,548,800,000","2,399,800,000","2,431,100,000","2,417,000,000","2,327,400,000","2,179,200,000","2,149,300,000","2,195,700,000","2,279,400,000","1,941,300,000","1,934,800,000","1,962,000,000","1,900,100,000","1,773,900,000","1,764,800,000","1,765,500,000","1,737,500,000","1,591,200,000","1,626,700,000","1,646,200,000","1,584,500,000","1,517,400,000","1,531,700,000","1,528,300,000",,,,,,,,,,,,,,,,
ReconciledDepreciation,"863,878,000","217,932,000","214,687,000","227,937,000","203,322,000","212,664,000","207,899,000","271,804,000","216,477,000","211,530,000","214,330,000","187,339,000","184,183,000","204,786,000","187,627,000","201,766,000","193,416,000","190,654,000","179,662,000","234,717,000","218,316,000","237,274,000","211,685,000","202,046,000","179,264,000","145,439,000","135,961,000","117,122,000","141,100,000","157,000,000","137,799,000","146,990,000","137,925,000","137,403,000","133,744,000","132,550,000","130,405,000","128,929,000","120,664,000","111,977,000","104,242,000","101,083,000","99,641,000","104,281,000","100,077,000","96,516,000","101,714,000","105,763,000","94,785,000","95,522,000","93,906,000","98,186,000","93,544,000","96,258,000","94,351,000","96,782,000","95,107,000","90,184,000","90,456,000","92,323,000","91,365,000","88,811,000","90,060,000","93,107,000","82,397,000","84,502,000","85,056,000","85,779,000","80,670,000","76,229,000","74,065,000","74,541,000","70,375,000","69,000,000","69,679,000","68,987,000","70,718,000","67,641,000","65,796,000","74,774,000","68,238,000","68,624,000","66,615,000","66,004,000","63,286,000","59,238,000","59,712,000","58,679,000","55,082,000","54,000,000","52,900,000","54,000,000","52,900,000","50,100,000","48,000,000","47,700,000","45,900,000","44,300,000","43,300,000","41,400,000","40,400,000","39,600,000","38,900,000","38,700,000","37,300,000","34,800,000","33,900,000","33,600,000","32,900,000","32,500,000","31,800,000","31,000,000","30,600,000","29,900,000","28,500,000","27,900,000","27,300,000","26,700,000","25,800,000","25,400,000","25,000,000","24,800,000","24,300,000","24,600,000","22,700,000","22,400,000","22,500,000","22,900,000","20,900,000","20,400,000","20,200,000",,,,,,,,,,,,,,,,
NetIncomeFromContinuingOperationNetMinorityInterest,"785,474,000","167,441,000","378,013,000","151,093,000","88,927,000","67,289,000","216,900,000","-618,419,000","-3,297,000","383,410,000","453,781,000","535,766,000","440,083,000","267,380,000","431,042,000","448,928,000","330,085,000","284,113,000","367,640,000","305,171,000","238,278,000","275,167,000","323,887,000","215,667,000","217,136,000","272,399,000","244,420,000","73,026,000","176,955,000","157,979,000","278,813,000","254,171,000","180,937,000","210,835,000","285,590,000","283,043,000","201,417,000","221,369,000","286,598,000","309,269,000","259,550,000","250,113,000","302,653,000","336,310,000","258,478,000","258,173,000","299,069,000","337,781,000","247,648,000","268,349,000","326,205,000","315,314,000","226,166,000","237,654,000","276,814,000","334,113,000","240,901,000","264,148,000","266,989,000","303,391,000","220,999,000","236,686,000","228,753,000","254,109,000","188,539,000","204,182,000","199,210,000","284,680,000","218,220,000","232,643,000","225,914,000","280,598,000","195,824,000","221,981,000","208,811,000","242,736,000","168,411,000","184,567,000","182,574,000","205,918,000","151,384,000","158,533,000","163,952,000","174,165,000","139,365,000","139,425,000","143,955,000","144,059,000","101,995,000","101,900,000","105,700,000","116,900,000","72,600,000","86,400,000","86,400,000","97,500,000","63,600,000","83,600,000","80,100,000","91,000,000","61,600,000","76,400,000","73,400,000","83,700,000","56,300,000","70,700,000","66,200,000","77,100,000","52,800,000","63,500,000","58,400,000","67,500,000","45,700,000","55,600,000","48,100,000","65,800,000","42,800,000","48,400,000","44,900,000","50,300,000","36,100,000","43,800,000","42,000,000","44,400,000","31,400,000","40,500,000","37,600,000","38,700,000","28,500,000","33,700,000","31,600,000",,,,,,,,,,,,,,,,
TotalUnusualItemsExcludingGoodwill,,,,,,,,,,,,,,,,,,,,,,,,,,,,,,,,,,,,,,,,,"2,248,000","3,472,000","-250,000","4,278,000","6,957,000","1,300,000","1,684,000","-2,924,000","-1,028,000","1,138,000","2,012,000","3,395,000","3,514,000","5,223,000","2,813,000","4,270,000","7,285,000","8,343,000","3,032,000","2,786,000","2,536,000","3,375,000","9,038,000","2,862,000","819,000","2,220,000","3,115,000","4,325,000","2,919,000","1,693,000","1,969,000","2,080,000","1,250,000","7,052,000","1,983,000","-332,000","2,661,000","2,606,000","3,412,000","869,000","877,000","290,000","769,000","-1,567,000","879,000","-46,000","633,000","131,000","-88,000","-1,800,000","200,000","-700,000","-100,000","-200,000","-200,000","-300,000","-200,000","300,000","100,000",,"-300,000",,"200,000","-200,000","400,000","400,000","400,000","500,000","600,000","500,000","500,000","200,000","500,000","200,000","1,000,000","800,000","700,000","-100,000","800,000","1,600,000","500,000","2,300,000","2,000,000","1,800,000","2,800,000","1,700,000","1,200,000","800,000","3,700,000","1,600,000","1,100,000",,,,,,,,,,,,,,,,
TotalUnusualItems,,,,,,,,,,,,,,,,,,,,,,,,,,,,,,,,,,,,,,,,,"2,248,000","3,472,000","-250,000","4,278,000","6,957,000","1,300,000","1,684,000","-2,924,000","-1,028,000","1,138,000","2,012,000","3,395,000","3,514,000","5,223,000","2,813,000","4,270,000","7,285,000","8,343,000","3,032,000","2,786,000","2,536,000","3,375,000","9,038,000","2,862,000","819,000","2,220,000","3,115,000","4,325,000","2,919,000","1,693,000","1,969,000","2,080,000","1,250,000","7,052,000","1,983,000","-332,000","2,661,000","2,606,000","3,412,000","869,000","877,000","290,000","769,000","-1,567,000","879,000","-46,000","633,000","131,000","-88,000","-1,800,000","200,000","-700,000","-100,000","-200,000","-200,000","-300,000","-200,000","300,000","100,000",,"-300,000",,"200,000","-200,000","400,000","400,000","400,000","500,000","600,000","500,000","500,000","200,000","500,000","200,000","1,000,000","800,000","700,000","-100,000","800,000","1,600,000","500,000","2,300,000","2,000,000","1,800,000","2,800,000","1,700,000","1,200,000","800,000","3,700,000","1,600,000","1,100,000",,,,,,,,,,,,,,,,
NormalizedEBITDA,"2,786,189,000","673,517,000","849,621,000","811,104,000","451,947,000","440,282,000","613,354,000","-300,172,000","271,551,000","764,830,000","879,536,000","959,427,000","709,648,000","646,484,000","814,635,000","887,390,000","694,445,000","728,368,000","807,002,000","794,262,000","659,093,000","732,011,000","785,734,000","607,568,000","563,834,000","585,786,000","644,675,000","263,151,000","476,985,000","470,239,000","605,600,000","578,728,000","466,832,000","493,391,000","616,476,000","602,225,000","471,017,000","513,333,000","601,923,000","628,737,000","543,072,000","528,081,000","608,981,000","665,031,000","527,564,000","533,541,000","607,954,000","689,849,000","526,888,000","557,873,000","591,234,000","638,458,000","498,867,000","512,899,000","596,290,000","651,172,000","505,466,000","547,539,000","548,121,000","599,020,000","472,972,000","498,106,000","471,961,000","524,957,000","424,022,000","447,121,000","434,976,000","543,768,000","430,562,000","467,359,000","453,678,000","545,774,000","402,025,000","432,216,000","423,874,000","482,374,000","356,403,000","378,826,000","371,467,000","422,709,000","325,958,000","341,290,000","346,451,000","367,362,000","305,718,000","303,153,000","308,972,000","310,513,000","239,458,000","239,900,000","242,300,000","265,900,000","190,300,000","210,600,000","207,000,000","223,800,000","165,700,000","195,300,000","187,500,000","202,600,000","153,500,000","176,700,000","169,700,000","187,400,000","139,100,000","160,300,000","150,900,000","170,300,000","129,600,000","146,800,000","136,000,000","150,900,000","113,400,000","132,100,000","124,000,000","145,600,000","105,500,000","115,900,000","107,400,000","115,000,000","94,000,000","103,400,000","99,600,000","105,000,000","80,500,000","98,000,000","93,600,000","97,400,000","73,800,000","86,900,000","84,600,000","-4,780,000,000","1,717,700,000","1,733,500,000","1,558,100,000","-3,016,900,000","1,045,400,000","1,071,300,000","1,044,000,000","-2,554,400,000","895,600,000","902,400,000","878,000,000","-2,224,500,000","792,900,000","802,800,000","734,700,000"
TaxRateForCalcs,"0.185","0.213","0.254","0.27","0.135","0.171","0.162","0.16","0.27","0.195","0.22","0.215","0.27","0.246","0.199","0.243","0.095","0.371","0.327","0.369","0.338","0.349","0.353","0.349","0.336","0.307","0.36","0.4","0.336","0.331","0.362","0.365","0.39","0.354","0.368","0.355","0.343","0.371","0.364","0.368","0.371","0.378","0.369","0.371","0.363","0.371","0.373","0.384","0.386","0.379","0.299","0.382","0.35","0.4","0.35","0.376","0.392","0.383","0.381","0.377","0.388","0.39","0.389","0.379","0.399","0.396","0.4","0.363","0.35","0.383","0.382","0.385","0.385","0.385","0.385","0.383","0.383","0.383","0.383","0.383","0.382","0.382","0.383","0.383","0.382","0.382","0.382","0.385","0.385","0.385","0.385","0.39","0.39","0.39","0.39","0.39","0.39","0.39","0.39","0.39","0.39","0.39","0.39","0.39","0.39","0.39","0.39","0.397","0.397","0.397","0.397","0.397","0.397","0.397","0.4","0.397","0.39","0.39","0.39","0.39","0.39","0.387","0.387","0.386","0.387","0.386","0.387","0.379","0.39","0.391","0.39",,,,,,,,,,,,,,,,
TaxEffectOfUnusualItems,"0","0","0","0","0","0","0","0","0","0","0","0","0","0","0","0","0","0","0","0","0","0","0","0","0","0","0","0","0","0","0","0","0","0","0","0","0","0","0","0","834,518.019","1,312,604.318","-92,242.023","1,588,244.31","2,522,090.941","481,931.435","627,775.372","-1,123,850.83","-396,941.766","431,045.159","602,186.751","1,297,593.654","1,229,900","2,089,200","984,550","1,605,427.936","2,855,342.681","0","0","1,049,448.53","983,407.013","1,316,404.73","3,513,123.356","1,085,543.538","326,958.521","878,256.056","1,246,000","1,572,116.298","1,020,835.395","647,573.062","753,140.401","800,800.251","481,249.98","2,715,011.403","763,454.708","-126,990.659","1,017,836.33","996,795.392","1,305,094.299","332,393.393","335,451.892","110,924.579","294,143.731","0","336,216.76","-17,594.94","242,121.651","50,434.905","-33,880.154","-693,059.747","77,021.524","-272,912.317","-38,991.597","-77,966.102","-78,052.223","-117,073.171","-77,927.063","117,067.834","38,994.669","0","-117,029.703","0","77,971.737","-77,988.338","156,013.001","155,996.549","155,944.7","198,356.808","238,356.164","198,480.532","198,347.107","79,356.568","198,548.813","79,392.625","400,000","317,506.874","273,219.373","-38,965.952","311,956.522","623,300.971","195,101.351","889,075.63","773,722.628","694,605.809","1,082,812.5","656,818.182","463,947.798","303,049.759","1,441,970.021","624,954.792","428,957.529",,,,,,,,,,,,,,,,