name,ttm,12/31/2021,09/30/2021,06/30/2021,03/31/2021,12/31/2020,09/30/2020,06/30/2020,03/31/2020,12/31/2019,09/30/2019,06/30/2019,03/31/2019,12/31/2018,09/30/2018,06/30/2018,03/31/2018,12/31/2017,09/30/2017,06/30/2017,03/31/2017,12/31/2016,09/30/2016,06/30/2016,03/31/2016,12/31/2015,09/30/2015,06/30/2015,03/31/2015,12/31/2014,09/30/2014,06/30/2014,03/31/2014,12/31/2013,09/30/2013,06/30/2013,03/31/2013,12/31/2012,09/30/2012,06/30/2012,03/31/2012,12/31/2011,09/30/2011,06/30/2011,03/31/2011,12/31/2010,09/30/2010,06/30/2010,03/31/2010,12/31/2009,09/30/2009,06/30/2009,03/31/2009,12/31/2008,09/30/2008,06/30/2008,03/31/2008,12/31/2007,09/30/2007,06/30/2007,03/31/2007,12/31/2006,09/30/2006,06/30/2006,03/31/2006,12/31/2005,09/30/2005,06/30/2005,03/31/2005,12/31/2004,09/30/2004,06/30/2004,03/31/2004,12/31/2003,09/30/2003,06/30/2003,03/31/2003,12/31/2002,09/30/2002,06/30/2002,03/31/2002,12/31/2001,09/30/2001,06/30/2001,03/31/2001,12/31/2000,09/30/2000,06/30/2000,03/31/2000,12/31/1999,09/30/1999,06/30/1999,03/31/1999,12/31/1998,09/30/1998,06/30/1998,03/31/1998,12/31/1997,09/30/1997,06/30/1997,03/31/1997,12/31/1996,09/30/1996,06/30/1996,03/31/1996,12/31/1995,09/30/1995,06/30/1995,03/31/1995,12/31/1994,09/30/1994,06/30/1994,03/31/1994,12/31/1993,09/30/1993,06/30/1993,03/31/1993,12/31/1992,09/30/1992,06/30/1992,03/31/1992,12/31/1991,09/30/1991,06/30/1991,03/31/1991,12/31/1990,09/30/1990,06/30/1990,03/31/1990,12/31/1989,09/30/1989,06/30/1989,03/31/1989,12/31/1988,09/30/1988,06/30/1988,03/31/1988,12/31/1987,09/30/1987,06/30/1987,03/31/1987,12/31/1986,09/30/1986,06/30/1986,03/31/1986,12/31/1985,09/30/1985
TotalRevenue,"168,864,000,000","40,958,000,000","39,922,000,000","44,045,000,000","43,939,000,000","45,691,000,000","42,340,000,000","40,950,000,000","42,779,000,000","46,821,000,000","44,588,000,000","44,957,000,000","44,827,000,000","47,993,000,000","45,739,000,000","38,986,000,000","38,038,000,000","41,676,000,000","39,668,000,000","39,837,000,000","39,365,000,000","41,841,000,000","40,890,000,000","40,520,000,000","40,535,000,000","42,119,000,000","39,091,000,000","33,015,000,000","32,576,000,000","34,439,000,000","32,957,000,000","32,575,000,000","32,476,000,000","33,163,000,000","32,158,000,000","32,075,000,000","31,356,000,000","32,578,000,000","31,459,000,000","31,575,000,000","31,822,000,000","32,503,000,000","31,478,000,000","31,495,000,000","31,247,000,000","31,361,000,000","31,581,000,000","30,808,000,000","30,649,000,000","30,858,000,000","30,855,000,000","30,734,000,000","30,571,000,000","31,076,000,000","31,342,000,000","30,866,000,000","30,744,000,000","30,349,000,000","30,132,000,000","29,478,000,000","28,969,000,000","15,891,000,000","15,638,000,000","15,810,000,000","15,835,000,000","12,966,000,000","10,320,000,000","10,328,000,000","10,248,000,000","10,287,000,000","10,292,000,000","10,314,000,000","10,128,000,000","10,067,000,000","10,239,000,000","10,204,000,000","10,333,000,000","11,217,000,000","10,556,000,000","10,843,000,000","10,522,000,000","11,903,000,000","11,338,000,000","11,477,000,000","11,190,000,000","12,239,000,000","13,454,000,000","13,211,000,000","12,582,000,000","27,012,000,000","7,765,000,000","7,395,000,000","7,317,000,000","8,986,000,000","6,776,000,000","6,591,000,000","6,424,000,000","6,584,000,000","6,345,000,000","5,936,000,000","3,456,000,000","3,768,200,000","3,600,400,000","3,332,700,000","3,196,700,000","3,561,300,000","3,242,000,000","2,988,700,000","2,877,700,000","3,207,600,000","3,000,100,000","2,764,600,000","2,646,200,000","2,898,100,000","2,795,100,000","2,539,300,000","2,457,800,000","2,722,000,000","2,617,700,000","2,388,600,000","2,287,100,000","2,522,400,000","2,423,800,000","2,242,500,000","2,143,200,000","2,446,300,000","2,367,700,000","2,169,700,000","2,129,200,000","2,323,000,000","2,208,700,000","2,140,500,000","2,057,600,000","992,300,000","2,234,600,000","2,032,800,000","1,999,100,000","2,152,700,000","2,087,400,000","1,886,500,000","1,876,000,000","2,014,700,000","1,963,000,000","2,006,000,000","1,918,700,000","2,033,200,000","1,986,000,000"
	OperatingRevenue,"168,864,000,000","40,958,000,000","39,922,000,000","44,045,000,000","43,939,000,000","45,691,000,000","42,340,000,000","40,950,000,000","42,779,000,000","46,821,000,000","44,588,000,000","44,957,000,000","44,827,000,000","47,993,000,000","45,739,000,000","38,986,000,000","38,038,000,000","41,676,000,000","39,668,000,000","39,837,000,000","39,365,000,000","41,841,000,000","40,890,000,000","40,520,000,000","40,535,000,000","42,119,000,000","39,091,000,000","33,015,000,000","32,576,000,000","34,439,000,000","32,957,000,000","32,575,000,000","32,476,000,000","33,163,000,000","32,158,000,000","32,075,000,000","31,356,000,000","28,516,000,000","28,448,000,000","28,690,000,000","28,998,000,000","28,721,000,000","28,779,000,000","28,696,000,000","28,560,000,000","28,441,000,000","28,537,000,000","28,260,000,000","28,001,000,000","27,772,000,000","27,898,000,000","27,734,000,000","27,651,000,000","27,823,000,000","28,017,000,000","27,850,000,000","27,668,000,000","27,266,000,000","27,118,000,000","26,792,000,000","26,202,000,000","13,883,000,000","13,916,000,000","14,004,000,000","14,065,000,000","12,304,000,000","9,848,000,000","9,842,000,000","9,757,000,000","9,800,000,000","9,832,000,000","9,822,000,000","9,688,000,000","9,668,000,000","9,808,000,000","9,787,000,000","9,899,000,000","10,745,000,000","10,072,000,000","10,362,000,000","9,460,000,000","10,671,000,000","10,109,000,000","10,276,000,000","9,848,000,000","10,874,000,000","11,681,000,000","11,544,000,000","10,850,000,000","22,328,000,000","7,020,000,000","6,693,000,000","6,629,000,000","8,344,000,000","6,054,000,000","5,940,000,000","5,832,000,000","5,921,000,000","5,798,000,000","5,430,000,000","3,123,000,000","3,385,100,000","3,249,800,000","2,996,900,000","2,865,200,000","3,110,300,000","2,972,000,000","2,719,000,000","2,608,400,000","2,894,600,000","2,731,500,000","2,493,800,000","2,388,800,000","2,898,100,000","2,795,100,000","2,539,300,000","2,457,800,000","2,722,000,000","2,617,700,000","2,388,600,000","2,287,100,000","2,522,400,000","2,423,800,000","2,242,500,000","2,143,200,000","2,446,300,000","2,367,700,000","2,169,700,000","2,129,200,000","2,323,000,000","2,208,700,000","2,140,500,000","2,057,600,000","992,300,000","2,234,600,000","2,032,800,000","1,999,100,000","2,152,700,000","2,087,400,000","1,886,500,000","1,876,000,000","2,014,700,000","1,963,000,000","2,006,000,000","1,918,700,000","2,033,200,000","1,986,000,000"
CostOfRevenue,"79,807,000,000","19,795,000,000","17,826,000,000","21,099,000,000","21,087,000,000","22,910,000,000","19,839,000,000","17,983,000,000","19,281,000,000","22,736,000,000","20,154,000,000","20,512,000,000","20,739,000,000","23,309,000,000","20,706,000,000","17,458,000,000","17,946,000,000","22,332,000,000","18,906,000,000","18,254,000,000","17,887,000,000","21,119,000,000","18,890,000,000","18,475,000,000","18,400,000,000","19,691,000,000","17,796,000,000","15,140,000,000","14,581,000,000","18,537,000,000","14,541,000,000","14,212,000,000","13,321,000,000","12,237,000,000","13,403,000,000","13,270,000,000","12,554,000,000","17,215,000,000","12,718,000,000","12,369,000,000","12,913,000,000","17,474,000,000","13,165,000,000","13,332,000,000","13,403,000,000","14,028,000,000","13,519,000,000","12,381,000,000","12,329,000,000","12,800,000,000","12,885,000,000","12,478,000,000","12,242,000,000","12,923,000,000","13,070,000,000","11,900,000,000","11,775,000,000","11,734,000,000","11,591,000,000","11,478,000,000","11,252,000,000","6,708,000,000","6,664,000,000","6,928,000,000","7,128,000,000","6,014,000,000","4,352,000,000","4,347,000,000","4,397,000,000","4,580,000,000","4,284,000,000","4,305,000,000","4,227,000,000","4,333,000,000","4,244,000,000","4,035,000,000","4,041,000,000","7,140,000,000","6,287,000,000","6,430,000,000","6,080,000,000","7,318,000,000","6,316,000,000","6,226,000,000","6,083,000,000","7,611,000,000","8,245,000,000","7,896,000,000","7,243,000,000","16,806,000,000","4,280,000,000","4,175,000,000","4,077,000,000","9,675,000,000","2,403,000,000","2,330,000,000","2,306,000,000","2,728,000,000","2,365,000,000","2,227,000,000","1,179,000,000","1,172,000,000","1,049,600,000","980,300,000","933,100,000","1,092,900,000","963,700,000","881,800,000","867,500,000","1,081,400,000","959,000,000","867,000,000","839,500,000","922,800,000","873,500,000","803,900,000","787,400,000","1,015,900,000","874,100,000","794,500,000","738,900,000","867,500,000","798,200,000","752,400,000","741,800,000","917,900,000","796,700,000","757,200,000","730,800,000","781,100,000","752,600,000","696,400,000",,,,,,,,,,,,,,,
GrossProfit,"89,057,000,000","21,163,000,000","22,096,000,000","22,946,000,000","22,852,000,000","22,781,000,000","22,501,000,000","22,967,000,000","23,498,000,000","24,085,000,000","24,434,000,000","24,445,000,000","24,088,000,000","24,684,000,000","25,033,000,000","21,528,000,000","20,092,000,000","19,344,000,000","20,762,000,000","21,583,000,000","21,478,000,000","20,722,000,000","22,000,000,000","22,045,000,000","22,135,000,000","22,428,000,000","21,295,000,000","17,875,000,000","17,995,000,000","15,902,000,000","18,416,000,000","18,363,000,000","19,155,000,000","20,926,000,000","18,755,000,000","18,805,000,000","18,802,000,000","15,363,000,000","18,741,000,000","19,206,000,000","18,909,000,000","15,029,000,000","18,313,000,000","18,163,000,000","17,844,000,000","17,333,000,000","18,062,000,000","18,427,000,000","18,320,000,000","18,058,000,000","17,970,000,000","18,256,000,000","18,329,000,000","18,153,000,000","18,272,000,000","18,966,000,000","18,969,000,000","18,615,000,000","18,541,000,000","18,000,000,000","17,717,000,000","9,183,000,000","8,974,000,000","8,882,000,000","8,707,000,000","6,952,000,000","5,968,000,000","5,981,000,000","5,851,000,000","5,707,000,000","6,008,000,000","6,009,000,000","5,901,000,000","5,734,000,000","5,995,000,000","6,169,000,000","6,292,000,000","4,077,000,000","4,269,000,000","4,413,000,000","4,442,000,000","4,585,000,000","5,022,000,000","5,251,000,000","5,107,000,000","4,628,000,000","5,209,000,000","5,315,000,000","5,339,000,000","10,206,000,000","3,485,000,000","3,220,000,000","3,240,000,000","-689,000,000","4,373,000,000","4,261,000,000","4,118,000,000","3,856,000,000","3,980,000,000","3,709,000,000","2,277,000,000","2,596,200,000","2,550,800,000","2,352,400,000","2,263,600,000","2,468,400,000","2,278,300,000","2,106,900,000","2,010,200,000","2,126,200,000","2,041,100,000","1,897,600,000","1,806,700,000","1,975,300,000","1,921,600,000","1,735,400,000","1,670,400,000","1,706,100,000","1,743,600,000","1,594,100,000","1,548,200,000","1,654,900,000","1,625,600,000","1,490,100,000","1,401,400,000","1,528,400,000","1,571,000,000","1,412,500,000","1,398,400,000","1,541,900,000","1,456,100,000","1,444,100,000",,,,,,,,,,,,,,,
OperatingExpense,"60,806,000,000","15,667,000,000","14,826,000,000","15,122,000,000","15,191,000,000","17,161,000,000","16,296,000,000","17,116,000,000","16,012,000,000","17,306,000,000","16,533,000,000","16,945,000,000","16,855,000,000","18,478,000,000","17,764,000,000","15,062,000,000","13,891,000,000","16,071,000,000","14,359,000,000","14,260,000,000","14,614,000,000","16,113,000,000","15,592,000,000","15,485,000,000","15,004,000,000","14,896,000,000","15,372,000,000","12,163,000,000","12,539,000,000","19,332,000,000","13,014,000,000","12,747,000,000","12,877,000,000","8,688,000,000","12,567,000,000","12,692,000,000","12,862,000,000","21,321,000,000","12,704,000,000","12,389,000,000","12,808,000,000","21,109,000,000","12,078,000,000","11,998,000,000","12,036,000,000","15,345,000,000","12,598,000,000","12,313,000,000","12,310,000,000","13,197,000,000","12,582,000,000","12,750,000,000","12,592,000,000","13,255,000,000","12,654,000,000","12,399,000,000","12,989,000,000","13,123,000,000","13,237,000,000","13,056,000,000","13,053,000,000","6,607,000,000","6,057,000,000","6,278,000,000","6,516,000,000","5,820,000,000","4,006,000,000","4,463,000,000","4,295,000,000","4,460,000,000","4,310,000,000","4,515,000,000","4,331,000,000","4,522,000,000","4,385,000,000","4,420,000,000","4,394,000,000","2,138,000,000","2,148,000,000","2,156,000,000","2,136,000,000","2,255,000,000","2,200,000,000","2,174,000,000","2,448,000,000","2,805,000,000","2,363,000,000","2,317,000,000","2,263,000,000","4,655,000,000","1,378,000,000","1,273,000,000","1,247,000,000","-2,417,000,000","2,583,000,000","2,552,000,000","2,459,000,000","2,811,000,000","2,508,000,000","4,642,000,000","1,387,000,000","1,664,900,000","1,571,200,000","1,507,300,000","1,463,600,000","1,803,600,000","1,387,500,000","1,344,600,000","1,290,900,000","1,358,500,000","1,270,700,000","1,243,800,000","1,208,300,000","1,346,600,000","1,266,300,000","1,160,500,000","1,149,700,000","1,106,600,000","1,107,700,000","1,075,600,000","1,104,700,000","1,065,500,000","993,200,000","1,001,500,000","978,200,000","1,019,400,000","978,500,000","926,100,000","934,400,000","991,300,000","931,300,000","964,400,000",,,,,,,,,,,,,,,
	SellingGeneralAndAdministration,"37,944,000,000","9,994,000,000","9,207,000,000","9,361,000,000","9,382,000,000","10,182,000,000","9,266,000,000","9,831,000,000","8,790,000,000","10,345,000,000","9,584,000,000","9,844,000,000","9,649,000,000","10,586,000,000","9,598,000,000","8,684,000,000","7,897,000,000","10,000,000,000","8,317,000,000","8,113,000,000","8,487,000,000","9,984,000,000","9,013,000,000","8,909,000,000","8,441,000,000","8,419,000,000","9,107,000,000","7,467,000,000","7,961,000,000","14,765,000,000","8,475,000,000","8,197,000,000","8,260,000,000","4,008,000,000","7,952,000,000","8,121,000,000","8,333,000,000","16,749,000,000","8,192,000,000","7,890,000,000","8,248,000,000","16,536,000,000","7,460,000,000","7,396,000,000","7,452,000,000","10,495,000,000","7,707,000,000","7,475,000,000","7,484,000,000","8,182,000,000","7,672,000,000","7,847,000,000","7,706,000,000","8,211,000,000","7,676,000,000","7,441,000,000","8,086,000,000","7,900,000,000","7,915,000,000","7,640,000,000","7,437,000,000","4,115,000,000","3,620,000,000","3,792,000,000","4,024,000,000","3,614,000,000","2,203,000,000","2,654,000,000","2,470,000,000","2,596,000,000","2,421,000,000","2,627,000,000","2,408,000,000","2,577,000,000","2,433,000,000","2,443,000,000","2,398,000,000",,,,,,,,,,,,,,,,,,"1,432,000,000","1,413,000,000","1,353,000,000","1,689,000,000","1,422,000,000","2,996,000,000","809,000,000","1,096,400,000","999,400,000","953,500,000","917,700,000","1,246,300,000","846,400,000","805,300,000","758,700,000","823,500,000","764,400,000","739,300,000","716,300,000","775,800,000","782,100,000","680,900,000","677,300,000","643,000,000","647,400,000","601,300,000","660,700,000","630,200,000","557,000,000","551,400,000","534,800,000","609,400,000","540,800,000","511,700,000","505,400,000","516,100,000","461,900,000","483,900,000",,,,,,,,,,,,,,,
	DepreciationAmortizationDepletionIncomeStatement,"22,862,000,000","5,673,000,000","5,619,000,000","5,761,000,000","5,809,000,000","6,979,000,000","7,030,000,000","7,285,000,000","7,222,000,000","6,961,000,000","6,949,000,000","7,101,000,000","7,206,000,000","7,892,000,000","8,166,000,000","6,378,000,000","5,994,000,000","6,071,000,000","6,042,000,000","6,147,000,000","6,127,000,000","6,129,000,000","6,579,000,000","6,576,000,000","6,563,000,000","6,477,000,000","6,265,000,000","4,696,000,000","4,578,000,000","4,567,000,000","4,539,000,000","4,550,000,000","4,617,000,000","4,680,000,000","4,615,000,000","4,571,000,000","4,529,000,000","4,572,000,000","4,512,000,000","4,499,000,000","4,560,000,000","4,573,000,000","4,618,000,000","4,602,000,000","4,584,000,000","4,850,000,000","4,891,000,000","4,838,000,000","4,826,000,000","5,015,000,000","4,910,000,000","4,903,000,000","4,886,000,000","5,044,000,000","4,978,000,000","4,958,000,000","4,903,000,000","5,223,000,000","5,322,000,000","5,416,000,000","5,616,000,000","2,492,000,000","2,437,000,000","2,486,000,000","2,492,000,000","2,206,000,000","1,803,000,000","1,809,000,000","1,825,000,000","1,864,000,000","1,889,000,000","1,888,000,000","1,923,000,000","1,945,000,000","1,952,000,000","1,977,000,000","1,996,000,000","2,138,000,000","2,148,000,000","2,156,000,000","2,136,000,000","2,255,000,000","2,200,000,000","2,174,000,000","2,448,000,000","2,805,000,000","2,363,000,000","2,317,000,000","2,263,000,000","4,655,000,000","1,378,000,000","1,273,000,000","1,247,000,000","1,781,000,000","1,151,000,000","1,139,000,000","1,106,000,000","1,122,000,000","1,086,000,000","1,646,000,000","578,000,000","568,500,000","571,800,000","553,800,000","545,900,000","557,300,000","541,100,000","539,300,000","532,200,000","535,000,000","506,300,000","504,500,000","492,000,000","570,800,000","484,200,000","479,600,000","472,400,000","463,600,000","460,300,000","474,300,000","444,000,000","435,300,000","436,200,000","450,100,000","443,400,000","410,000,000","437,700,000","414,400,000","429,000,000","475,200,000","469,400,000","480,500,000",,,,,,,,,,,,,,,
		DepreciationAndAmortizationInIncomeStatement,"22,862,000,000","5,673,000,000","5,619,000,000","5,761,000,000","5,809,000,000","6,979,000,000","7,030,000,000","7,285,000,000","7,222,000,000","6,961,000,000","6,949,000,000","7,101,000,000","7,206,000,000","7,892,000,000","8,166,000,000","6,378,000,000","5,994,000,000","6,071,000,000","6,042,000,000","6,147,000,000","6,127,000,000","6,129,000,000","6,579,000,000","6,576,000,000","6,563,000,000","6,477,000,000","6,265,000,000","4,696,000,000","4,578,000,000","4,567,000,000","4,539,000,000","4,550,000,000","4,617,000,000","4,680,000,000","4,615,000,000","4,571,000,000","4,529,000,000","4,572,000,000","4,512,000,000","4,499,000,000","4,560,000,000","4,573,000,000","4,618,000,000","4,602,000,000","4,584,000,000","4,850,000,000","4,891,000,000","4,838,000,000","4,826,000,000","5,015,000,000","4,910,000,000","4,903,000,000","4,886,000,000","5,044,000,000","4,978,000,000","4,958,000,000","4,903,000,000","5,223,000,000","5,322,000,000","5,416,000,000","5,616,000,000","2,492,000,000","2,437,000,000","2,486,000,000","2,492,000,000","2,206,000,000","1,803,000,000","1,809,000,000","1,825,000,000","1,864,000,000","1,889,000,000","1,888,000,000","1,923,000,000","1,945,000,000","1,952,000,000","1,977,000,000","1,996,000,000","2,138,000,000","2,148,000,000","2,156,000,000","2,136,000,000","2,255,000,000","2,200,000,000","2,174,000,000","2,448,000,000","2,805,000,000","2,363,000,000","2,317,000,000","2,263,000,000","4,655,000,000","1,378,000,000","1,273,000,000","1,247,000,000","1,781,000,000","1,151,000,000","1,139,000,000","1,106,000,000","1,122,000,000","1,086,000,000","1,646,000,000","578,000,000","568,500,000","571,800,000","553,800,000","545,900,000","557,300,000","541,100,000","539,300,000","532,200,000","535,000,000","506,300,000","504,500,000","492,000,000","570,800,000","484,200,000","479,600,000","472,400,000","463,600,000","460,300,000","474,300,000","444,000,000","435,300,000","436,200,000","450,100,000","443,400,000","410,000,000","437,700,000","414,400,000","429,000,000","475,200,000","469,400,000","480,500,000",,,,,,,,,,,,,,,
	OtherOperatingExpenses,,,,,,,,,,,,,,,,,,,,,,,,,,,,,,,,,,,,,,,,,,,,,,,,,,,,,,,,,,,,,,,,,,,,,,,,,,,,,,,,,,,,,,,,,,,,,,,,,,,,,,,"-1,000,000",,,,,"1,000,000",,,,,,,,,,,,,,,,,,,,,,,,,,,,,,,,,,,,,,,
OperatingIncome,"28,251,000,000","5,496,000,000","7,270,000,000","7,824,000,000","7,661,000,000","5,620,000,000","6,205,000,000","5,851,000,000","7,486,000,000","6,779,000,000","7,901,000,000","7,500,000,000","7,233,000,000","6,206,000,000","7,269,000,000","6,466,000,000","6,201,000,000","3,273,000,000","6,403,000,000","7,323,000,000","6,864,000,000","4,609,000,000","6,408,000,000","6,560,000,000","7,131,000,000","7,532,000,000","5,923,000,000","5,712,000,000","5,456,000,000","-3,430,000,000","5,402,000,000","5,616,000,000","6,278,000,000","12,238,000,000","6,188,000,000","6,113,000,000","5,940,000,000","-5,958,000,000","6,037,000,000","6,817,000,000","6,101,000,000","-6,080,000,000","6,235,000,000","6,165,000,000","5,808,000,000","1,988,000,000","5,464,000,000","6,114,000,000","6,010,000,000","4,861,000,000","5,388,000,000","5,506,000,000","5,737,000,000","4,898,000,000","5,618,000,000","6,567,000,000","5,980,000,000","5,492,000,000","5,304,000,000","4,944,000,000","4,664,000,000","2,576,000,000","2,917,000,000","2,604,000,000","2,191,000,000","1,132,000,000","1,962,000,000","1,518,000,000","1,556,000,000","1,247,000,000","1,698,000,000","1,494,000,000","1,570,000,000","1,212,000,000","1,610,000,000","1,749,000,000","1,898,000,000","1,939,000,000","2,121,000,000","2,257,000,000","2,306,000,000","2,330,000,000","2,822,000,000","3,077,000,000","2,659,000,000","1,823,000,000","2,846,000,000","2,998,000,000","3,076,000,000","5,551,000,000","2,107,000,000","1,947,000,000","1,993,000,000","1,728,000,000","1,790,000,000","1,709,000,000","1,659,000,000","1,045,000,000","1,472,000,000","-933,000,000","890,000,000","931,300,000","979,600,000","845,100,000","800,000,000","664,800,000","890,800,000","762,300,000","719,300,000","767,700,000","770,400,000","653,800,000","598,400,000","628,700,000","655,300,000","574,900,000","520,700,000","599,500,000","635,900,000","518,500,000","443,500,000","589,400,000","632,400,000","488,600,000","423,200,000","509,000,000","592,500,000","486,400,000","464,000,000","550,600,000","524,800,000","479,700,000","2,057,600,000","-4,442,600,000","2,234,600,000","2,032,800,000","1,999,100,000","-3,769,400,000","2,087,400,000","1,886,500,000","1,876,000,000","-3,690,600,000","1,963,000,000","2,006,000,000","1,918,700,000","-3,768,700,000","1,986,000,000"
NetNonOperatingInterestIncomeExpense,"-6,884,000,000","-1,663,000,000","-1,667,000,000","-1,684,000,000","-1,870,000,000","-1,894,000,000","-1,972,000,000","-2,041,000,000","-2,018,000,000","-2,049,000,000","-2,083,000,000","-2,149,000,000","-2,141,000,000","-2,112,000,000","-2,051,000,000","-2,023,000,000","-1,771,000,000","-1,926,000,000","-1,686,000,000","-1,395,000,000","-1,293,000,000","-1,221,000,000","-1,224,000,000","-1,258,000,000","-1,207,000,000","-1,143,000,000","-1,146,000,000","-932,000,000","-899,000,000","-856,000,000","-1,016,000,000","-881,000,000","-860,000,000","-1,459,000,000","-829,000,000","-825,000,000","-827,000,000","-820,000,000","-824,000,000","-941,000,000","-859,000,000","-952,000,000","-889,000,000","-848,000,000","-846,000,000","-746,000,000","-729,000,000","-754,000,000","-767,000,000","-798,000,000","-853,000,000","-879,000,000","-849,000,000","-813,000,000","-858,000,000","-854,000,000","-865,000,000","-868,000,000","-887,000,000","-840,000,000","-838,000,000","-366,000,000","-344,000,000","-377,000,000","-379,000,000","-313,000,000","-267,000,000","-249,000,000","-244,000,000","-202,000,000","-98,000,000","-116,000,000","-115,000,000","-71,000,000","-154,000,000","-232,000,000","-181,000,000","-202,000,000","-219,000,000","-192,000,000","-208,000,000","-171,000,000","-233,000,000","-232,000,000","-281,000,000","-119,000,000","-422,000,000","-416,000,000","-356,000,000","-789,000,000","-205,000,000","-213,000,000","-223,000,000","-300,000,000","-222,000,000","-238,000,000","-233,000,000","-254,000,000","-240,000,000","-245,000,000","-116,000,000","-119,600,000","-115,100,000","-117,200,000","-120,100,000","-124,600,000","-130,500,000","-126,200,000","-133,800,000","-130,600,000","-116,900,000","-117,200,000","-115,500,000",,,,,,,,,,,,,,,,,,,,,,,,,,,,,,,,,,
	InterestIncomeNonOperating,,,,,,,,,,,,,,,,,,,,,,,,,,,,,,,,,,,,,,,,,,,,,,,,,,,,,,,,,,,,"39,000,000","35,000,000","99,000,000","98,000,000","95,000,000","85,000,000","92,000,000","82,000,000","100,000,000","109,000,000","116,000,000","140,000,000","120,000,000","116,000,000","198,000,000","126,000,000","143,000,000","136,000,000","134,000,000","137,000,000","148,000,000","142,000,000","167,000,000","144,000,000","193,000,000","178,000,000",,,,,,,,,,,,,,,,,,,,,,,,,,,,,,,,,,,,,,,,,,,,,,,,,,,,,,,,,,,,,,
	InterestExpenseNonOperating,"6,884,000,000","1,663,000,000","1,667,000,000","1,684,000,000","1,870,000,000","1,894,000,000","1,972,000,000","2,041,000,000","2,018,000,000","2,049,000,000","2,083,000,000","2,149,000,000","2,141,000,000","2,112,000,000","2,051,000,000","2,023,000,000","1,771,000,000","1,926,000,000","1,686,000,000","1,395,000,000","1,293,000,000","1,221,000,000","1,224,000,000","1,258,000,000","1,207,000,000","1,143,000,000","1,146,000,000","932,000,000","899,000,000","856,000,000","1,016,000,000","881,000,000","860,000,000","1,459,000,000","829,000,000","825,000,000","827,000,000","820,000,000","824,000,000","941,000,000","859,000,000","952,000,000","889,000,000","848,000,000","846,000,000","746,000,000","729,000,000","754,000,000","767,000,000","798,000,000","853,000,000","879,000,000","849,000,000","813,000,000","858,000,000","854,000,000","865,000,000","868,000,000","887,000,000","879,000,000","873,000,000","465,000,000","442,000,000","472,000,000","464,000,000","405,000,000","349,000,000","349,000,000","353,000,000","318,000,000","238,000,000","236,000,000","231,000,000","269,000,000","280,000,000","375,000,000","317,000,000","336,000,000","356,000,000","340,000,000","350,000,000","338,000,000","377,000,000","425,000,000","459,000,000","398,000,000","422,000,000","416,000,000","356,000,000","789,000,000","205,000,000","213,000,000","223,000,000","300,000,000","222,000,000","238,000,000","233,000,000","254,000,000","240,000,000","245,000,000","116,000,000","119,600,000","115,100,000","117,200,000","120,100,000","124,600,000","130,500,000","126,200,000","133,800,000","130,600,000","116,900,000","117,200,000","115,500,000",,,,,,,,,,,,,,,,,,,,,,,,,,,,,,,,,,
OtherIncomeExpense,"5,580,000,000","2,613,000,000","2,209,000,000","-3,515,000,000","4,273,000,000","-19,279,000,000","-299,000,000","-1,312,000,000","797,000,000","-1,592,000,000","-932,000,000","-278,000,000","279,000,000","1,651,000,000","989,000,000","2,337,000,000","1,711,000,000","-2,630,000,000","257,000,000","142,000,000","-193,000,000","-197,000,000","9,000,000","119,000,000","83,000,000","-82,000,000","-42,000,000","81,000,000","70,000,000","-1,937,000,000","40,000,000","1,371,000,000","233,000,000","374,000,000","141,000,000","506,000,000","217,000,000","227,000,000","229,000,000","155,000,000","275,000,000","-2,658,000,000","239,000,000","234,000,000","308,000,000","205,000,000","342,000,000","918,000,000","195,000,000","294,000,000","208,000,000","262,000,000","122,000,000","-391,000,000","176,000,000","169,000,000","276,000,000","148,000,000","145,000,000","298,000,000","642,000,000","584,000,000","660,000,000","470,000,000","345,000,000","270,000,000","149,000,000","215,000,000","-11,000,000","-238,000,000","255,000,000","325,000,000","1,453,000,000","210,000,000","359,000,000","555,000,000","1,946,000,000","813,000,000","730,000,000","660,000,000","452,000,000","-106,000,000","608,000,000","377,000,000","507,000,000","606,000,000","2,280,000,000","331,000,000","241,000,000","508,000,000","103,000,000","95,000,000","-21,000,000","89,000,000","343,000,000","34,000,000","15,000,000","80,000,000","36,000,000","-9,000,000","20,000,000","18,100,000","63,800,000","51,700,000","49,400,000","199,700,000","39,700,000","32,100,000","-1,300,000","-48,800,000","66,800,000","49,600,000","56,100,000","33,700,000","55,700,000","40,800,000","46,600,000","41,700,000","48,400,000","47,600,000","64,600,000","-36,200,000","56,200,000","36,700,000","31,600,000","24,200,000","19,800,000","22,500,000","6,200,000","8,100,000","11,700,000","20,400,000",,,,,,,,,,,,,,,
	EarningsFromEquityInterest,"631,000,000","447,000,000","91,000,000","41,000,000","52,000,000","106,000,000","5,000,000","-10,000,000","-6,000,000","-30,000,000","3,000,000","40,000,000","-7,000,000","23,000,000","-64,000,000","-16,000,000","9,000,000","20,000,000","11,000,000","14,000,000","-173,000,000","41,000,000","16,000,000","28,000,000","13,000,000","31,000,000","15,000,000","33,000,000","0","-13,000,000","-2,000,000","102,000,000","88,000,000","148,000,000","91,000,000","218,000,000","185,000,000","215,000,000","182,000,000","132,000,000","223,000,000","135,000,000","193,000,000","207,000,000","249,000,000","133,000,000","217,000,000","195,000,000","217,000,000","185,000,000","181,000,000","231,000,000","137,000,000","107,000,000","257,000,000","212,000,000","243,000,000","147,000,000","162,000,000","210,000,000","173,000,000","605,000,000","649,000,000","455,000,000","334,000,000","267,000,000","219,000,000","181,000,000","-58,000,000","-298,000,000","210,000,000","369,000,000","592,000,000","80,000,000","337,000,000","471,000,000","365,000,000","305,000,000","729,000,000","450,000,000","437,000,000","144,000,000","509,000,000","541,000,000","401,000,000","241,000,000","267,000,000","189,000,000","200,000,000","661,000,000","97,000,000","92,000,000","62,000,000","55,000,000","55,000,000","73,000,000","53,000,000","58,000,000","62,000,000","54,000,000","32,000,000","46,400,000","78,600,000","65,600,000","53,400,000","56,900,000","51,700,000","43,100,000","4,500,000","12,600,000","73,100,000","67,400,000","70,000,000",,,,,,,,,,,,,,,,,,,,,,,,,,,,,,,,,,
	SpecialIncomeCharges,"-4,904,000,000","-188,000,000","-161,000,000","-4,555,000,000","0","-16,365,000,000","-73,000,000","-2,319,000,000",,"-1,458,000,000",,,,"-46,000,000",,,,"-2,914,000,000",,,,"-361,000,000",,,,"0",,,,"-2,120,000,000",,,,,,,,"-122,000,000","47,000,000","23,000,000","52,000,000","-2,793,000,000","46,000,000","27,000,000","59,000,000","72,000,000","125,000,000","723,000,000","-22,000,000","109,000,000","27,000,000","31,000,000","-15,000,000","-498,000,000","-81,000,000","-43,000,000","33,000,000","1,000,000","-17,000,000","88,000,000","469,000,000","-21,000,000","11,000,000","1,821,000,000","11,000,000","3,000,000","-70,000,000","34,000,000","47,000,000","60,000,000","45,000,000","-44,000,000","861,000,000","130,000,000","22,000,000","84,000,000","1,581,000,000","508,000,000","1,000,000","210,000,000","15,000,000","-250,000,000","99,000,000","-164,000,000","106,000,000","365,000,000","2,013,000,000","142,000,000","41,000,000","-153,000,000","6,000,000","3,000,000","-83,000,000","34,000,000","288,000,000","-39,000,000","-38,000,000","22,000,000","-26,000,000","-63,000,000","-12,000,000","-28,000,000","-15,000,000","-14,000,000","-4,000,000","142,000,000","-12,000,000","-10,000,000","6,000,000","-48,800,000","66,800,000","49,600,000","56,100,000","33,700,000","55,700,000","40,800,000","46,600,000","41,700,000","48,400,000","47,600,000","64,600,000","-36,200,000","56,200,000","36,700,000","31,600,000","24,200,000","19,800,000","22,500,000","6,200,000","8,100,000","11,700,000","20,400,000",,,,,,,,,,,,,,,
		ImpairmentOfCapitalAssets,"4,904,000,000","188,000,000","161,000,000","4,555,000,000","0","16,365,000,000","73,000,000","2,319,000,000",,"1,458,000,000",,,,"46,000,000",,,,"2,914,000,000",,,,"361,000,000",,,,,,,,,,,,,,,,"0",,,,"2,910,000,000",,,,,,,,,,,,,,,,,,,,,,,,,,,,,,,,,,,,,,,,,,,,,,,,,,,,,,,,,,,,,,,,,,,,,,,,,,,,,,,,,,,,,,,,,,,,,,,,,,,,,,,,,
		WriteOff,,,"161,000,000","4,555,000,000","0","16,365,000,000","73,000,000","2,319,000,000",,,,,,,,,,,,,,,,,,,,,,,,,,,,,,,,,,,,,,,,,,,,,,,,,,,,,,,,,,,,,,,,,,,,,,,,,,,,,,,,,,,,,,,,,,,,,,,,,,,,,,,,,,,,,,,,,,,,,,,,,,,,,,,,,,,,,,,,,,,
		GainOnSaleOfPPE,,,,,,,"-73,000,000",,,"-1,458,000,000",,,,"-46,000,000",,,,"-2,914,000,000",,,,"-361,000,000",,,,"0",,,,"-2,120,000,000",,,,,,,,,,,,,,,,,,,,,,,,,,,,,,,,,,,,,,,,,,,,,,,,,,,,,,,,,,,,,,,,,,,,,,,,,,,,,,,,,,,,,,,,,,,,,,,,,,,,,,,,,,,,,,,,,,,,,
	OtherNonOperatingIncomeExpenses,"9,853,000,000","2,354,000,000","2,279,000,000","999,000,000","4,221,000,000","-3,020,000,000","-231,000,000","1,017,000,000","803,000,000","-104,000,000","-935,000,000","-318,000,000","286,000,000","1,674,000,000","1,053,000,000","2,353,000,000","1,702,000,000","264,000,000","246,000,000","128,000,000","-20,000,000","123,000,000","-7,000,000","91,000,000","70,000,000","-113,000,000","-57,000,000","48,000,000","70,000,000","196,000,000","42,000,000","1,269,000,000","145,000,000","226,000,000","50,000,000","288,000,000","32,000,000","12,000,000","47,000,000","23,000,000","52,000,000","117,000,000","46,000,000","27,000,000","59,000,000","72,000,000","125,000,000","723,000,000","-22,000,000","109,000,000","27,000,000","31,000,000","-15,000,000","-498,000,000","-81,000,000","-43,000,000","33,000,000","1,000,000","-17,000,000","88,000,000","469,000,000","-21,000,000","11,000,000","15,000,000","11,000,000","3,000,000","-70,000,000","34,000,000","47,000,000","60,000,000","45,000,000","-44,000,000","861,000,000","130,000,000","22,000,000","84,000,000","1,581,000,000","508,000,000","1,000,000","210,000,000","15,000,000","-250,000,000","99,000,000","-164,000,000","106,000,000","365,000,000","2,013,000,000","142,000,000","41,000,000","-153,000,000","6,000,000","3,000,000","-83,000,000","34,000,000","288,000,000","-39,000,000","-38,000,000","22,000,000","-26,000,000","-63,000,000","-12,000,000","-28,300,000","-14,800,000","-13,900,000","-4,000,000","142,800,000","-12,000,000","-11,000,000","-5,800,000","-61,400,000","-6,300,000","-17,800,000","-13,900,000",,,,,,,,,,,,,,,,,,,,,,,,,,,,,,,,,,
PretaxIncome,"26,947,000,000","6,446,000,000","7,812,000,000","2,625,000,000","10,064,000,000","-15,553,000,000","3,934,000,000","2,498,000,000","6,265,000,000","3,138,000,000","4,886,000,000","5,073,000,000","5,371,000,000","5,745,000,000","6,207,000,000","6,780,000,000","6,141,000,000","-1,283,000,000","4,974,000,000","6,070,000,000","5,378,000,000","3,191,000,000","5,193,000,000","5,421,000,000","6,007,000,000","6,307,000,000","4,735,000,000","4,861,000,000","4,627,000,000","-6,223,000,000","4,426,000,000","6,106,000,000","5,651,000,000","11,153,000,000","5,500,000,000","5,794,000,000","5,330,000,000","-6,551,000,000","5,442,000,000","6,031,000,000","5,517,000,000","-9,690,000,000","5,585,000,000","5,551,000,000","5,270,000,000","1,447,000,000","5,077,000,000","6,278,000,000","5,438,000,000","4,357,000,000","4,743,000,000","4,889,000,000","5,010,000,000","3,694,000,000","4,936,000,000","5,882,000,000","5,391,000,000","4,772,000,000","4,562,000,000","4,402,000,000","4,468,000,000","2,794,000,000","3,233,000,000","2,697,000,000","2,157,000,000","1,089,000,000","1,844,000,000","1,484,000,000","1,301,000,000","807,000,000","1,855,000,000","1,703,000,000","2,908,000,000","1,351,000,000","1,815,000,000","2,072,000,000","3,663,000,000","2,550,000,000","2,632,000,000","2,725,000,000","2,550,000,000","2,053,000,000","3,197,000,000","3,222,000,000","2,885,000,000","2,310,000,000","4,704,000,000","2,913,000,000","2,961,000,000","5,270,000,000","2,005,000,000","1,829,000,000","1,749,000,000","1,517,000,000","1,911,000,000","1,505,000,000","1,441,000,000","871,000,000","1,268,000,000","-1,187,000,000","794,000,000","829,800,000","928,300,000","779,600,000","729,300,000","739,900,000","800,000,000","668,200,000","584,200,000","588,300,000","720,300,000","586,200,000","539,000,000","548,700,000","587,200,000","484,900,000","439,400,000","512,200,000","552,000,000","432,100,000","373,400,000","457,400,000","531,800,000","361,800,000","293,200,000","377,500,000","463,700,000","360,200,000","339,600,000","416,900,000","389,000,000","354,000,000",,,,,,,,,,,,,,,
TaxProvision,"5,468,000,000","1,056,000,000","1,539,000,000","751,000,000","2,122,000,000","-2,038,000,000","766,000,000","935,000,000","1,302,000,000","434,000,000","937,000,000","1,099,000,000","1,023,000,000","615,000,000","1,391,000,000","1,532,000,000","1,382,000,000","-20,419,000,000","1,851,000,000","2,056,000,000","1,804,000,000","676,000,000","1,775,000,000","1,906,000,000","2,122,000,000","2,221,000,000","1,657,000,000","1,715,000,000","1,351,000,000","-2,327,000,000","1,367,000,000","2,485,000,000","1,917,000,000","4,158,000,000","1,595,000,000","1,914,000,000","1,557,000,000","-2,772,000,000","1,741,000,000","2,066,000,000","1,865,000,000","-3,062,000,000","1,899,000,000","1,893,000,000","1,802,000,000","350,000,000","-6,560,000,000","2,173,000,000","2,876,000,000","1,266,000,000","1,468,000,000","1,613,000,000","1,809,000,000","1,290,000,000","1,706,000,000","2,110,000,000","1,930,000,000","1,636,000,000","1,499,000,000","1,498,000,000","1,620,000,000","856,000,000","1,068,000,000","889,000,000","712,000,000","-566,000,000","598,000,000","484,000,000","416,000,000","119,000,000","610,000,000","535,000,000","960,000,000","439,000,000","599,000,000","684,000,000","1,208,000,000","402,000,000","862,000,000","880,000,000","840,000,000","808,000,000","1,125,000,000","1,143,000,000","1,021,000,000","1,015,000,000","1,705,000,000","1,062,000,000","1,139,000,000","2,266,000,000","727,000,000","653,000,000","634,000,000","534,000,000","704,000,000","539,000,000","529,000,000","283,000,000","452,000,000","-400,000,000","277,000,000","287,100,000","335,000,000","278,600,000","265,300,000","222,100,000","265,700,000","226,200,000","189,000,000","163,600,000","239,500,000","200,700,000","181,300,000","162,800,000","178,400,000","146,900,000","136,900,000","162,200,000","166,400,000","127,600,000","111,800,000","141,200,000","168,700,000","108,500,000","69,300,000","110,000,000","140,100,000","97,700,000","91,800,000","119,700,000","93,700,000","92,500,000",,,,,,,,,,,,,,,
NetIncomeCommonStockholders,"19,874,000,000","4,992,000,000","5,868,000,000","1,514,000,000","7,500,000,000","-13,938,000,000","2,762,000,000","1,229,000,000","4,578,000,000","2,391,000,000","3,700,000,000","3,713,000,000","4,096,000,000","4,858,000,000","4,718,000,000","5,132,000,000","4,662,000,000","19,037,000,000","3,029,000,000","3,915,000,000","3,469,000,000","2,437,000,000","3,328,000,000","3,408,000,000","3,803,000,000","4,006,000,000","2,994,000,000","3,044,000,000","3,200,000,000","-3,977,000,000","3,002,000,000","3,547,000,000","3,652,000,000","6,913,000,000","3,814,000,000","3,822,000,000","3,700,000,000","-3,857,000,000","3,635,000,000","3,902,000,000","3,584,000,000","-6,678,000,000","3,623,000,000","3,591,000,000","3,408,000,000","1,027,000,000","12,339,000,000","4,023,000,000","2,475,000,000","3,019,000,000","3,192,000,000","3,198,000,000","3,126,000,000","2,404,000,000","3,230,000,000","3,772,000,000","3,461,000,000","3,136,000,000","3,063,000,000","2,904,000,000","2,848,000,000","1,938,000,000","2,165,000,000","1,808,000,000","1,445,000,000","1,655,000,000","1,246,000,000","1,000,000,000","885,000,000","688,000,000","2,094,000,000","1,168,000,000","1,948,000,000","898,000,000","1,216,000,000","1,388,000,000","5,003,000,000","2,138,000,000","1,770,000,000","1,845,000,000","-81,000,000","1,245,000,000","2,072,000,000","2,071,000,000","1,854,000,000","1,295,000,000","2,999,000,000","1,851,000,000","1,822,000,000","4,590,000,000","1,278,000,000","1,176,000,000","1,115,000,000","938,000,000","1,207,000,000","966,000,000","912,000,000","588,000,000","816,000,000","-787,000,000","517,000,000","542,700,000","593,300,000","501,000,000","464,000,000","517,800,000","-2,285,000,000","442,000,000","395,200,000","424,700,000","480,800,000","385,500,000","357,700,000","385,900,000","388,600,000","294,400,000","-1,914,100,000","350,000,000","385,600,000","304,500,000","261,600,000","316,200,000","363,100,000","253,300,000","223,900,000","267,500,000","323,600,000","262,500,000","247,800,000","297,200,000","295,300,000","261,500,000",,,,,,,,,,,,,,,
	NetIncome,"20,081,000,000","5,043,000,000","5,918,000,000","1,570,000,000","7,550,000,000","-13,883,000,000","2,816,000,000","1,281,000,000","4,610,000,000","2,394,000,000","3,700,000,000","3,713,000,000","4,096,000,000","4,858,000,000","4,718,000,000","5,132,000,000","4,662,000,000","19,037,000,000","3,029,000,000","3,915,000,000","3,469,000,000","2,437,000,000","3,328,000,000","3,408,000,000","3,803,000,000","4,006,000,000","2,994,000,000","3,044,000,000","3,200,000,000","-3,977,000,000","3,002,000,000","3,547,000,000","3,652,000,000","6,913,000,000","3,814,000,000","3,822,000,000","3,700,000,000","-3,857,000,000","3,635,000,000","3,902,000,000","3,584,000,000","-6,678,000,000","3,623,000,000","3,591,000,000","3,408,000,000","1,027,000,000","12,339,000,000","4,023,000,000","2,475,000,000","3,019,000,000","3,192,000,000","3,198,000,000","3,126,000,000","2,404,000,000","3,230,000,000","3,772,000,000","3,461,000,000","3,136,000,000","3,063,000,000","2,904,000,000","2,848,000,000","1,938,000,000","2,165,000,000","1,808,000,000","1,445,000,000","1,655,000,000","1,246,000,000","1,000,000,000","885,000,000","688,000,000","2,094,000,000","1,168,000,000","1,948,000,000","898,000,000","1,216,000,000","1,388,000,000","5,003,000,000","2,138,000,000","1,770,000,000","1,845,000,000","-81,000,000","1,245,000,000","2,072,000,000","2,071,000,000","1,854,000,000","1,295,000,000","2,999,000,000","1,851,000,000","1,822,000,000","4,590,000,000","1,278,000,000","1,176,000,000","1,115,000,000","938,000,000","1,207,000,000","966,000,000","912,000,000","588,000,000","816,000,000","-787,000,000","517,000,000","542,700,000","593,300,000","501,000,000","464,000,000","517,800,000","-2,285,000,000","442,000,000","395,200,000","424,700,000","480,800,000","385,500,000","357,700,000","385,900,000","388,600,000","294,400,000","-1,914,100,000","350,000,000","385,600,000","304,500,000","261,600,000","316,200,000","363,100,000","253,300,000","223,900,000","267,500,000","323,600,000","262,500,000","247,800,000","297,200,000","295,300,000","261,500,000",,,,,,,,,,,,,,,
		NetIncomeIncludingNoncontrollingInterests,"21,479,000,000","5,390,000,000","6,273,000,000","1,874,000,000","7,942,000,000","-13,515,000,000","3,168,000,000","1,563,000,000","4,963,000,000","2,704,000,000","3,949,000,000","3,974,000,000","4,348,000,000","5,130,000,000","4,816,000,000","5,248,000,000","4,759,000,000","19,136,000,000","3,123,000,000","4,014,000,000","3,574,000,000","2,515,000,000","3,418,000,000","3,515,000,000","3,885,000,000","4,086,000,000","3,078,000,000","3,146,000,000","3,276,000,000","-3,896,000,000","3,059,000,000","3,621,000,000","3,734,000,000","6,995,000,000","3,905,000,000","3,880,000,000","3,773,000,000","-3,779,000,000","3,701,000,000","3,965,000,000","3,652,000,000","-6,628,000,000","3,686,000,000","3,658,000,000","3,468,000,000","1,099,000,000","12,417,000,000","4,101,000,000","2,562,000,000","3,091,000,000","3,275,000,000","3,276,000,000","3,201,000,000","2,404,000,000","3,230,000,000","3,772,000,000","3,461,000,000","3,136,000,000","3,063,000,000","2,904,000,000","2,848,000,000","1,938,000,000","2,165,000,000","1,808,000,000","1,445,000,000","1,655,000,000","1,246,000,000","1,000,000,000","885,000,000","688,000,000","2,094,000,000","1,168,000,000","1,948,000,000","898,000,000","1,216,000,000","1,388,000,000","5,003,000,000","2,138,000,000","1,770,000,000","1,845,000,000","-81,000,000","1,245,000,000","2,072,000,000","2,071,000,000","1,854,000,000","1,295,000,000","2,999,000,000","1,851,000,000","1,822,000,000","4,590,000,000","1,278,000,000","1,176,000,000","1,115,000,000","938,000,000","1,207,000,000","966,000,000","912,000,000","588,000,000","816,000,000","-787,000,000","517,000,000","542,700,000","593,300,000","501,000,000","464,000,000","517,800,000","-2,285,000,000","442,000,000","395,200,000","424,700,000","480,800,000","385,500,000","357,700,000","385,900,000","388,600,000","294,400,000","-1,914,100,000","350,000,000","385,600,000","304,500,000","261,600,000","316,200,000","363,100,000","253,300,000","223,900,000","267,500,000","323,600,000","262,500,000","247,800,000","297,200,000","295,300,000","261,500,000","238,800,000","257,900,000","323,300,000","212,900,000","218,700,000","246,500,000","314,100,000","248,800,000","237,700,000","281,200,000","257,500,000","258,500,000","225,500,000","230,400,000","244,300,000"
			NetIncomeContinuousOperations,"21,479,000,000","5,390,000,000","6,273,000,000","1,874,000,000","7,942,000,000","-13,515,000,000","3,168,000,000","1,563,000,000","4,963,000,000","2,704,000,000","3,949,000,000","3,974,000,000","4,348,000,000","5,130,000,000","4,816,000,000","5,248,000,000","4,759,000,000","19,136,000,000","3,123,000,000","4,014,000,000","3,574,000,000","2,515,000,000","3,418,000,000","3,515,000,000","3,885,000,000","4,086,000,000","3,078,000,000","3,146,000,000","3,276,000,000","-3,896,000,000","3,059,000,000","3,621,000,000","3,734,000,000","6,995,000,000","3,905,000,000","3,880,000,000","3,773,000,000","-3,779,000,000","3,701,000,000","3,965,000,000","3,652,000,000","-6,628,000,000","3,686,000,000","3,658,000,000","3,468,000,000","1,097,000,000","11,637,000,000","4,105,000,000","2,562,000,000","3,091,000,000","3,275,000,000","3,276,000,000","3,201,000,000","2,404,000,000","3,230,000,000","3,772,000,000","3,461,000,000","3,136,000,000","3,063,000,000","2,904,000,000","2,848,000,000","1,938,000,000","2,165,000,000","1,808,000,000","1,445,000,000","1,655,000,000","1,246,000,000","1,000,000,000","885,000,000","688,000,000","1,245,000,000","1,168,000,000","1,948,000,000","912,000,000","1,216,000,000","1,388,000,000","2,455,000,000","2,148,000,000","1,770,000,000","1,845,000,000","1,710,000,000","1,245,000,000","2,072,000,000","2,079,000,000","1,864,000,000","1,295,000,000","2,999,000,000","1,851,000,000","1,822,000,000","3,004,000,000","1,278,000,000","1,176,000,000","1,115,000,000","983,000,000","1,207,000,000","966,000,000","912,000,000","588,000,000","816,000,000","-787,000,000","517,000,000","542,700,000","593,300,000","501,000,000","464,000,000","517,800,000","534,300,000","442,000,000","395,200,000","424,700,000","480,800,000","385,500,000","357,700,000","385,900,000","408,800,000","338,000,000","302,500,000","350,000,000","385,600,000","304,500,000","261,600,000","316,200,000","363,100,000","253,300,000","223,900,000","267,500,000","323,600,000","262,500,000","247,800,000","297,200,000","295,300,000","261,500,000","238,800,000","257,900,000","323,300,000","212,900,000","218,700,000","246,500,000","314,100,000","248,800,000","237,700,000","281,200,000","257,500,000","258,500,000","225,500,000","230,400,000","244,300,000"
			NetIncomeDiscontinuousOperations,,,,,,,,,,,,,,,,,,,,,,,,,,,,,,,,,,,,,,,,,,"0","0","0","0","2,000,000","780,000,000","-4,000,000",,,,,,,,,,,,,,,,,,"0","0","0","0","0","849,000,000",,,,,,,,,,,,,,,,,,,,,,,,,,,,,,,,,,,,,,,,,,,,,,,,,,,,,,,,,,,,,,,,,,,,,,,,,,,,
			NetIncomeExtraordinary,,,,,,,,,,,,,,,,,,,,,,,,,,,,,,,,,,,,,,,,,,,,,,,,,,,,,,,,,,,,,,,,,,,,,,,,,,"-14,000,000",,,"2,548,000,000","-10,000,000",,,"0","0","0","-8,000,000","-10,000,000",,,,,,,,,,,,,,,,,,,,,"0","-2,819,300,000",,,,,,,"0",,,"-2,127,200,000",,,,,,,,,,,,,,,,,,,,,,,,,,,,,,
			NetIncomeFromTaxLossCarryforward,,,,,,,,,,,,,,,,,,,,,,,,,,,,,,,,,,,,,,,,,,,,,,,,,,,,,,,,,,,,,,,,,,,,,,"0","0","0","0","-7,000,000",,,"2,548,000,000","-10,000,000",,,"-1,791,000,000",,,,,"0","0","0","0",,,,,,,,,,,,,,,,,"0","-2,819,000,000",,,,,,,"0","-20,200,000","-43,600,000","-89,400,000",,,,,,,,,,,,,,,,,,,,,,,,,,,,,,
		MinorityInterests,"-1,398,000,000","-347,000,000","-355,000,000","-304,000,000","-392,000,000","-368,000,000","-352,000,000","-282,000,000","-353,000,000","-310,000,000","-249,000,000","-261,000,000","-252,000,000","-272,000,000","-98,000,000","-116,000,000","-97,000,000","-99,000,000","-94,000,000","-99,000,000","-105,000,000","-78,000,000","-90,000,000","-107,000,000","-82,000,000","-80,000,000","-84,000,000","-102,000,000","-76,000,000","-81,000,000","-57,000,000","-74,000,000","-82,000,000","-82,000,000","-91,000,000","-58,000,000","-73,000,000","-78,000,000","-66,000,000","-63,000,000","-68,000,000","-50,000,000","-63,000,000","-67,000,000","-60,000,000","-72,000,000","-78,000,000","-78,000,000","-87,000,000","-72,000,000","-83,000,000","-78,000,000","-75,000,000",,,,,,,,,,,,,,,,,,,,,,,,,,,,,,,,,,,,,,,,,,,,,,,,,,,,,,,,,,,,,,,,,,,,,,,,,,,,,,,,,,,,,,,,,,,,,,
	PreferredStockDividends,"207,000,000","51,000,000","50,000,000","56,000,000","50,000,000","55,000,000","54,000,000","52,000,000","32,000,000","3,000,000",,,,,,,,,,,,,,,,,,,,,,,,,,,,,,,,,,,,,,,,,,,,,,,,,,,,,,,,,,,,,,,,,,,,,,,,,,,,,,,,,,,,,,,,,,,,,,,,,,,,,,,,,,,,,,,,,,,,,,,,,,,,,,,,,,,,,,,,,
	OtherunderPreferredStockDividend,,,,,,,,,,,,,,,,,,,,,,,,,,,,,,,,,,,,,,,,,,,,,,,,,,,,"78,000,000",,,,,,,,,,,,,,,,,,,,,,,,,,,,,,,,,,,,,,,,,,,,,,,,,,,,,,,,,,,,,,,,,,,,,,,,,,,,,,,,,,,,,,,,,,,,,,,
AverageDilutionEarnings,"22,000,000","5,000,000","6,000,000","5,000,000","6,000,000","7,000,000","5,000,000","5,000,000","6,000,000","5,000,000","6,000,000","4,000,000","6,000,000","6,000,000","4,000,000","4,000,000","5,000,000","4,000,000","3,000,000","2,000,000","4,000,000","4,000,000","3,000,000","2,000,000","4,000,000","4,000,000","3,000,000",,,,,,,,,,,"3,000,000","3,000,000","2,000,000","3,000,000",,,"3,000,000","3,000,000","3,000,000","3,000,000","2,000,000","3,000,000","3,000,000","2,000,000","2,000,000","3,000,000","2,000,000","2,000,000","2,000,000","2,000,000","2,000,000","2,000,000","2,000,000","2,000,000","2,000,000","2,000,000","1,000,000","3,000,000","2,000,000","5,000,000","1,000,000","2,000,000","3,000,000","2,000,000","2,000,000","1,000,000","3,000,000","2,000,000","2,000,000","2,000,000","2,000,000","2,000,000","1,000,000","2,000,000","2,000,000","2,000,000","1,000,000","1,000,000","2,000,000","1,000,000","2,000,000","1,000,000","1,000,000","1,000,000","1,000,000","1,000,000","1,000,000","1,000,000","1,000,000","1,000,000",,,,,,,,,,,,,,,,,,,,,,,,,,,,,,,,,,,,,,,,,,,,,,,,,,
DilutedNIAvailtoComStockholders,"19,896,000,000","4,997,000,000","5,874,000,000","1,519,000,000","7,506,000,000","-13,931,000,000","2,767,000,000","1,234,000,000","4,584,000,000","2,396,000,000","3,706,000,000","3,717,000,000","4,102,000,000","4,864,000,000","4,722,000,000","5,136,000,000","4,667,000,000","19,041,000,000","3,032,000,000","3,917,000,000","3,473,000,000","2,441,000,000","3,331,000,000","3,410,000,000","3,807,000,000","4,010,000,000","2,997,000,000","3,044,000,000","3,200,000,000","-3,964,000,000","3,002,000,000","3,547,000,000","3,652,000,000","6,925,000,000","3,814,000,000","3,822,000,000","3,700,000,000","-3,854,000,000","3,638,000,000","3,904,000,000","3,587,000,000","-6,667,000,000","3,623,000,000","3,594,000,000","3,411,000,000","1,030,000,000","12,342,000,000","4,025,000,000","2,478,000,000","3,022,000,000","3,194,000,000","3,200,000,000","3,129,000,000","2,406,000,000","3,232,000,000","3,774,000,000","3,463,000,000","3,138,000,000","3,065,000,000","2,906,000,000","2,850,000,000","1,940,000,000","2,167,000,000","1,809,000,000","1,448,000,000","1,657,000,000","1,251,000,000","1,001,000,000","887,000,000","691,000,000","2,096,000,000","1,170,000,000","1,949,000,000","901,000,000","1,218,000,000","1,390,000,000","5,005,000,000","2,140,000,000","1,772,000,000","1,846,000,000","-79,000,000","1,247,000,000","2,074,000,000","2,072,000,000","1,855,000,000","1,297,000,000","3,000,000,000","1,853,000,000","1,823,000,000","4,591,000,000","1,279,000,000","1,177,000,000","1,116,000,000","939,000,000","1,208,000,000","967,000,000","913,000,000","591,000,000","816,000,000","-787,000,000","517,000,000","542,700,000","593,300,000","501,000,000","464,000,000","517,800,000","-2,285,000,000","442,000,000","395,200,000","424,700,000","480,800,000","385,500,000","357,700,000","385,900,000","388,600,000","294,400,000","-1,914,100,000","350,000,000","385,600,000","304,500,000","261,600,000","316,200,000","363,100,000","253,300,000","223,900,000","267,500,000","323,600,000","262,500,000","247,800,000","297,200,000","295,300,000","261,500,000",,,,,,,,,,,,,,,
BasicEPS,,"0.69","0.82","0.21","1.04","-1.95","0.39","0.17","0.63","0.33","0.5","0.51","0.561","0.66","0.65","0.81","0.75","3.08","0.49","0.63","0.56","0.39","0.54","0.55","0.62","0.65","0.5","0.58","0.61","-0.77","0.58","0.68","0.7","1.31","0.72","0.71","0.67","-0.691","0.63","0.67","0.6","-1.12","0.61","0.6","0.57","0.18","2.09","0.68","0.42","0.51","0.54","0.54","0.53","0.41","0.55","0.64","0.58",,"0.5","0.47","0.46",,"0.56","0.47","0.37",,"0.38","0.3","0.27",,"0.632","0.35","0.59",,"0.37","0.42","1.51",,"0.53","0.55","-0.02",,"0.62","0.62","0.55",,"0.89","0.54","0.54",,"0.65","0.6","0.57",,"0.66","0.53","0.5",,"0.445","-0.43","0.43",,"0.485","0.41","0.38",,"-1.875","0.365","0.325",,"0.4","0.32","0.295",,"0.32","0.24","-1.6",,"0.32","0.26","0.22",,"0.31","0.21","0.19",,"0.27","0.22","0.21",,"0.25","0.22","0.2",,"0.27","0.18","0.19",,"0.26","0.21","0.2",,"0.22","0.22","0.19",,"0.21"
DilutedEPS,,"0.69","0.82","0.21","1.04","-1.95","0.39","0.17","0.63","0.33","0.5","0.51","0.561","0.66","0.65","0.81","0.75","3.08","0.49","0.63","0.56","0.39","0.54","0.55","0.61","0.65","0.5","0.58","0.61","-0.77","0.58","0.68","0.7","1.31","0.72","0.71","0.67","-0.691","0.63","0.66","0.6","-1.12","0.61","0.6","0.57","0.18","2.08","0.68","0.42","0.51","0.54","0.54","0.53","0.41","0.55","0.63","0.57",,"0.5","0.47","0.45",,"0.56","0.46","0.37",,"0.38","0.3","0.27",,"0.63","0.35","0.59",,"0.37","0.42","1.5",,"0.53","0.55","-0.02",,"0.61","0.61","0.54",,"0.88","0.54","0.53",,"0.64","0.59","0.56",,"0.65","0.52","0.49",,"0.445","-0.43","0.43",,"0.485","0.41","0.38",,"-1.875","0.365","0.325",,"0.4","0.32","0.295",,"0.32","0.24","-1.6",,"0.32","0.26","0.22",,"0.31","0.21","0.19",,"0.27","0.22","0.21",,"0.25","0.22","0.2",,"0.27","0.18","0.19",,"0.26","0.21","0.2",,"0.22","0.22","0.19",,"0.21"
BasicAverageShares,,"7,172,000,000","7,171,000,000","7,168,000,000","7,161,000,000","7,150,000,000","7,147,000,000","7,145,000,000","7,187,000,000","7,312,000,000","7,327,000,000","7,323,000,000","7,297,224,835","7,296,000,000","7,284,000,000","6,351,000,000","6,161,000,000","6,163,000,000","6,162,000,000","6,165,000,000","6,166,000,000","6,161,000,000","6,168,000,000","6,174,000,000","6,172,000,000","6,165,000,000","5,924,000,000","5,204,000,000","5,203,000,000","5,198,000,000","5,198,000,000","5,204,000,000","5,222,000,000","5,267,000,000","5,315,000,000","5,381,000,000","5,513,000,000","5,581,394,763","5,771,000,000","5,855,000,000","5,918,000,000","5,933,000,000","5,936,000,000","5,932,000,000","5,925,000,000","5,915,000,000","5,909,000,000","5,909,000,000","5,905,000,000","5,901,000,000","5,901,000,000","5,900,000,000","5,896,000,000","5,893,000,000","5,893,000,000","5,926,000,000","5,997,000,000",,"6,088,000,000","6,145,000,000","6,224,000,000",,"3,873,000,000","3,886,000,000","3,882,000,000",,"3,296,000,000","3,302,000,000","3,303,000,000",,"3,314,000,000","3,312,000,000","3,308,000,000",,"3,319,000,000","3,323,000,000","3,320,000,000",,"3,322,000,000","3,333,000,000","3,347,000,000",,"3,362,000,000","3,367,000,000","3,377,000,000",,"3,387,000,000","3,396,000,000","3,396,000,000",,"1,967,403,000","1,964,383,000","1,961,685,000",,"1,834,556,000","1,838,702,000","1,838,595,000",,"1,828,000,000","1,826,000,000","1,198,000,000",,"1,217,200,000","1,218,400,000","1,218,400,000",,"1,219,800,000","1,216,400,000","1,215,000,000",,"1,203,400,000","1,202,600,000","1,203,600,000",,"1,214,375,000","1,226,666,667","1,196,312,500",,"1,205,000,000","1,171,153,846","1,189,090,909",,"1,171,290,323","1,206,190,476","1,178,421,053",,"1,198,518,519","1,193,181,818","1,180,000,000",,"1,181,200,000","1,188,636,364","1,201,792,000",,"1,201,792,000","1,201,792,000","1,200,508,000",,"1,201,116,000","1,199,520,000","1,200,720,000",,"1,196,636,000","1,196,636,000","1,196,636,000",,"1,196,636,000"
DilutedAverageShares,,"7,204,000,000","7,202,000,000","7,200,000,000","7,188,000,000","7,176,000,000","7,173,000,000","7,170,000,000","7,214,000,000","7,341,000,000","7,356,000,000","7,353,000,000","7,297,224,835","7,328,000,000","7,320,000,000","6,374,000,000","6,180,000,000","6,182,000,000","6,182,000,000","6,184,000,000","6,186,000,000","6,181,000,000","6,189,000,000","6,195,000,000","6,190,000,000","6,187,000,000","5,943,000,000","5,220,000,000","5,219,000,000","5,214,000,000","5,214,000,000","5,220,000,000","5,238,000,000","5,283,000,000","5,331,000,000","5,397,000,000","5,530,000,000","5,581,394,763","5,792,000,000","5,876,000,000","5,940,000,000","5,955,000,000","5,954,000,000","5,953,000,000","5,945,000,000","5,941,000,000","5,938,000,000","5,937,000,000","5,935,000,000","5,927,000,000","5,922,000,000","5,923,000,000","5,922,000,000","5,920,000,000","5,921,000,000","5,962,000,000","6,033,000,000",,"6,129,000,000","6,195,000,000","6,266,000,000",,"3,892,000,000","3,905,000,000","3,902,000,000",,"3,306,000,000","3,312,000,000","3,315,000,000",,"3,325,000,000","3,323,000,000","3,323,000,000",,"3,331,000,000","3,334,000,000","3,333,000,000",,"3,336,000,000","3,352,000,000","3,371,000,000",,"3,390,000,000","3,395,000,000","3,413,000,000",,"3,425,000,000","3,438,000,000","3,432,000,000",,"1,998,408,000","1,995,728,000","1,992,901,000",,"1,859,149,000","1,864,177,000","1,863,549,000",,"1,828,000,000","1,826,000,000","1,198,000,000",,"1,217,200,000","1,218,400,000","1,218,400,000",,"1,219,800,000","1,216,400,000","1,215,000,000",,"1,203,400,000","1,202,600,000","1,203,600,000",,"1,214,375,000","1,226,666,667","1,196,312,500",,"1,205,000,000","1,171,153,846","1,189,090,909",,"1,171,290,323","1,206,190,476","1,178,421,053",,"1,198,518,519","1,193,181,818","1,180,000,000",,"1,181,200,000","1,188,636,364","1,201,792,000",,"1,201,792,000","1,201,792,000","1,200,508,000",,"1,201,116,000","1,199,520,000","1,200,720,000",,"1,196,636,000","1,196,636,000","1,196,636,000",,"1,196,636,000"
TotalOperatingIncomeAsReported,"23,347,000,000","5,308,000,000","7,109,000,000","3,269,000,000","7,661,000,000","-10,745,000,000","6,132,000,000","3,532,000,000","7,486,000,000","5,321,000,000","7,901,000,000","7,500,000,000","7,233,000,000","6,160,000,000","7,269,000,000","6,466,000,000","6,201,000,000","359,000,000","6,403,000,000","7,323,000,000","6,864,000,000","4,248,000,000","6,408,000,000","6,560,000,000","7,131,000,000","7,532,000,000","5,923,000,000","5,712,000,000","5,456,000,000","-5,550,000,000","5,402,000,000","5,616,000,000","6,278,000,000","12,238,000,000","6,188,000,000","6,113,000,000","5,940,000,000","-5,958,000,000","6,037,000,000","6,817,000,000","6,101,000,000","-8,990,000,000","6,235,000,000","6,165,000,000","5,808,000,000","1,988,000,000","5,464,000,000","6,114,000,000","6,010,000,000","4,861,000,000","5,388,000,000","5,506,000,000","5,737,000,000","4,898,000,000","5,618,000,000","6,567,000,000","5,980,000,000","5,492,000,000","5,304,000,000","4,944,000,000","4,664,000,000","2,576,000,000","2,917,000,000","2,604,000,000","2,191,000,000","1,132,000,000","1,962,000,000","1,518,000,000","1,556,000,000","1,247,000,000","1,698,000,000","1,494,000,000","1,570,000,000","1,212,000,000","1,610,000,000","1,749,000,000","1,898,000,000","1,939,000,000","2,121,000,000","2,257,000,000","2,306,000,000","2,330,000,000","2,822,000,000","3,077,000,000","2,659,000,000","1,823,000,000","2,846,000,000","2,998,000,000","3,076,000,000","5,551,000,000","2,107,000,000","1,947,000,000","1,993,000,000","1,728,000,000","1,790,000,000","1,709,000,000","1,659,000,000","1,045,000,000","1,472,000,000","-933,000,000","890,000,000","931,300,000","979,600,000","845,100,000","800,000,000","664,800,000","890,800,000","762,300,000","719,300,000","767,700,000","770,400,000","653,800,000","598,400,000","628,700,000","655,300,000","574,900,000","520,700,000","599,500,000","635,900,000","518,500,000","443,500,000","589,400,000","632,400,000","488,600,000","423,200,000","509,000,000","592,500,000","486,400,000","464,000,000","550,600,000","524,800,000","479,700,000",,,,,,,,,,,,,,,
TotalExpenses,"140,613,000,000","35,462,000,000","32,652,000,000","36,221,000,000","36,278,000,000","40,071,000,000","36,135,000,000","35,099,000,000","35,293,000,000","40,042,000,000","36,687,000,000","37,457,000,000","37,594,000,000","41,787,000,000","38,470,000,000","32,520,000,000","31,837,000,000","38,403,000,000","33,265,000,000","32,514,000,000","32,501,000,000","37,232,000,000","34,482,000,000","33,960,000,000","33,404,000,000","34,587,000,000","33,168,000,000","27,303,000,000","27,120,000,000","37,869,000,000","27,555,000,000","26,959,000,000","26,198,000,000","20,925,000,000","25,970,000,000","25,962,000,000","25,416,000,000","38,536,000,000","25,422,000,000","24,758,000,000","25,721,000,000","38,583,000,000","25,243,000,000","25,330,000,000","25,439,000,000","29,373,000,000","26,117,000,000","24,694,000,000","24,639,000,000","25,997,000,000","25,467,000,000","25,228,000,000","24,834,000,000","26,178,000,000","25,724,000,000","24,299,000,000","24,764,000,000","24,857,000,000","24,828,000,000","24,534,000,000","24,305,000,000","13,315,000,000","12,721,000,000","13,206,000,000","13,644,000,000","11,834,000,000","8,358,000,000","8,810,000,000","8,692,000,000","9,040,000,000","8,594,000,000","8,820,000,000","8,558,000,000","8,855,000,000","8,629,000,000","8,455,000,000","8,435,000,000","9,278,000,000","8,435,000,000","8,586,000,000","8,216,000,000","9,573,000,000","8,516,000,000","8,400,000,000","8,531,000,000","10,416,000,000","10,608,000,000","10,213,000,000","9,506,000,000","21,461,000,000","5,658,000,000","5,448,000,000","5,324,000,000","7,258,000,000","4,986,000,000","4,882,000,000","4,765,000,000","5,539,000,000","4,873,000,000","6,869,000,000","2,566,000,000","2,836,900,000","2,620,800,000","2,487,600,000","2,396,700,000","2,896,500,000","2,351,200,000","2,226,400,000","2,158,400,000","2,439,900,000","2,229,700,000","2,110,800,000","2,047,800,000","2,269,400,000","2,139,800,000","1,964,400,000","1,937,100,000","2,122,500,000","1,981,800,000","1,870,100,000","1,843,600,000","1,933,000,000","1,791,400,000","1,753,900,000","1,720,000,000","1,937,300,000","1,775,200,000","1,683,300,000","1,665,200,000","1,772,400,000","1,683,900,000","1,660,800,000",,,,,,,,,,,,,,,
NetIncomeFromContinuingAndDiscontinuedOperation,"20,081,000,000","5,043,000,000","5,918,000,000","1,570,000,000","7,550,000,000","-13,883,000,000","2,816,000,000","1,281,000,000","4,610,000,000","2,394,000,000","3,700,000,000","3,713,000,000","4,096,000,000","4,858,000,000","4,718,000,000","5,132,000,000","4,662,000,000","19,037,000,000","3,029,000,000","3,915,000,000","3,469,000,000","2,437,000,000","3,328,000,000","3,408,000,000","3,803,000,000","4,006,000,000","2,994,000,000","3,044,000,000","3,200,000,000","-3,977,000,000","3,002,000,000","3,547,000,000","3,652,000,000","6,913,000,000","3,814,000,000","3,822,000,000","3,700,000,000","-3,857,000,000","3,635,000,000","3,902,000,000","3,584,000,000","-6,678,000,000","3,623,000,000","3,591,000,000","3,408,000,000","1,027,000,000","12,339,000,000","4,023,000,000","2,475,000,000","3,019,000,000","3,192,000,000","3,198,000,000","3,126,000,000","2,404,000,000","3,230,000,000","3,772,000,000","3,461,000,000","3,136,000,000","3,063,000,000","2,904,000,000","2,848,000,000","1,938,000,000","2,165,000,000","1,808,000,000","1,445,000,000","1,655,000,000","1,246,000,000","1,000,000,000","885,000,000","688,000,000","2,094,000,000","1,168,000,000","1,948,000,000","912,000,000","1,216,000,000","1,388,000,000","2,455,000,000","2,148,000,000","1,770,000,000","1,845,000,000","1,710,000,000","1,245,000,000","2,072,000,000","2,079,000,000","1,864,000,000","1,295,000,000","2,999,000,000","1,851,000,000","1,822,000,000","3,004,000,000","1,278,000,000","1,176,000,000","1,115,000,000","983,000,000","1,207,000,000","966,000,000","912,000,000","588,000,000","816,000,000","-787,000,000","517,000,000","542,700,000","593,300,000","501,000,000","464,000,000","517,800,000","534,300,000","442,000,000","395,200,000","424,700,000","480,800,000","385,500,000","357,700,000","385,900,000","408,800,000","338,000,000","302,500,000","350,000,000","385,600,000","304,500,000","261,600,000","316,200,000","363,100,000","253,300,000","223,900,000","267,500,000","323,600,000","262,500,000","247,800,000","297,200,000","295,300,000","261,500,000",,,,,,,,,,,,,,,
NormalizedIncome,"23,989,488,000","5,200,201,365.188","6,047,283,000","4,822,270,000","7,550,000,000","337,598,919.823","2,874,765,000","2,730,375,000","4,610,000,000","2,394,000,000","3,700,000,000","3,713,000,000","4,096,000,000","4,858,000,000","4,718,000,000","5,132,000,000","4,662,000,000","19,037,000,000","3,029,000,000","3,915,000,000","3,469,000,000","2,437,000,000","3,328,000,000","3,408,000,000","3,803,000,000","4,006,000,000","2,994,000,000","3,044,000,000","3,200,000,000","-3,977,000,000","3,002,000,000","3,547,000,000","3,652,000,000","6,913,000,000","3,814,000,000","3,822,000,000","3,700,000,000","-3,857,000,000","3,635,000,000","3,902,000,000","3,584,000,000","-6,678,000,000","3,623,000,000","3,591,000,000","3,408,000,000","1,025,000,000","11,559,000,000","4,027,000,000","2,475,000,000","3,019,000,000","3,192,000,000","3,198,000,000","3,126,000,000","2,404,000,000","3,230,000,000","3,772,000,000","3,461,000,000","3,136,000,000","3,063,000,000","2,904,000,000","2,848,000,000","1,938,000,000","2,165,000,000","1,808,000,000","1,445,000,000","1,655,000,000","1,246,000,000","1,000,000,000","885,000,000","688,000,000","1,245,000,000","1,168,000,000","1,948,000,000","912,000,000","1,216,000,000","1,388,000,000","2,455,000,000","2,148,000,000","1,770,000,000","1,845,000,000","1,710,000,000","1,245,000,000","2,072,000,000","2,079,000,000","1,864,000,000","1,295,000,000","2,999,000,000","1,851,000,000","1,822,000,000","3,004,000,000","1,278,000,000","1,176,000,000","1,115,000,000","983,000,000","1,207,000,000","966,000,000","912,000,000","588,000,000","816,000,000","-787,000,000","517,000,000","542,700,000","593,300,000","501,000,000","464,000,000","517,800,000","534,300,000","442,000,000","395,200,000","424,700,000","480,800,000","385,500,000","357,700,000","362,198,833.607","370,022,479.564","309,560,321.716","270,418,752.845","321,505,271.378","351,790,144.928","270,956,375.839","216,341,938.939","341,225,010.931","324,728,018.052","227,605,942.51","199,768,894.952","250,351,655.629","309,782,273.021","246,102,859.522","243,275,971.731","291,425,665.627","286,418,226.221","246,430,508.475",,,,,,,,,,,,,,,
InterestIncome,,,,,,,,,,,,,,,,,,,,,,,,,,,,,,,,,,,,,,,,,,,,,,,,,,,,,,,,,,,,"39,000,000","35,000,000","99,000,000","98,000,000","95,000,000","85,000,000","92,000,000","82,000,000","100,000,000","109,000,000","116,000,000","140,000,000","120,000,000","116,000,000","198,000,000","126,000,000","143,000,000","136,000,000","134,000,000","137,000,000","148,000,000","142,000,000","167,000,000","144,000,000","193,000,000","178,000,000",,,,,,,,,,,,,,,,,,,,,,,,,,,,,,,,,,,,,,,,,,,,,,,,,,,,,,,,,,,,,,
InterestExpense,"6,884,000,000","1,663,000,000","1,667,000,000","1,684,000,000","1,870,000,000","1,894,000,000","1,972,000,000","2,041,000,000","2,018,000,000","2,049,000,000","2,083,000,000","2,149,000,000","2,141,000,000","2,112,000,000","2,051,000,000","2,023,000,000","1,771,000,000","1,926,000,000","1,686,000,000","1,395,000,000","1,293,000,000","1,221,000,000","1,224,000,000","1,258,000,000","1,207,000,000","1,143,000,000","1,146,000,000","932,000,000","899,000,000","856,000,000","1,016,000,000","881,000,000","860,000,000","1,459,000,000","829,000,000","825,000,000","827,000,000","820,000,000","824,000,000","941,000,000","859,000,000","952,000,000","889,000,000","848,000,000","846,000,000","746,000,000","729,000,000","754,000,000","767,000,000","798,000,000","853,000,000","879,000,000","849,000,000","813,000,000","858,000,000","854,000,000","865,000,000","868,000,000","887,000,000","879,000,000","873,000,000","465,000,000","442,000,000","472,000,000","464,000,000","405,000,000","349,000,000","349,000,000","353,000,000","318,000,000","238,000,000","236,000,000","231,000,000","269,000,000","280,000,000","375,000,000","317,000,000","336,000,000","356,000,000","340,000,000","350,000,000","338,000,000","377,000,000","425,000,000","459,000,000","398,000,000","422,000,000","416,000,000","356,000,000","789,000,000","205,000,000","213,000,000","223,000,000","300,000,000","222,000,000","238,000,000","233,000,000","254,000,000","240,000,000","245,000,000","116,000,000","119,600,000","115,100,000","117,200,000","120,100,000","124,600,000","130,500,000","126,200,000","133,800,000","130,600,000","116,900,000","117,200,000","115,500,000",,,,,,,,,,,,,,,,,,,,,,,,,,,,,,,,,,
NetInterestIncome,"-6,884,000,000","-1,663,000,000","-1,667,000,000","-1,684,000,000","-1,870,000,000","-1,894,000,000","-1,972,000,000","-2,041,000,000","-2,018,000,000","-2,049,000,000","-2,083,000,000","-2,149,000,000","-2,141,000,000","-2,112,000,000","-2,051,000,000","-2,023,000,000","-1,771,000,000","-1,926,000,000","-1,686,000,000","-1,395,000,000","-1,293,000,000","-1,221,000,000","-1,224,000,000","-1,258,000,000","-1,207,000,000","-1,143,000,000","-1,146,000,000","-932,000,000","-899,000,000","-856,000,000","-1,016,000,000","-881,000,000","-860,000,000","-1,459,000,000","-829,000,000","-825,000,000","-827,000,000","-820,000,000","-824,000,000","-941,000,000","-859,000,000","-952,000,000","-889,000,000","-848,000,000","-846,000,000","-746,000,000","-729,000,000","-754,000,000","-767,000,000","-798,000,000","-853,000,000","-879,000,000","-849,000,000","-813,000,000","-858,000,000","-854,000,000","-865,000,000","-868,000,000","-887,000,000","-840,000,000","-838,000,000","-366,000,000","-344,000,000","-377,000,000","-379,000,000","-313,000,000","-267,000,000","-249,000,000","-244,000,000","-202,000,000","-98,000,000","-116,000,000","-115,000,000","-71,000,000","-154,000,000","-232,000,000","-181,000,000","-202,000,000","-219,000,000","-192,000,000","-208,000,000","-171,000,000","-233,000,000","-232,000,000","-281,000,000","-119,000,000","-422,000,000","-416,000,000","-356,000,000","-789,000,000","-205,000,000","-213,000,000","-223,000,000","-300,000,000","-222,000,000","-238,000,000","-233,000,000","-254,000,000","-240,000,000","-245,000,000","-116,000,000","-119,600,000","-115,100,000","-117,200,000","-120,100,000","-124,600,000","-130,500,000","-126,200,000","-133,800,000","-130,600,000","-116,900,000","-117,200,000","-115,500,000",,,,,,,,,,,,,,,,,,,,,,,,,,,,,,,,,,
EBIT,"33,831,000,000","8,109,000,000","9,479,000,000","4,309,000,000","11,934,000,000","-13,659,000,000","5,906,000,000","4,539,000,000","8,283,000,000","5,187,000,000","6,969,000,000","7,222,000,000","7,512,000,000","7,857,000,000","8,258,000,000","8,803,000,000","7,912,000,000","643,000,000","6,660,000,000","7,465,000,000","6,671,000,000","4,412,000,000","6,417,000,000","6,679,000,000","7,214,000,000","7,450,000,000","5,881,000,000","5,793,000,000","5,526,000,000","-5,367,000,000","5,442,000,000","6,987,000,000","6,511,000,000","12,612,000,000","6,329,000,000","6,619,000,000","6,157,000,000","-5,731,000,000","6,266,000,000","6,972,000,000","6,376,000,000","-8,738,000,000","6,474,000,000","6,399,000,000","6,116,000,000","2,193,000,000","5,806,000,000","7,032,000,000","6,205,000,000","5,155,000,000","5,596,000,000","5,768,000,000","5,859,000,000","4,507,000,000","5,794,000,000","6,736,000,000","6,256,000,000","5,640,000,000","5,449,000,000","5,281,000,000","5,341,000,000","3,259,000,000","3,675,000,000","3,169,000,000","2,621,000,000","1,494,000,000","2,193,000,000","1,833,000,000","1,654,000,000","1,125,000,000","2,093,000,000","1,939,000,000","3,139,000,000","1,620,000,000","2,095,000,000","2,447,000,000","3,980,000,000","2,886,000,000","2,988,000,000","3,065,000,000","2,900,000,000","2,391,000,000","3,574,000,000","3,647,000,000","3,344,000,000","2,708,000,000","5,126,000,000","3,329,000,000","3,317,000,000","6,059,000,000","2,210,000,000","2,042,000,000","1,972,000,000","1,817,000,000","2,133,000,000","1,743,000,000","1,674,000,000","1,125,000,000","1,508,000,000","-942,000,000","910,000,000","949,400,000","1,043,400,000","896,800,000","849,400,000","864,500,000","930,500,000","794,400,000","718,000,000","718,900,000","837,200,000","703,400,000","654,500,000","628,700,000","655,300,000","574,900,000","520,700,000","599,500,000","635,900,000","518,500,000","443,500,000","589,400,000","632,400,000","488,600,000","423,200,000","509,000,000","592,500,000","486,400,000","464,000,000","550,600,000","524,800,000","479,700,000","2,057,600,000","-4,442,600,000","2,234,600,000","2,032,800,000","1,999,100,000","-3,769,400,000","2,087,400,000","1,886,500,000","1,876,000,000","-3,690,600,000","1,963,000,000","2,006,000,000","1,918,700,000","-3,768,700,000","1,986,000,000"
EBITDA,"56,693,000,000"
ReconciledCostOfRevenue,"79,807,000,000","19,795,000,000","17,826,000,000","21,099,000,000","21,087,000,000","22,910,000,000","19,839,000,000","17,983,000,000","19,281,000,000","22,736,000,000","20,154,000,000","20,512,000,000","20,739,000,000","23,309,000,000","20,706,000,000","17,458,000,000","17,946,000,000","22,332,000,000","18,906,000,000","18,254,000,000","17,887,000,000","21,119,000,000","18,890,000,000","18,475,000,000","18,400,000,000","19,691,000,000","17,796,000,000","15,140,000,000","14,581,000,000","18,537,000,000","14,541,000,000","14,212,000,000","13,321,000,000","12,237,000,000","13,403,000,000","13,270,000,000","12,554,000,000","17,215,000,000","12,718,000,000","12,369,000,000","12,913,000,000","17,474,000,000","13,165,000,000","13,332,000,000","13,403,000,000","14,028,000,000","13,519,000,000","12,407,000,000","12,329,000,000","12,800,000,000","12,885,000,000","12,478,000,000","12,242,000,000","12,923,000,000","13,070,000,000","11,900,000,000","11,775,000,000","11,734,000,000","11,591,000,000","11,478,000,000","11,252,000,000","6,708,000,000","6,664,000,000","6,928,000,000","7,128,000,000","6,014,000,000","4,352,000,000","4,347,000,000","4,397,000,000","4,580,000,000","4,284,000,000","4,305,000,000","4,227,000,000","4,333,000,000","4,244,000,000","4,035,000,000","4,041,000,000","7,140,000,000","6,287,000,000","6,430,000,000","6,080,000,000","7,318,000,000","6,316,000,000","6,226,000,000","6,083,000,000","7,611,000,000","8,245,000,000","7,896,000,000","7,243,000,000","16,806,000,000","4,280,000,000","4,175,000,000","4,077,000,000","9,675,000,000","2,403,000,000","2,330,000,000","2,306,000,000","2,728,000,000","2,365,000,000","1,737,000,000","1,179,000,000","1,172,000,000","1,049,600,000","980,300,000","933,100,000","1,092,900,000","963,700,000","881,800,000","867,500,000","1,081,400,000","959,000,000","867,000,000","839,500,000","922,800,000","873,500,000","803,900,000","787,400,000","1,015,900,000","874,100,000","794,500,000","738,900,000","867,500,000","798,200,000","752,400,000","741,800,000","917,900,000","796,700,000","757,200,000","730,800,000","781,100,000","752,600,000","696,400,000",,,,,,,,,,,,,,,
ReconciledDepreciation,"22,862,000,000","5,673,000,000","5,619,000,000","5,761,000,000","5,809,000,000","6,979,000,000","7,030,000,000","7,285,000,000","7,222,000,000","6,961,000,000","6,949,000,000","7,101,000,000","7,206,000,000","7,892,000,000","8,166,000,000","6,378,000,000","5,994,000,000","6,071,000,000","6,042,000,000","6,147,000,000","6,127,000,000","6,129,000,000","6,579,000,000","6,576,000,000","6,563,000,000","6,477,000,000","6,265,000,000","4,696,000,000","4,578,000,000","4,567,000,000","4,539,000,000","4,550,000,000","4,617,000,000","4,680,000,000","4,615,000,000","4,571,000,000","4,529,000,000","4,572,000,000","4,512,000,000","4,499,000,000","4,560,000,000","4,573,000,000","4,618,000,000","4,602,000,000","4,584,000,000","4,850,000,000","4,891,000,000","4,812,000,000","4,826,000,000","5,015,000,000","4,910,000,000","4,903,000,000","4,886,000,000","5,044,000,000","4,978,000,000","4,958,000,000","4,903,000,000","5,223,000,000","5,322,000,000","5,416,000,000","5,616,000,000","2,492,000,000","2,437,000,000","2,486,000,000","2,492,000,000","2,206,000,000","1,803,000,000","1,809,000,000","1,825,000,000","1,864,000,000","1,889,000,000","1,888,000,000","1,923,000,000","1,945,000,000","1,952,000,000","1,977,000,000","1,996,000,000","2,138,000,000","2,148,000,000","2,156,000,000","2,136,000,000","2,255,000,000","2,200,000,000","2,174,000,000","2,448,000,000","2,805,000,000","2,363,000,000","2,317,000,000","2,263,000,000","4,655,000,000","1,378,000,000","1,273,000,000","1,247,000,000","1,781,000,000","1,151,000,000","1,139,000,000","1,106,000,000","1,122,000,000","1,086,000,000","2,136,000,000","578,000,000","568,500,000","571,800,000","553,800,000","545,900,000","557,300,000","541,100,000","539,300,000","532,200,000","535,000,000","506,300,000","504,500,000","492,000,000","570,800,000","484,200,000","479,600,000","472,400,000","463,600,000","460,300,000","474,300,000","444,000,000","435,300,000","436,200,000","450,100,000","443,400,000","410,000,000","437,700,000","414,400,000","429,000,000","475,200,000","469,400,000","480,500,000",,,,,,,,,,,,,,,
NetIncomeFromContinuingOperationNetMinorityInterest,"20,081,000,000","5,043,000,000","5,918,000,000","1,570,000,000","7,550,000,000","-13,883,000,000","2,816,000,000","1,281,000,000","4,610,000,000","2,394,000,000","3,700,000,000","3,713,000,000","4,096,000,000","4,858,000,000","4,718,000,000","5,132,000,000","4,662,000,000","19,037,000,000","3,029,000,000","3,915,000,000","3,469,000,000","2,437,000,000","3,328,000,000","3,408,000,000","3,803,000,000","4,006,000,000","2,994,000,000","3,044,000,000","3,200,000,000","-3,977,000,000","3,002,000,000","3,547,000,000","3,652,000,000","6,913,000,000","3,814,000,000","3,822,000,000","3,700,000,000","-3,857,000,000","3,635,000,000","3,902,000,000","3,584,000,000","-6,678,000,000","3,623,000,000","3,591,000,000","3,408,000,000","1,025,000,000","11,559,000,000","4,027,000,000","2,475,000,000","3,019,000,000","3,192,000,000","3,198,000,000","3,126,000,000","2,404,000,000","3,230,000,000","3,772,000,000","3,461,000,000","3,136,000,000","3,063,000,000","2,904,000,000","2,848,000,000","1,938,000,000","2,165,000,000","1,808,000,000","1,445,000,000","1,655,000,000","1,246,000,000","1,000,000,000","885,000,000","688,000,000","1,245,000,000","1,168,000,000","1,948,000,000","912,000,000","1,216,000,000","1,388,000,000","2,455,000,000","2,148,000,000","1,770,000,000","1,845,000,000","1,710,000,000","1,245,000,000","2,072,000,000","2,079,000,000","1,864,000,000","1,295,000,000","2,999,000,000","1,851,000,000","1,822,000,000","3,004,000,000","1,278,000,000","1,176,000,000","1,115,000,000","983,000,000","1,207,000,000","966,000,000","912,000,000","588,000,000","816,000,000","-787,000,000","517,000,000","542,700,000","593,300,000","501,000,000","464,000,000","517,800,000","534,300,000","442,000,000","395,200,000","424,700,000","480,800,000","385,500,000","357,700,000","385,900,000","408,800,000","338,000,000","302,500,000","350,000,000","385,600,000","304,500,000","261,600,000","316,200,000","363,100,000","253,300,000","223,900,000","267,500,000","323,600,000","262,500,000","247,800,000","297,200,000","295,300,000","261,500,000",,,,,,,,,,,,,,,
TotalUnusualItemsExcludingGoodwill,"-4,904,000,000","-188,000,000","-161,000,000","-4,555,000,000","0","-16,365,000,000","-73,000,000","-2,319,000,000",,"-1,458,000,000",,,,"-46,000,000",,,,"-2,914,000,000",,,,"-361,000,000",,,,"0",,,,"-2,120,000,000",,,,,,,,"-122,000,000","47,000,000","23,000,000","52,000,000","-2,793,000,000","46,000,000","27,000,000","59,000,000","72,000,000","125,000,000","723,000,000","-22,000,000","109,000,000","27,000,000","31,000,000","-15,000,000","-498,000,000","-81,000,000","-43,000,000","33,000,000","1,000,000","-17,000,000","88,000,000","469,000,000","-21,000,000","11,000,000","1,821,000,000","11,000,000","3,000,000","-70,000,000","34,000,000","47,000,000","60,000,000","45,000,000","-44,000,000","861,000,000","130,000,000","22,000,000","84,000,000","1,581,000,000","508,000,000","1,000,000","210,000,000","15,000,000","-250,000,000","99,000,000","-164,000,000","106,000,000","365,000,000","2,013,000,000","142,000,000","41,000,000","-153,000,000","6,000,000","3,000,000","-83,000,000","34,000,000","288,000,000","-39,000,000","-38,000,000","22,000,000","-26,000,000","-63,000,000","-12,000,000","-28,000,000","-15,000,000","-14,000,000","-4,000,000","142,000,000","-12,000,000","-10,000,000","6,000,000","-48,800,000","66,800,000","49,600,000","56,100,000","33,700,000","55,700,000","40,800,000","46,600,000","41,700,000","48,400,000","47,600,000","64,600,000","-36,200,000","56,200,000","36,700,000","31,600,000","24,200,000","19,800,000","22,500,000","6,200,000","8,100,000","11,700,000","20,400,000",,,,,,,,,,,,,,,
TotalUnusualItems,"-4,904,000,000","-188,000,000","-161,000,000","-4,555,000,000","0","-16,365,000,000","-73,000,000","-2,319,000,000",,"-1,458,000,000",,,,"-46,000,000",,,,"-2,914,000,000",,,,"-361,000,000",,,,"0",,,,"-2,120,000,000",,,,,,,,"-122,000,000","47,000,000","23,000,000","52,000,000","-2,793,000,000","46,000,000","27,000,000","59,000,000","72,000,000","125,000,000","723,000,000","-22,000,000","109,000,000","27,000,000","31,000,000","-15,000,000","-498,000,000","-81,000,000","-43,000,000","33,000,000","1,000,000","-17,000,000","88,000,000","469,000,000","-21,000,000","11,000,000","1,821,000,000","11,000,000","3,000,000","-70,000,000","34,000,000","47,000,000","60,000,000","45,000,000","-44,000,000","861,000,000","130,000,000","22,000,000","84,000,000","1,581,000,000","508,000,000","1,000,000","210,000,000","15,000,000","-250,000,000","99,000,000","-164,000,000","106,000,000","365,000,000","2,013,000,000","142,000,000","41,000,000","-153,000,000","6,000,000","3,000,000","-83,000,000","34,000,000","288,000,000","-39,000,000","-38,000,000","22,000,000","-26,000,000","-63,000,000","-12,000,000","-28,000,000","-15,000,000","-14,000,000","-4,000,000","142,000,000","-12,000,000","-10,000,000","6,000,000","-48,800,000","66,800,000","49,600,000","56,100,000","33,700,000","55,700,000","40,800,000","46,600,000","41,700,000","48,400,000","47,600,000","64,600,000","-36,200,000","56,200,000","36,700,000","31,600,000","24,200,000","19,800,000","22,500,000","6,200,000","8,100,000","11,700,000","20,400,000",,,,,,,,,,,,,,,
NormalizedEBITDA,"61,597,000,000","13,970,000,000","15,259,000,000","14,625,000,000","17,743,000,000","9,685,000,000","13,009,000,000","14,143,000,000","15,505,000,000","12,148,000,000","13,918,000,000","14,323,000,000","14,718,000,000","15,749,000,000","16,424,000,000","15,181,000,000","13,906,000,000","6,714,000,000","12,702,000,000","13,612,000,000","12,798,000,000","10,541,000,000","12,996,000,000","13,255,000,000","13,777,000,000","13,927,000,000","12,146,000,000","10,489,000,000","10,104,000,000","-800,000,000","9,981,000,000","11,537,000,000","11,128,000,000","17,292,000,000","10,944,000,000","11,190,000,000","10,686,000,000","-1,159,000,000","10,778,000,000","11,471,000,000","10,936,000,000","-4,165,000,000","11,092,000,000","11,001,000,000","10,700,000,000","7,043,000,000","10,697,000,000","11,870,000,000","11,031,000,000","10,170,000,000","10,506,000,000","10,671,000,000","10,745,000,000","9,551,000,000","10,772,000,000","11,694,000,000","11,159,000,000","10,863,000,000","10,771,000,000","10,697,000,000","10,957,000,000","5,751,000,000","6,112,000,000","5,655,000,000","5,113,000,000","3,700,000,000","3,996,000,000","3,642,000,000","3,479,000,000","2,989,000,000","3,982,000,000","3,827,000,000","5,062,000,000","3,565,000,000","4,047,000,000","4,424,000,000","5,976,000,000","5,024,000,000","5,136,000,000","5,221,000,000","5,036,000,000","4,646,000,000","5,774,000,000","5,821,000,000","5,792,000,000","5,513,000,000","7,489,000,000","5,646,000,000","5,580,000,000","10,714,000,000","3,588,000,000","3,315,000,000","3,219,000,000","3,598,000,000","3,284,000,000","2,882,000,000","2,780,000,000","2,247,000,000","2,594,000,000","1,194,000,000","1,488,000,000","1,517,900,000","1,615,200,000","1,450,600,000","1,395,300,000","1,421,800,000","1,471,600,000","1,333,700,000","1,250,200,000","1,253,900,000","1,343,500,000","1,207,900,000","1,146,500,000","1,165,800,000","1,083,800,000","1,013,700,000","946,500,000","1,021,400,000","1,047,800,000","945,200,000","822,900,000","1,060,900,000","1,012,400,000","902,000,000","835,000,000","894,800,000","1,010,400,000","878,300,000","886,800,000","1,017,700,000","982,500,000","939,800,000","2,057,600,000","-4,442,600,000","2,234,600,000","2,032,800,000","1,999,100,000","-3,769,400,000","2,087,400,000","1,886,500,000","1,876,000,000","-3,690,600,000","1,963,000,000","2,006,000,000","1,918,700,000","-3,768,700,000","1,986,000,000"
TaxRateForCalcs,"0.203","0.164","0.197","0.286","0.211","0.131","0.195","0.375","0.208","0.138","0.192","0.217","0.19","0.107","0.224","0.226","0.225","0.4","0.372","0.339","0.335","0.212","0.342","0.352","0.353","0.352","0.35","0.353","0.292","0.374","0.309","0.35","0.339","0.373","0.29","0.33","0.292","0.35","0.32","0.343","0.338","0.316","0.34","0.341","0.342","0.242","0.35","0.346","0.35","0.291","0.31","0.33","0.361","0.349","0.346","0.359","0.358","0.343","0.329","0.34","0.363","0.306","0.33","0.33","0.33","0.4","0.324","0.326","0.32","0.147","0.329","0.314","0.33","0.325","0.33","0.33","0.33","0.158","0.328","0.323","0.329","0.394","0.352","0.355","0.354","0.4","0.362","0.365","0.385","0.4","0.363","0.357","0.362","0.352","0.368","0.358","0.367","0.325","0.356","0.337","0.349","0.346","0.361","0.357","0.364","0.3","0.332","0.339","0.324","0.278","0.333","0.342","0.336","0.297","0.304","0.303","0.312","0.317","0.301","0.295","0.299","0.309","0.317","0.3","0.236","0.291","0.302","0.271","0.27","0.287","0.241","0.261",,,,,,,,,,,,,,,
TaxEffectOfUnusualItems,"-995,512,000","-30,798,634.812","-31,717,000","-1,302,730,000","0","-2,144,401,080.177","-14,235,000","-869,625,000","0","0","0","0","0","0","0","0","0","0","0","0","0","0","0","0","0","0","0","0","0","0","0","0","0","0","0","0","0","0","0","0","0","0","0","0","0","0","0","0","0","0","0","0","0","0","0","0","0","0","0","0","0","0","0","0","0","0","0","0","0","0","0","0","0","0","0","0","0","0","0","0","0","0","0","0","0","0","0","0","0","0","0","0","0","0","0","0","0","0","0","0","0","0","0","0","0","0","0","0","0","0","0","0","0","9,998,833.607","16,922,479.564","12,360,321.716","14,518,752.845","13,205,271.378","14,590,144.928","14,056,375.839","19,341,938.939","-11,174,989.069","17,828,018.052","11,005,942.51","7,468,894.952","7,051,655.629","5,982,273.021","6,102,859.522","1,675,971.731","2,325,665.627","2,818,226.221","5,330,508.475",,,,,,,,,,,,,,,