name,ttm,12/31/2021,09/30/2021,06/30/2021,03/31/2021,12/31/2020,09/30/2020,06/30/2020,03/31/2020,12/31/2019,09/30/2019,06/30/2019,03/31/2019,12/31/2018,09/30/2018,06/30/2018,03/31/2018,12/31/2017,09/30/2017,06/30/2017,03/31/2017,12/31/2016,09/30/2016,06/30/2016,03/31/2016,12/31/2015,09/30/2015,06/30/2015,03/31/2015,12/31/2014,09/30/2014,06/30/2014,03/31/2014,12/31/2013,09/30/2013,06/30/2013,03/31/2013,12/31/2012,09/30/2012,06/30/2012,03/31/2012,12/31/2011,09/30/2011,06/30/2011,03/31/2011,12/31/2010,09/30/2010,06/30/2010,03/31/2010,12/31/2009,09/30/2009,06/30/2009,03/31/2009,12/31/2008,09/30/2008,06/30/2008,03/31/2008,12/31/2007,09/30/2007,06/30/2007,03/31/2007,12/31/2006,09/30/2006,06/30/2006,03/31/2006,12/31/2005,09/30/2005,06/30/2005,03/31/2005,12/31/2004,09/30/2004,06/30/2004,03/31/2004,12/31/2003,09/30/2003,06/30/2003,03/31/2003,12/31/2002,09/30/2002,06/30/2002,03/31/2002,12/31/2001,09/30/2001,06/30/2001,03/31/2001,12/31/2000,09/30/2000,06/30/2000,03/31/2000,12/31/1999,09/30/1999,06/30/1999,03/31/1999,12/31/1998,09/30/1998,06/30/1998,03/31/1998,12/31/1997,09/30/1997,06/30/1997,03/31/1997,12/31/1996,09/30/1996,06/30/1996,03/31/1996,12/31/1995,09/30/1995,06/30/1995,03/31/1995,12/31/1994,09/30/1994,06/30/1994,03/31/1994,12/31/1993,09/30/1993,06/30/1993,03/31/1993,12/31/1992,09/30/1992,06/30/1992,03/31/1992,12/31/1991,09/30/1991,06/30/1991,03/31/1991,12/31/1990,09/30/1990,06/30/1990,03/31/1990,12/31/1989,09/30/1989,06/30/1989,03/31/1989,12/31/1988,09/30/1988,06/30/1988,03/31/1988,12/31/1987,09/30/1987,06/30/1987,03/31/1987,12/31/1986,09/30/1986,06/30/1986,03/31/1986,12/31/1985,09/30/1985
TotalRevenue,"10,279,700,000","2,619,200,000","2,822,700,000","2,939,400,000","1,898,400,000","2,294,300,000","2,753,500,000","2,503,400,000","2,102,800,000","2,486,200,000","2,841,600,000","2,948,300,000","2,303,300,000","2,418,700,000","2,934,200,000","3,085,200,000","2,331,500,000","2,579,600,000","2,883,200,000","3,091,300,000","2,448,700,000","2,294,000,000","947,600,000","986,200,000","657,200,000","844,400,000","1,017,400,000","1,005,700,000","700,000,000","973,800,000","1,168,000,000","1,188,500,000","816,000,000","1,028,400,000","1,171,200,000","1,178,000,000","828,500,000","1,030,200,000","1,195,500,000","999,400,000","691,400,000","937,300,000","954,400,000","933,600,000","690,400,000","835,100,000","875,000,000","883,300,000","661,000,000","820,800,000","853,700,000","798,900,000","559,000,000","739,100,000","921,100,000","1,757,400,000","1,356,600,000","1,600,306,000","1,685,408,000","1,676,267,000","1,228,611,000","1,531,290,000","1,576,824,000","1,583,025,000","1,153,846,000","1,234,586,000","1,596,862,000","1,611,313,000","1,064,145,000","1,127,305,000","1,104,306,000","1,150,694,000","923,511,000","1,022,872,000","1,048,724,000","1,100,376,000","828,141,000","981,133,000","1,001,598,000","1,023,969,000","739,322,000","558,399,000","634,663,000","692,700,000","543,700,000","732,539,000","603,275,000","614,149,000","464,452,000","497,191,000","544,025,000","575,568,000","439,862,000","444,084,000","499,360,000","541,944,000","414,145,000","412,631,000","489,699,000","520,826,000","398,995,000","407,565,000","453,513,000","502,426,000","368,729,000","381,398,000","567,882,000","399,511,000","326,588,000","356,421,000","555,581,000","432,216,000","318,453,000","337,300,000","535,600,000","412,900,000","296,000,000","16,800,000","642,700,000","507,900,000","383,500,000","418,300,000","664,400,000","460,000,000","374,700,000","386,600,000","607,100,000","475,400,000","394,300,000","431,100,000","583,300,000","425,500,000","324,100,000","353,500,000","498,000,000","383,100,000","287,100,000","293,100,000","432,800,000","357,900,000","266,900,000","275,900,000","415,000,000","360,600,000","263,400,000","278,900,000","405,300,000"
	OperatingRevenue,"12,449,900,000","3,194,400,000","3,435,400,000","3,564,000,000","2,256,100,000","2,777,800,000","3,378,400,000","3,029,800,000","2,537,800,000","3,091,000,000","3,498,000,000","3,620,000,000","2,800,100,000","3,024,400,000","3,625,100,000","3,820,500,000","2,868,000,000","3,211,700,000","3,552,900,000","3,793,100,000","2,913,800,000","2,901,900,000","1,337,700,000","1,407,000,000","950,800,000","1,236,900,000","1,454,300,000","1,433,000,000","1,003,200,000","1,413,300,000","1,650,000,000","1,685,900,000","1,178,300,000","1,489,700,000","1,665,400,000","1,659,700,000","1,184,800,000","1,480,200,000","1,685,800,000","1,440,900,000","1,008,100,000","1,395,600,000","1,393,900,000","1,383,100,000","997,300,000","1,213,400,000","1,260,100,000","1,282,600,000","947,000,000","1,191,600,000","1,250,300,000","1,160,400,000","824,200,000","1,102,300,000","1,373,800,000","2,359,400,000","1,816,200,000","2,167,221,000","2,257,233,000","2,244,024,000","1,651,195,000","2,100,969,000","2,126,652,000","2,130,047,000","1,543,946,000","1,579,919,000","2,210,188,000","2,198,158,000","1,429,437,000","1,546,886,000","1,487,828,000","1,550,325,000","1,234,688,000","1,396,803,000","1,420,191,000","1,469,371,000","1,100,855,000","1,326,944,000","1,322,722,000","1,339,225,000","937,756,000","652,541,000","742,654,000","809,729,000","637,828,000","832,935,000","719,734,000","733,257,000","555,812,000","595,295,000","651,054,000","690,691,000","525,834,000","532,725,000","602,690,000","654,893,000","501,014,000","500,809,000","593,953,000","630,094,000","483,375,000","494,126,000","554,740,000","614,250,000","448,428,000","468,260,000","698,330,000","491,377,000","402,628,000","439,031,000","683,964,000","527,088,000","390,247,000","337,300,000","535,600,000","412,900,000","296,000,000","16,800,000","642,700,000","507,900,000","383,500,000","418,300,000","664,400,000","460,000,000","374,700,000","386,600,000","607,100,000","475,400,000","394,300,000","431,100,000","583,300,000","425,500,000","324,100,000","353,500,000","498,000,000","383,100,000","287,100,000","293,100,000","432,800,000","357,900,000","266,900,000","275,900,000","415,000,000","360,600,000","263,400,000","278,900,000","405,300,000"
	ExciseTaxes,"2,170,200,000","575,200,000","612,700,000","624,600,000","357,700,000","483,500,000","624,900,000","526,400,000","435,000,000","604,800,000","656,400,000","671,700,000","496,800,000","605,700,000","690,900,000","735,300,000","536,500,000","632,100,000","669,700,000","701,800,000","465,100,000","607,900,000","390,100,000","420,800,000","293,600,000","392,500,000","436,900,000","427,300,000","303,200,000","439,500,000","482,000,000","497,400,000","362,300,000","461,300,000","494,200,000","481,700,000","356,300,000","450,000,000","490,300,000","441,500,000","316,700,000","458,300,000","439,500,000","449,500,000","306,900,000","378,300,000","385,100,000","399,300,000","286,000,000","370,800,000","396,600,000","361,500,000","265,200,000","363,200,000","452,700,000","602,000,000","459,600,000","566,915,000","571,825,000","567,757,000","422,584,000","569,679,000","549,828,000","547,022,000","390,100,000","345,333,000","613,326,000","586,845,000","365,292,000","419,581,000","383,522,000","399,631,000","311,177,000","373,931,000","371,467,000","368,995,000","272,714,000","345,811,000","321,124,000","315,256,000","198,434,000","94,142,000","107,991,000","117,029,000","94,128,000","100,396,000","116,459,000","119,108,000","91,360,000","98,104,000","107,029,000","115,123,000","85,972,000","88,641,000","103,330,000","112,949,000","86,869,000","88,178,000","104,254,000","109,268,000","84,380,000","86,561,000","101,227,000","111,824,000","79,699,000","86,862,000","130,448,000","91,866,000","76,040,000","82,610,000","128,383,000","94,872,000","71,794,000",,,,,,,,,,,,,,,,,,,,,,,,,,,,,,,,,,
CostOfRevenue,"6,226,300,000","1,761,900,000","1,629,100,000","1,667,900,000","1,167,400,000","1,399,100,000","1,551,000,000","1,456,600,000","1,479,000,000","1,520,000,000","1,685,400,000","1,759,800,000","1,413,000,000","1,596,000,000","1,714,000,000","1,739,100,000","1,535,700,000","1,498,600,000","1,589,600,000","1,756,100,000","1,372,900,000","1,485,600,000","541,300,000","562,200,000","414,000,000","542,900,000","585,900,000","579,900,000","454,800,000","620,200,000","666,600,000","683,300,000","523,200,000","644,400,000","670,000,000","684,100,000","547,100,000","646,600,000","687,000,000","580,100,000","438,800,000","547,500,000","550,500,000","523,900,000","427,200,000","475,600,000","457,400,000","474,800,000","404,400,000","475,600,000","472,600,000","432,600,000","346,100,000","447,900,000","524,400,000","1,033,600,000","835,000,000","978,558,000","987,304,000","966,897,000","770,162,000","927,132,000","907,305,000","919,976,000","726,668,000","731,176,000","935,426,000","940,233,000","700,114,000","738,542,000","688,384,000","703,024,000","611,744,000","686,206,000","658,016,000","683,087,000","559,474,000","656,072,000","636,094,000","616,220,000","475,844,000","359,284,000","402,306,000","424,880,000","351,153,000","531,468,000","359,513,000","348,906,000","285,942,000","307,825,000","320,538,000","315,220,000","272,382,000","278,131,000","309,482,000","309,347,000","261,927,000","266,179,000","298,769,000","300,663,000","255,167,000","260,265,000","289,357,000","307,467,000","260,777,000","261,919,000","359,238,000","248,473,000","222,133,000","238,221,000","358,679,000","254,637,000","211,252,000","203,300,000","312,200,000","230,300,000","171,800,000","-5,800,000","391,000,000","301,300,000","234,200,000","278,700,000","410,200,000","244,300,000","224,700,000","241,500,000","371,800,000","281,300,000","248,900,000",,,,,,,,,,,,,,,,,,
GrossProfit,"4,053,400,000","857,300,000","1,193,600,000","1,271,500,000","731,000,000","895,200,000","1,202,500,000","1,046,800,000","623,800,000","966,200,000","1,156,200,000","1,188,500,000","890,300,000","822,700,000","1,220,200,000","1,346,100,000","795,800,000","1,081,000,000","1,293,600,000","1,335,200,000","1,075,800,000","808,400,000","406,300,000","424,000,000","243,200,000","301,500,000","431,500,000","425,800,000","245,200,000","353,600,000","501,400,000","505,200,000","292,800,000","384,000,000","501,200,000","493,900,000","281,400,000","383,600,000","508,500,000","419,300,000","252,600,000","389,800,000","403,900,000","409,700,000","263,200,000","359,500,000","417,600,000","408,500,000","256,600,000","345,200,000","381,100,000","366,300,000","212,900,000","291,200,000","396,700,000","723,800,000","521,600,000","621,748,000","698,104,000","709,370,000","458,449,000","604,158,000","669,519,000","663,049,000","427,178,000","503,410,000","661,436,000","671,080,000","364,031,000","388,763,000","415,922,000","447,670,000","311,767,000","336,666,000","390,708,000","417,289,000","268,667,000","325,061,000","365,504,000","407,749,000","263,478,000","199,115,000","232,357,000","267,820,000","192,547,000","201,071,000","243,762,000","265,243,000","178,510,000","189,366,000","223,487,000","260,348,000","167,480,000","165,953,000","189,878,000","232,597,000","152,218,000","146,452,000","190,930,000","220,163,000","143,828,000","147,300,000","164,156,000","194,959,000","107,952,000","119,479,000","208,644,000","151,038,000","104,455,000","118,200,000","196,902,000","177,579,000","107,201,000","134,000,000","223,400,000","182,600,000","124,200,000","22,600,000","251,700,000","206,600,000","149,300,000","139,600,000","254,200,000","215,700,000","150,000,000","145,100,000","235,300,000","194,100,000","145,400,000",,,,,,,,,,,,,,,,,,
OperatingExpense,"2,554,500,000","665,100,000","664,800,000","681,700,000","542,900,000","648,300,000","634,500,000","524,500,000","629,700,000","612,900,000","690,200,000","769,700,000","655,200,000","663,000,000","713,900,000","744,700,000","681,100,000","765,600,000","782,800,000","781,200,000","702,800,000","753,900,000","278,900,000","313,600,000","250,900,000","262,700,000","265,200,000","283,300,000","240,600,000","282,600,000","289,600,000","327,800,000","263,900,000","296,400,000","307,800,000","304,300,000","285,300,000","272,500,000","300,600,000","304,800,000","248,200,000","259,900,000","248,200,000","272,500,000","238,400,000","264,900,000","248,900,000","261,200,000","237,500,000","247,500,000","240,700,000","230,000,000","182,600,000","196,600,000","236,800,000","463,200,000","436,600,000","419,666,000","461,050,000","456,894,000","396,798,000","434,160,000","434,106,000","448,281,000","388,858,000","347,343,000","465,461,000","475,691,000","344,021,000","297,840,000","312,018,000","322,062,000","283,777,000","270,524,000","281,313,000","299,812,000","254,310,000","283,621,000","276,359,000","285,237,000","218,290,000","154,190,000","197,210,000","194,618,000","169,958,000","188,926,000","192,260,000","199,134,000","157,640,000","172,692,000","184,305,000","186,638,000","149,358,000","155,397,000","176,264,000","167,944,000","137,222,000","138,239,000","159,271,000","127,352,000","129,112,000","141,022,000","130,455,000","151,396,000","110,475,000","109,133,000","168,319,000","123,818,000","102,418,000","101,394,000","164,196,000","131,006,000","95,123,000","250,900,000","199,500,000","145,800,000","112,400,000","37,300,000","202,000,000","172,400,000","145,100,000","187,500,000","221,500,000","189,600,000","139,200,000","140,400,000","192,800,000","151,400,000","130,900,000",,,,,,,,,,,,,,,,,,
	SellingGeneralAndAdministration,"2,554,500,000","665,100,000","664,800,000","681,700,000","542,900,000","648,300,000","634,500,000","524,500,000","629,700,000","612,900,000","690,200,000","769,700,000","655,200,000","663,000,000","713,900,000","744,700,000","681,100,000","765,600,000","782,800,000","781,200,000","702,800,000","753,900,000","278,900,000","313,600,000","250,900,000","262,700,000","265,200,000","283,300,000","240,600,000","282,600,000","289,600,000","327,800,000","263,900,000","296,400,000","307,800,000","304,300,000","285,300,000","272,500,000","300,600,000","304,800,000","248,200,000","259,900,000","248,200,000","272,500,000","238,400,000","264,900,000","248,900,000","261,200,000","237,500,000","247,500,000","240,700,000","230,000,000","182,600,000","196,600,000","236,800,000","463,200,000","436,600,000","419,666,000","461,050,000","456,894,000","396,798,000","434,160,000","434,106,000","448,281,000","388,858,000","347,343,000","465,461,000","475,691,000","344,021,000","305,362,000","312,018,000","322,062,000","283,777,000","270,524,000","281,313,000","299,812,000","254,310,000","279,156,000","276,359,000","286,311,000","215,414,000","172,947,000","179,537,000","194,618,000","169,958,000","183,771,000","197,702,000","183,632,000","157,640,000","172,692,000","184,305,000","186,638,000","149,358,000","155,397,000","156,869,000","167,944,000","137,222,000","148,613,000","155,273,000","156,307,000","125,298,000","129,172,000","134,043,000","142,919,000","108,112,000","120,294,000","163,663,000","120,450,000","99,096,000","111,805,000","159,979,000","127,693,000","92,926,000","222,900,000","162,800,000","118,600,000","85,300,000","39,700,000","153,800,000","137,600,000","110,900,000","151,300,000","176,900,000","126,500,000","108,900,000","108,700,000","152,700,000","122,100,000","101,600,000",,,,,,,,,,,,,,,,,,
	ResearchAndDevelopment,,,,,,,,,,,,,,,,,,,,,,,,,,,,,,,,,,,,,,,,,,,,,,,,,,,,,,,,,,,,,,,,,,,,,,,,,,,,,,,,,,,,,,,,,,,,,,,,,,,"3,998,000","3,560,000","2,816,000","3,997,000","3,124,000","3,277,000","2,363,000","4,039,000","4,656,000","3,368,000","3,322,000","3,538,000","4,217,000","3,313,000","2,197,000",,,,,,,,,,,,,,,,,,,,,,,,,,,,,,,,,,
	DepreciationAmortizationDepletionIncomeStatement,,,,,,,,,,,,,,,,,,,,,,,,,,,,,,,,,,,,,,,,,,,,,,,,,,,,,,,,,,,,,,,,,,,,,,,,,,,,,,,,,,,,,,,,,,,,,,,,,,,,,,,,,,,,,,,,,,"28,000,000","36,700,000","27,200,000","27,100,000","-2,400,000","48,200,000","34,800,000","34,200,000","36,200,000","44,600,000","63,100,000","30,300,000","31,700,000","40,100,000","29,300,000","29,300,000",,,,,,,,,,,,,,,,,,
		DepreciationAndAmortizationInIncomeStatement,,,,,,,,,,,,,,,,,,,,,,,,,,,,,,,,,,,,,,,,,,,,,,,,,,,,,,,,,,,,,,,,,,,,,,,,,,,,,,,,,,,,,,,,,,,,,,,,,,,,,,,,,,,,,,,,,,"28,000,000","36,700,000","27,200,000","27,100,000","-2,400,000","48,200,000","34,800,000","34,200,000","36,200,000","44,600,000","63,100,000","30,300,000","31,700,000","40,100,000","29,300,000","29,300,000",,,,,,,,,,,,,,,,,,
	OtherOperatingExpenses,,,,,,,,,,,,,,,,,,,,,,,,,,,,,,,,,,,,,,,,,,,,,,,,,,,,,,,,,,,,,,,,,,,,,,,,,,,,,,"4,465,000",,"-1,074,000","2,876,000",,"17,673,000",,,"5,155,000","-5,442,000","15,502,000",,,,,,"0","19,395,000",,,"0",,"-32,515,000","998,000","7,853,000","-6,712,000","5,200,000",,,,,,,,,,,,,,,,,,,,,,,,,,,,,,,,,,,,,,,,,,,
OperatingIncome,"1,498,900,000","192,200,000","528,800,000","589,800,000","188,100,000","246,900,000","568,000,000","522,300,000","-5,900,000","353,300,000","466,000,000","418,800,000","235,100,000","159,700,000","506,300,000","601,400,000","114,700,000","315,400,000","510,800,000","554,000,000","373,000,000","54,500,000","127,400,000","110,400,000","-7,700,000","38,800,000","166,300,000","142,500,000","4,600,000","71,000,000","211,800,000","177,400,000","28,900,000","87,600,000","193,400,000","189,600,000","-3,900,000","111,100,000","207,900,000","114,500,000","4,400,000","129,900,000","155,700,000","137,200,000","24,800,000","94,600,000","168,700,000","147,300,000","19,100,000","97,700,000","140,400,000","136,300,000","30,300,000","94,600,000","159,900,000","260,600,000","85,000,000","202,082,000","237,054,000","252,476,000","61,651,000","169,998,000","235,413,000","214,768,000","38,320,000","156,067,000","195,975,000","195,389,000","20,010,000","90,923,000","103,904,000","125,608,000","27,990,000","66,142,000","109,395,000","117,477,000","14,357,000","41,440,000","89,145,000","122,512,000","45,188,000","44,925,000","35,147,000","73,202,000","22,589,000","12,145,000","51,502,000","66,109,000","20,870,000","16,674,000","39,182,000","73,710,000","18,122,000","10,556,000","13,614,000","64,653,000","14,996,000","8,213,000","31,659,000","92,811,000","14,716,000","6,278,000","33,701,000","43,563,000","-2,523,000","10,346,000","40,325,000","27,220,000","2,037,000","16,806,000","32,706,000","46,573,000","12,078,000","-116,900,000","23,900,000","36,800,000","11,800,000","-14,700,000","49,700,000","34,200,000","4,200,000","-47,900,000","32,700,000","26,100,000","10,800,000","4,700,000","42,500,000","42,700,000","14,500,000","-1,299,000,000","583,300,000","425,500,000","324,100,000","-1,098,700,000","498,000,000","383,100,000","287,100,000","-969,100,000","432,800,000","357,900,000","266,900,000","-930,300,000","415,000,000","360,600,000","263,400,000","-912,000,000","405,300,000"
NetNonOperatingInterestIncomeExpense,"-258,300,000","-61,800,000","-63,300,000","-67,900,000","-65,300,000","-64,800,000","-67,900,000","-69,700,000","-68,900,000","-68,200,000","-65,600,000","-65,600,000","-73,300,000","-70,900,000","-67,400,000","-76,700,000","-83,200,000","-84,900,000","-72,600,000","-89,200,000","-96,600,000","-90,000,000","-91,400,000","-60,700,000","-65,700,000","-32,300,000","-26,800,000","-30,600,000","-29,200,000","-30,800,000","-31,300,000","-36,200,000","-35,400,000","-36,200,000","-17,800,000","-41,200,000","-74,900,000","-35,200,000","-54,400,000","-84,600,000","-23,800,000","-26,200,000","-27,300,000","-27,700,000","-26,800,000","-25,700,000","-23,900,000","-25,400,000","-24,400,000","-23,600,000","-22,500,000","-19,900,000","-19,900,000","-17,400,000","-21,600,000","-23,100,000","-23,900,000","-24,361,000","-24,229,000","-24,967,000","-26,318,000","-29,664,000","-28,268,000","-36,894,000","-31,955,000","-11,498,000","-40,232,000","-40,046,000","-21,827,000",,,,,,,,,,,,,,,,,,,,,,,,,,,,,,,,,,,,,,,,,,,,,,,,,,,,,,,,,,,,,,,,,,,,,,,,,,,,,,
	InterestIncomeNonOperating,"2,000,000",,,,,,,,,,,,,,,,,,,,,"21,100,000",,,,"2,200,000",,,,"2,800,000",,,,,,,,,,,,,,,,,,,,,,,,,,,,,,,,,,,,,,,"3,576,000",,,,,,,,,,,,,,,,,,,,,,,,,,,,,,,,,,,,,,,,,,,,,,,,,,,,,,,,,,,,,,,,,,,,,,,,,,,,,,
	InterestExpenseNonOperating,"260,300,000",,,,,,,,,,,,,,,,,,,,,"111,100,000",,,,"27,600,000",,,,"33,600,000",,,,,,,,,,,"23,800,000",,"27,300,000",,,"36,500,000","23,900,000","25,400,000","24,400,000","34,300,000","22,500,000","19,900,000","19,900,000","34,700,000","21,600,000","23,100,000","23,900,000","50,948,000","24,229,000","24,967,000","26,318,000","45,953,000","28,268,000","36,894,000","31,955,000","29,001,000","40,232,000",,"25,403,000",,,,,,,,,,,,,,,,,,,,,,,,,,,,,,,,,,,,,,,,,,,,,,,,,,,,,,,,,,,,,,,,,,,,,,,,,,,,,,
	TotalOtherFinanceCost,,"61,800,000","63,300,000","67,900,000","65,300,000",,"67,900,000","69,700,000","68,900,000","68,200,000","65,600,000","65,600,000","73,300,000","70,900,000","67,400,000","76,700,000","83,200,000","84,900,000","72,600,000","89,200,000","96,600,000","-154,400,000","91,400,000","60,700,000","65,700,000","-79,700,000","26,800,000","30,600,000","29,200,000",,"31,300,000","36,200,000","35,400,000","36,200,000","17,800,000","41,200,000","74,900,000","-149,800,000","54,400,000","84,600,000","23,800,000",,"27,300,000","27,700,000","26,800,000",,,,,,"22,500,000","19,900,000",,,,,,,,,,,,,,,,"40,046,000",,,,,,,,,,,,,,,,,,,,,,,,,,,,,,,,,,,,,,,,,,,,,,,,,,,,,,,,,,,,,,,,,,,,,,,,,,,,,,,
OtherIncomeExpense,"-1,600,000","-20,900,000","15,100,000","700,000","3,500,000","-1,519,400,000","-49,700,000","-50,900,000","-83,900,000","-78,500,000","-709,000,000","47,400,000","19,500,000","-19,500,000","-28,800,000","-1,700,000","325,900,000","-3,200,000","-6,600,000","-15,000,000","-3,400,000","2,469,800,000","187,400,000","147,200,000","254,100,000","35,700,000","-154,500,000","178,100,000","118,100,000","80,400,000","-213,700,000","188,100,000","176,100,000","93,900,000","-20,200,000","164,000,000","120,200,000","52,600,000","89,700,000","93,900,000","116,000,000","78,100,000","97,000,000","159,000,000","100,500,000","55,900,000","173,800,000","169,200,000","79,800,000","58,800,000","152,800,000","118,700,000","68,400,000","36,500,000","89,400,000","-109,900,000","-15,100,000","-23,697,000","-77,896,000","-10,437,000","-6,980,000","12,231,000","-22,032,000","-20,795,000","-29,072,000","12,622,000","-39,898,000","-84,787,000","-46,574,000","14,585,000","5,903,000","1,353,000","-1,373,000","2,106,000","-1,000","2,908,000","3,384,000","-326,000","1,552,000","-1,497,000","2,051,000","-2,846,000","5,546,000","7,018,000","6,973,000","-12,902,000","9,573,000","-11,124,000","3,226,000","-3,627,000","-3,532,000","1,769,000","1,440,000","2,465,000","-18,122,000","163,000","1,047,000","6,270,000","-519,000","31,538,000","-2,078,000","-2,811,000","6,712,000","-7,813,000","-2,584,000","24,351,000","-2,298,000","-1,105,000","-1,880,000","23,598,000","-1,266,000","-2,567,000","156,000","13,700,000","-3,700,000","-2,900,000","-3,400,000","15,300,000","-6,600,000","-4,600,000","-2,800,000","900,000","1,400,000","300,000","-600,000","-32,500,000","-3,700,000","-1,400,000","-2,200,000",,,,,,,,,,,,,,,,,,
	GainOnSaleOfSecurity,"-7,400,000",,,,,,,,,,,,,,,,,"-400,000","-2,400,000","1,500,000","-8,200,000","200,000","16,700,000","-10,600,000","3,700,000","2,400,000","3,700,000","2,700,000","-2,600,000","-3,900,000","-4,000,000","500,000","800,000","3,600,000","-5,300,000","-8,800,000","2,700,000",,,"-58,500,000",,,,,,,,,,,,,,,,,,,,,,,,,,,,,,,,,,,,,,,,,,,,,,,,,,,,,,,,,,,,,,,,,,,,,,,,,,,,,,,,,,,,,,,,,,,,,,,,,,,,,,,,,,,
	EarningsFromEquityInterest,,,,,,,,,,,,,,,,,,"0","0","0","0","9,700,000","156,900,000","191,900,000","142,400,000","46,200,000","135,300,000","205,500,000","129,300,000","90,000,000","158,900,000","190,100,000","122,800,000","100,700,000","148,300,000","172,600,000","117,400,000","74,400,000","132,000,000","185,600,000","118,900,000","85,500,000","99,400,000","171,800,000","101,200,000","66,200,000","135,300,000","163,600,000","91,000,000","49,600,000","101,200,000","134,100,000","97,100,000","49,100,000","106,500,000",,,,,,,,,,,,,,,,,,,,,,,,,,,,,,,,,,,,,,,,,,,,,,,,,,,,,,,,,,,,,,,,,,,,,,,,,,,,,,,,,,,,,,,,,,,,
	SpecialIncomeCharges,"-44,500,000","-27,200,000","2,600,000","-9,000,000","-10,900,000","-1,529,600,000","-59,700,000","-64,300,000","-86,600,000","-42,400,000","-703,300,000","49,900,000","-13,000,000","-6,300,000","-36,600,000","-10,500,000","314,800,000","-3,700,000","-4,100,000","-16,500,000","-3,800,000","2,456,600,000","13,700,000","-34,500,000","108,600,000","-13,400,000","-293,500,000","-30,400,000","-8,600,000","-6,600,000","-367,600,000","-2,700,000","52,500,000","-11,900,000","-163,000,000","-1,300,000","-300,000","55,500,000","-42,300,000","-33,200,000","-2,900,000","-7,400,000","-2,400,000","-12,800,000","-700,000","-10,300,000","38,500,000","5,600,000","-11,200,000","9,200,000","51,600,000","-15,400,000","-28,700,000","-12,600,000","-17,100,000","-109,900,000","-15,100,000","-23,697,000","-77,896,000","-10,437,000","-6,980,000","12,231,000","-22,032,000","-20,795,000","-29,072,000","12,622,000","-39,898,000","-84,787,000","-46,574,000","14,585,000","5,903,000","1,353,000","-1,373,000","2,106,000","-1,000","2,908,000","3,384,000","-326,000","1,552,000","-1,497,000","2,051,000","-2,846,000","5,546,000","7,018,000","6,973,000","-12,902,000","9,573,000","-11,124,000","3,226,000","-3,627,000","-3,532,000","1,769,000","1,440,000","2,465,000","-18,122,000","163,000","1,047,000","6,270,000","-519,000","31,538,000","-2,078,000","-2,811,000","6,712,000","-7,813,000","-2,584,000","24,351,000","-2,298,000","-1,105,000","-1,880,000","23,598,000","-1,266,000","-2,567,000","156,000","13,700,000","-3,700,000","-2,900,000","-3,400,000","15,300,000","-6,600,000","-4,600,000","-2,800,000","900,000","1,400,000","300,000","-600,000","-32,500,000","-3,700,000","-1,400,000","-2,200,000",,,,,,,,,,,,,,,,,,
		RestructuringAndMergernAcquisition,"5,800,000","-3,500,000","2,000,000","3,700,000","3,600,000","3,100,000","8,900,000","20,800,000","32,100,000","41,700,000","4,400,000","2,600,000","3,700,000","1,100,000","28,700,000","1,000,000","-324,100,000","-4,900,000","800,000","400,000","-2,000,000","-2,946,500,000","-400,000","-200,000","-1,600,000","5,600,000","500,000","13,400,000","-1,200,000","2,700,000","2,200,000","900,000","-57,400,000","26,800,000","9,200,000","500,000","5,700,000",,,,,,,,,,,,,,,,,,,,,,,,,,,,,,,,,,,,,,,,,,,,,,,"1,084,000",,,,,,"0","5,705,000",,,,,,,,,,,,,,,,,,,,,,,,,,,,,,,,,,,,,,,,,,,,,,,,,,,,,,,,
		ImpairmentOfCapitalAssets,"0","0","0","0",,"32,000,000","0","7,600,000","300,000","0","680,500,000","0","600,000","600,000","500,000","1,000,000","1,700,000","2,400,000","1,900,000","2,600,000","2,600,000","495,200,000","0","30,800,000","2,300,000","0","275,000,000","3,200,000","0","0","368,900,000","0","4,900,000","17,900,000","150,900,000","0",,,,,,,,,,,,,,,,,,,,,,,,,,,,,,,,,,,,,,,,,,,,,,,,,,,,,,,,,,,,,,,,,,,,,,,,,,,,,,,,,,,,,,,,,,,,,,,,,,,,,,,,,,,,,,,
		WriteOff,"13,500,000","13,500,000","0",,,"1,486,200,000","30,000,000","7,600,000",,"2,100,000","1,300,000",,,,,,,"0","0","0",,,,,,,,,,,,,,"-1,100,000","300,000","800,000",,,,,,,,,,,,,,,,,,,,,,,,,,,,,,,,,,,,,,,,,,,,,,,,,,,,,,,,,,,,,,,,,,,,,,,,,,,,,,,,,,,,,,,,,,,,,,,,,,,,,,,,,,,,,,,
		OtherSpecialCharges,,,,,"400,000",,"100,000",,,,,,,,,,,,,,,"0","-9,300,000",,,"0",,"-400,000","-2,000,000","-100,000","-3,500,000","1,800,000",,"-4,600,000","2,600,000",,"-4,200,000",,,"33,200,000",,,,,,,"-38,500,000",,,,,,,,,,,,,,,,,,,,,,,,,,,,,,,,,,,,,"-8,102,000",,,,,,"3,627,000","-2,173,000",,,,,,,,,,,,,,,,,,,,,,,,,,,,,,,,,,,,,,,,,,,,,,,,,,,,,,,,
		GainOnSaleOfBusiness,,,"11,400,000","0","-1,900,000",,"0",,,"12,300,000","-13,000,000","-300,000","-300,000","-5,800,000","-100,000","-1,200,000",,,,,,,,,,,,,,"0","0","0",,,,,,,,,,,,,,,,,,,,,,,,,,,,,,,,,,,,,,,,,,,,,,,,,,,,,,,,,,,,,,,,,,,,,,,,,,,,,,,,,,,,,,,,,,,,,,,,,,,,,,,,,,,,,,,,,,,
		GainOnSaleOfPPE,"-25,200,000","-8,100,000","-6,800,000","-5,300,000","-5,000,000","-8,400,000","-20,700,000","-35,900,000","-54,500,000","-10,900,000","-4,100,000","52,800,000","-9,000,000","600,000","-7,800,000","-8,300,000","-9,300,000","-8,600,000","-3,300,000","-16,100,000","-5,800,000","5,300,000","4,000,000","-3,900,000","107,000,000","-7,800,000","-18,000,000","-14,200,000","-11,800,000","-4,000,000","0","0","0","22,300,000","0","0","1,200,000",,,,,,,,,,,,,,,,,,,,,,,,,,,,,,,,,,,,,,,,,,,,,,,,,,,,,,,,,,,,,,,,,,,,,,,,,,,,,,,,,,,,,,,,,,,,,,,,,,,,,,,,,,,,,,
	OtherNonOperatingIncomeExpenses,"50,300,000","13,700,000","12,500,000","9,700,000","14,400,000","7,400,000","10,000,000","13,400,000","2,700,000","-15,700,000","-5,700,000","-2,500,000","32,500,000","18,700,000","7,800,000","8,800,000","11,100,000","900,000","-100,000",,"8,600,000","3,300,000","100,000","400,000","-600,000","500,000",,"300,000",,"900,000","-1,000,000","200,000",,"1,500,000","-200,000","1,500,000","400,000","-12,000,000",,,,,,,,,,,,,,,,,,,,,,,,,,,,,,,,,,,,,,,,,,,,,,,,,,,,,,,,,,,,,,,,,,,,,,,,,,,,,,,,,,,,,,,,,,,,,,,,,,,,,,,,,,,,,
PretaxIncome,"1,239,000,000","109,500,000","480,600,000","522,600,000","126,300,000","-1,337,300,000","450,400,000","401,700,000","-158,700,000","206,600,000","-308,600,000","400,600,000","181,300,000","69,300,000","410,100,000","523,000,000","357,400,000","227,300,000","431,600,000","449,800,000","273,000,000","2,434,300,000","223,400,000","196,900,000","180,700,000","42,200,000","-15,000,000","290,000,000","93,500,000","120,600,000","-33,200,000","329,300,000","169,600,000","145,300,000","155,400,000","312,400,000","41,400,000","128,500,000","243,200,000","123,800,000","96,600,000","181,800,000","225,400,000","268,500,000","98,500,000","124,800,000","318,600,000","291,100,000","74,500,000","132,900,000","270,700,000","235,100,000","78,800,000","113,700,000","227,700,000","127,600,000","46,000,000","154,024,000","134,929,000","217,072,000","28,353,000","152,565,000","185,113,000","157,079,000","-22,707,000","157,191,000","115,845,000","70,556,000","-48,391,000","85,628,000","97,539,000","113,936,000","11,079,000","53,909,000","95,755,000","102,894,000","1,260,000","30,328,000","74,581,000","106,725,000","44,966,000","25,514,000","62,717,000","80,220,000","29,562,000","19,309,000","55,633,000","70,487,000","24,096,000","19,976,000","35,650,000","75,479,000","19,562,000","15,354,000","14,887,000","64,816,000","16,043,000","10,283,000","31,140,000","91,834,000","13,636,000","6,934,000","32,198,000","40,950,000","-5,107,000","8,979,000","38,027,000","26,115,000","157,000","16,540,000","31,440,000","44,006,000","12,234,000","-118,900,000","20,000,000","33,800,000","8,400,000","-15,500,000","43,200,000","29,500,000","1,400,000","-47,600,000","34,300,000","26,300,000","10,200,000","-28,200,000","38,800,000","41,200,000","12,300,000",,,,,,,,,,,,,,,,,,
TaxProvision,"230,500,000","27,100,000","26,800,000","132,300,000","44,300,000","36,600,000","104,000,000","204,500,000","-43,300,000","40,400,000","90,700,000","70,400,000","32,200,000","-6,400,000","64,500,000","92,200,000","74,900,000","-386,100,000","145,300,000","123,000,000","64,600,000","993,200,000","19,600,000","21,200,000","20,600,000","7,900,000","-27,300,000","58,400,000","12,800,000","27,100,000","700,000","36,400,000","4,800,000","13,700,000","32,700,000","34,100,000","3,500,000","68,800,000","42,500,000","25,900,000","17,300,000","9,000,000","31,100,000","43,200,000","16,100,000","14,100,000","60,700,000","52,200,000","11,700,000","-86,000,000","25,300,000","47,300,000","-1,300,000","22,400,000","57,000,000","28,900,000","-5,500,000","-23,858,000","-5,692,000","28,423,000","5,313,000","37,180,000","57,628,000","-4,965,000","-7,438,000","21,167,000","7,372,000","37,418,000","-3,339,000","25,570,000","29,430,000","36,495,000","3,733,000","17,828,000","34,327,000","26,552,000","454,000","10,113,000","27,962,000","39,109,000","17,763,000","9,646,000","23,801,000","30,368,000","11,234,000","7,347,000","21,141,000","22,143,000","9,277,000","7,740,000","13,814,000","29,248,000","7,580,000","5,975,000","5,806,000","25,278,000","6,257,000","4,525,000","13,701,000","40,816,000","5,591,000","2,973,000","13,523,000","17,154,000","-2,100,000","3,700,000","15,400,000","10,935,000","65,000","6,600,000","14,100,000","20,100,000","5,300,000","-43,900,000","10,400,000","14,900,000","3,700,000","-7,800,000","18,400,000","11,700,000","600,000","-24,700,000","9,900,000","10,200,000","3,900,000","-10,700,000","15,300,000","16,100,000","4,600,000",,,,,,,,,,,,,,,,,,
NetIncomeCommonStockholders,"1,005,700,000","80,000,000","453,000,000","388,600,000","84,100,000","-1,369,800,000","342,800,000","195,000,000","-117,000,000","163,700,000","-402,800,000","329,400,000","151,400,000","76,000,000","338,300,000","424,100,000","278,100,000","609,600,000","280,000,000","323,300,000","201,300,000","1,438,400,000","202,500,000","172,300,000","158,800,000","32,800,000","16,600,000","229,000,000","81,100,000","94,100,000","-34,400,000","290,900,000","163,400,000","131,500,000","121,800,000","278,400,000","35,600,000","60,000,000","198,400,000","105,100,000","79,500,000","173,200,000","197,400,000","222,800,000","82,900,000","109,800,000","256,100,000","237,200,000","104,600,000","222,100,000","235,300,000","187,300,000","75,700,000","96,700,000","173,200,000","80,900,000","37,100,000","173,150,000","134,672,000","184,963,000","4,407,000","99,247,000","135,794,000","156,227,000","-30,237,000","22,384,000","108,198,000","38,546,000","-46,538,000","55,718,000","64,142,000","72,036,000","4,840,000","36,081,000","61,428,000","76,342,000","806,000","20,215,000","46,619,000","67,616,000","27,203,000","15,868,000","38,916,000","49,852,000","18,328,000","11,962,000","34,492,000","48,344,000","14,819,000","12,236,000","21,836,000","46,231,000","11,982,000","9,379,000","9,081,000","39,538,000","9,786,000","5,758,000","17,439,000","51,018,000","8,045,000","3,961,000","18,675,000","23,796,000","-3,007,000","5,279,000","22,627,000","15,180,000","92,000","9,940,000","17,340,000","23,906,000","6,934,000","-75,000,000","9,600,000","18,900,000","4,700,000","-46,700,000","24,800,000","19,100,000","800,000","-22,900,000","24,400,000","16,100,000","6,300,000","-17,500,000","23,500,000","25,100,000","7,700,000",,,,,,,,,,,,,,,,,,
	NetIncome,"1,005,700,000","80,000,000","453,000,000","388,600,000","84,100,000","-1,369,800,000","342,800,000","195,000,000","-117,000,000","163,700,000","-402,800,000","329,400,000","151,400,000","76,000,000","338,300,000","424,100,000","278,100,000","609,600,000","280,000,000","323,300,000","201,300,000","1,438,400,000","202,500,000","172,300,000","158,800,000","32,800,000","16,600,000","229,000,000","81,100,000","94,100,000","-34,400,000","290,900,000","163,400,000","131,500,000","121,800,000","278,400,000","35,600,000","60,000,000","198,400,000","105,100,000","79,500,000","173,200,000","197,400,000","222,800,000","82,900,000","109,800,000","256,100,000","237,200,000","104,600,000","222,100,000","235,300,000","187,300,000","75,700,000","96,700,000","173,200,000","80,900,000","37,100,000","173,150,000","134,672,000","184,963,000","4,407,000","99,247,000","135,794,000","156,227,000","-30,237,000","22,384,000","108,198,000","38,546,000","-46,538,000","55,718,000","64,142,000","72,036,000","4,840,000","36,081,000","61,428,000","76,342,000","806,000","20,215,000","46,619,000","67,616,000","27,203,000","15,868,000","38,916,000","49,852,000","18,328,000","11,962,000","34,492,000","48,344,000","14,819,000","12,236,000","21,836,000","46,231,000","11,982,000","9,379,000","9,081,000","39,538,000","9,786,000","5,758,000","17,439,000","51,018,000","8,045,000","3,961,000","18,675,000","23,796,000","-3,007,000","5,279,000","22,627,000","15,180,000","92,000","9,940,000","17,340,000","23,906,000","6,934,000","-75,000,000","9,600,000","18,900,000","4,700,000","-46,700,000","24,800,000","19,100,000","800,000","-22,900,000","24,400,000","16,100,000","6,300,000","-17,500,000","23,500,000","25,100,000","7,700,000",,,,,,,,,,,,,,,,,,
		NetIncomeIncludingNoncontrollingInterests,"1,008,500,000","82,400,000","453,800,000","390,300,000","82,000,000","-1,373,900,000","346,400,000","197,200,000","-115,400,000","166,200,000","-399,300,000","330,200,000","149,100,000","75,700,000","345,600,000","430,800,000","282,500,000","614,100,000","286,100,000","328,400,000","207,800,000","1,440,600,000","203,800,000","173,900,000","159,600,000","33,700,000","15,200,000","231,300,000","82,600,000","94,400,000","-32,600,000","293,100,000","162,900,000","131,900,000","123,600,000","280,000,000","37,000,000","59,600,000","201,400,000","98,700,000","79,400,000","173,600,000","197,000,000","223,800,000","82,700,000","109,200,000","257,000,000","238,300,000","105,400,000","222,800,000","236,400,000","187,800,000","76,200,000","97,300,000","173,900,000","86,300,000","42,500,000","174,853,000","140,179,000","189,268,000","8,210,000","102,533,000","140,894,000","160,629,000","-26,936,000","40,522,000","108,473,000","33,138,000","-45,052,000","60,058,000","68,109,000","77,441,000","7,346,000","36,081,000","61,428,000","76,342,000","806,000","20,215,000","46,619,000","67,616,000","27,203,000","15,868,000","38,916,000","49,852,000","18,328,000","11,962,000","34,492,000","48,344,000","14,819,000","12,236,000","21,836,000","46,231,000","11,982,000","9,379,000","9,081,000","39,538,000","9,786,000","5,758,000","17,439,000","51,018,000","8,045,000","3,961,000","18,675,000","23,796,000","-3,007,000","5,279,000","22,627,000","15,180,000","92,000","9,940,000","17,340,000","23,906,000","6,934,000","-75,000,000","9,600,000","18,900,000","4,700,000","-46,700,000","24,800,000","19,100,000","800,000","-22,900,000","24,400,000","16,100,000","6,300,000","-17,500,000","23,500,000","25,100,000","7,700,000","-20,000,000","21,000,000","16,900,000","-4,800,000","2,300,000","21,600,000","19,300,000","3,700,000","3,600,000","20,100,000","17,500,000","7,000,000","4,000,000","18,800,000","29,400,000","7,200,000","7,800,000","17,800,000"
			NetIncomeContinuousOperations,"1,008,500,000","82,400,000","453,800,000","390,300,000","82,000,000","-1,373,900,000","346,400,000","197,200,000","-115,400,000","166,200,000","-399,300,000","330,200,000","149,100,000","75,700,000","345,600,000","430,800,000","282,500,000","613,400,000","286,300,000","326,800,000","208,400,000","1,441,100,000","203,800,000","175,700,000","160,100,000","34,300,000","12,300,000","231,600,000","80,700,000","93,500,000","-33,900,000","292,900,000","164,800,000","131,600,000","122,700,000","278,300,000","37,900,000","59,700,000","200,700,000","97,900,000","79,300,000","172,800,000","194,300,000","225,300,000","82,400,000","110,700,000","257,900,000","238,900,000","62,800,000","218,900,000","245,400,000","187,800,000","80,100,000","91,300,000","170,700,000","98,700,000","51,500,000","177,882,000","140,621,000","188,649,000","23,040,000","115,385,000","127,485,000","162,044,000","-15,269,000","136,024,000","108,473,000","33,138,000","-45,052,000","55,718,000","64,142,000","72,036,000","4,840,000","36,081,000","61,428,000","76,342,000","806,000","20,215,000","46,619,000","67,616,000","27,203,000","15,868,000","38,916,000","49,852,000","18,328,000","11,962,000","34,492,000","48,344,000","14,819,000","12,236,000","21,836,000","46,231,000","11,982,000","9,379,000","9,081,000","39,538,000","9,786,000","5,758,000","17,439,000","51,018,000","8,045,000","3,961,000","18,675,000","23,796,000","-3,007,000","5,279,000","22,627,000","15,180,000","92,000","9,940,000","17,340,000","23,906,000","6,934,000","-75,000,000","9,600,000","18,900,000","4,700,000","-7,700,000","24,800,000","17,800,000","800,000","-22,900,000","24,400,000","16,100,000","6,300,000","-17,500,000","23,500,000","25,100,000","7,700,000","-20,000,000","21,000,000","16,900,000","-4,800,000","2,300,000","21,600,000","19,300,000","3,700,000","3,600,000","20,100,000","17,500,000","7,000,000","4,000,000","18,800,000","29,400,000","7,200,000","7,800,000","17,800,000"
			NetIncomeDiscontinuousOperations,,,,,,,,,,,,,,,,,,"700,000","-200,000","1,600,000","-600,000","-500,000","0","-1,800,000","-500,000","-600,000","2,900,000","-300,000","1,900,000","900,000","1,300,000","200,000","-1,900,000","300,000","900,000","1,700,000","-900,000","-100,000","700,000","800,000","100,000","800,000","2,700,000","-1,500,000","300,000","-1,500,000","-900,000","-600,000","42,600,000","3,900,000","-9,000,000","0","-3,900,000","6,000,000","3,200,000","-12,400,000","-9,000,000","-3,029,000","-442,000","619,000","-14,830,000","-12,852,000","13,409,000","-1,415,000","-11,667,000",,,,,,,,,,,,,,,,,,,,,,,,,,,,,,,,,,,,,,,,,,,,,,,,,,,,,,,,,,,,,,,,,,,,,,,,,,,,,,,,,,
			NetIncomeFromTaxLossCarryforward,,,,,,,,,,,,,,,,,,,,,,,,,,,,,,,,,,,,,,,,,,,,,,,,,,,,,,,,,,,,,,,,,,,,,,,,,,,,,,,,,,,,,,,,,,,,,,,,,,,,,,,,,,,,,,,,,,,,,,"-9,600,000",,"1,300,000",,,,,,,,,,,,,,,,,,,,,,,,,,,
		MinorityInterests,"-2,800,000","-2,400,000","-800,000","-1,700,000","2,100,000","4,100,000","-3,600,000","-2,200,000","-1,600,000","-2,500,000","-3,500,000","-800,000","2,300,000","300,000","-7,300,000","-6,700,000","-4,400,000","-4,500,000","-6,100,000","-5,100,000","-6,500,000","-2,200,000","-1,300,000","-1,600,000","-800,000","-900,000","1,400,000","-2,300,000","-1,500,000","-300,000","-1,800,000","-2,200,000","500,000","-400,000","-1,800,000","-1,600,000","-1,400,000","400,000","-3,000,000","6,400,000","100,000","-400,000","400,000","-1,000,000","200,000","600,000","-900,000","-1,100,000","-800,000","-700,000","-1,100,000","-500,000","-500,000","-600,000","-700,000","-5,400,000","-5,400,000","-1,703,000","-5,507,000","-4,305,000","-3,803,000","-3,286,000","-5,100,000","-4,402,000","-3,301,000","-18,138,000","-275,000","5,408,000","-1,486,000","-4,340,000","-3,967,000","-5,405,000","-2,506,000",,,,,,,,,,,,,,,,,,,,,,,,,,,,,,,,,,,,,,,,,,,,,,,,,,,,,,,,,,,,,,,,,,,,,,,,,,
DilutedNIAvailtoComStockholders,"1,005,700,000","80,000,000","453,000,000","388,600,000","84,100,000","-1,369,800,000","342,800,000","195,000,000","-117,000,000","163,700,000","-402,800,000","329,400,000","151,400,000","76,000,000","338,300,000","424,100,000","278,100,000","609,600,000","280,000,000","323,300,000","201,300,000","1,438,400,000","202,500,000","172,300,000","158,800,000","32,800,000","16,600,000","229,000,000","81,100,000","94,100,000","-34,400,000","290,900,000","163,400,000","131,500,000","121,800,000","278,400,000","35,600,000","60,000,000","198,400,000","105,100,000","79,500,000","173,200,000","197,400,000","222,800,000","82,900,000","109,800,000","256,100,000","237,200,000","104,600,000","222,100,000","235,300,000","187,300,000","75,700,000","96,700,000","173,200,000","80,900,000","37,100,000","173,150,000","134,672,000","184,963,000","4,407,000","99,247,000","135,794,000","156,227,000","-30,237,000","22,384,000","108,198,000","38,546,000","-46,538,000","55,718,000","64,142,000","72,036,000","4,840,000","36,081,000","61,428,000","76,342,000","806,000","20,215,000","46,619,000","67,616,000","27,203,000","15,868,000","38,916,000","49,852,000","18,328,000","11,962,000","34,492,000","48,344,000","14,819,000","12,236,000","21,836,000","46,231,000","11,982,000","9,379,000","9,081,000","39,538,000","9,786,000","5,758,000","17,439,000","51,018,000","8,045,000","3,961,000","18,675,000","23,796,000","-3,007,000","5,279,000","22,627,000","15,180,000","92,000","9,940,000","17,340,000","23,906,000","6,934,000","-75,000,000","9,600,000","18,900,000","4,700,000","-46,700,000","24,800,000","19,100,000","800,000","-22,900,000","24,400,000","16,100,000","6,300,000","-17,500,000","23,500,000","25,100,000","7,700,000",,,,,,,,,,,,,,,,,,
BasicEPS,,"0.37","2.09","1.79","0.39",,"1.58","0.9","-0.54","0.76","-1.86","1.52","0.7","0.35","1.57","1.96","1.29","2.73","1.3","1.5","0.94","6.7","0.94","0.8","0.78","0.18","0.09","1.23","0.44","0.5","-0.19","1.57","0.89","0.72","0.66","1.52","0.2","0.33","1.09","0.58","0.44",,"1.06","1.19","0.44",,"1.38","1.28","0.56",,"1.27","1.02","0.41",,"0.95","0.44","0.2",,"0.75","1.035","0.025",,"0.79","0.91","-0.175",,"0.635","0.225","-0.37",,"0.86","0.97","0.065",,"0.845","1.05","0.01",,"0.645","0.935","0.38",,"0.525","0.67","0.245",,"0.47","0.66","0.2",,"0.295","0.63","0.165",,"0.125","0.545","0.135",,"0.235","0.68","0.105",,"0.245","0.315","-0.04",,"0.295","0.2","0.001",,"0.225","0.315","0.09",,"0.125","0.25","0.06",,"0.33","0.255","0.01",,"0.325","0.215","0.085",,"0.315","0.34","0.105",,"0.285","0.23","-0.065",,"0.295","0.265","0.05",,"0.275","0.24","0.095",,"0.26","0.41","0.1",,"0.255"
DilutedEPS,,"0.37","2.08","1.79","0.39",,"1.58","0.9","-0.54","0.75","-1.86","1.52","0.7","0.35","1.56","1.96","1.28","2.72","1.29","1.49","0.93","6.65","0.94","0.8","0.78","0.18","0.09","1.23","0.43","0.5","-0.19","1.56","0.88","0.71","0.66","1.51","0.2","0.33","1.09","0.57","0.44",,"1.06","1.18","0.44",,"1.37","1.27","0.56",,"1.26","1.01","0.41",,"0.94","0.43","0.2",,"0.74","1.02","0.025",,"0.78","0.905","-0.175",,"0.63","0.225","-0.37",,"0.84","0.95","0.065",,"0.84","1.045","0.01",,"0.64","0.92","0.375",,"0.525","0.665","0.245",,"0.46","0.645","0.2",,"0.29","0.615","0.16",,"0.12","0.53","0.13",,"0.23","0.68","0.105",,"0.245","0.315","-0.04",,"0.295","0.2","0.001",,"0.225","0.315","0.09",,"0.125","0.25","0.06",,"0.33","0.255","0.01",,"0.325","0.215","0.085",,"0.315","0.34","0.105",,"0.285","0.23","-0.065",,"0.295","0.265","0.05",,"0.275","0.24","0.095",,"0.26","0.41","0.1",,"0.255"
BasicAverageShares,,"217,200,000","217,200,000","217,100,000","217,000,000",,"216,900,000","216,900,000","216,700,000","216,700,000","216,600,000","216,600,000","216,500,000","216,100,000","216,000,000","216,000,000","215,800,000","215,500,000","215,500,000","215,400,000","215,000,000","214,800,000","214,800,000","214,700,000","203,600,000","184,500,000","185,000,000","185,700,000","185,800,000","185,300,000","185,100,000","184,800,000","184,300,000","183,900,000","183,500,000","182,900,000","181,700,000","181,300,000","181,000,000","180,800,000","180,300,000",,"185,000,000","187,100,000","186,900,000",,"186,000,000","185,700,000","185,500,000",,"184,600,000","184,200,000","183,800,000",,"183,500,000","182,400,000","181,000,000",,"179,426,000","178,942,000","176,142,000",,"172,320,000","171,906,000","171,366,000",,"170,646,000","170,642,000","126,212,000",,"74,682,000","74,320,000","73,328,000",,"72,678,000","72,638,000","72,634,000",,"72,386,000","72,234,000","71,946,000",,"74,144,000","74,568,000","74,406,000",,"73,722,000","73,424,000","73,326,000",,"73,494,000","73,482,000","73,318,000",,"72,436,000","72,316,000","72,836,000",,"73,978,000","74,784,000","75,564,000",,"76,036,000","76,026,000","76,024,000",,"76,230,000","76,704,000","76,656,000",,"76,612,000","76,552,000","76,430,000",,"76,800,000","75,600,000","78,333,333",,"75,151,515","74,901,961","80,000,000",,"75,076,923","74,883,721","74,117,647",,"74,603,175","73,823,529","73,333,333",,"73,486,000","73,402,000","73,392,000",,"73,218,000","73,206,000","73,194,000",,"72,934,000","72,672,000","72,654,000",,"72,486,000","71,906,000","70,796,000",,"70,312,000"
DilutedAverageShares,,"217,600,000","217,600,000","217,600,000","217,400,000",,"217,000,000","217,000,000","216,700,000","217,000,000","216,600,000","216,900,000","216,900,000","216,700,000","216,600,000","216,500,000","216,600,000","216,500,000","216,500,000","216,400,000","216,500,000","216,400,000","216,300,000","215,700,000","204,800,000","185,700,000","186,000,000","186,500,000","186,900,000","186,500,000","185,100,000","185,900,000","185,500,000","185,000,000","184,600,000","184,100,000","182,900,000","182,200,000","182,000,000","181,600,000","181,700,000",,"186,200,000","188,800,000","188,700,000",,"187,400,000","187,400,000","187,200,000",,"186,200,000","185,400,000","184,900,000",,"185,700,000","186,000,000","184,500,000",,"181,707,000","181,242,000","178,240,000",,"173,566,000","173,052,000","171,366,000",,"171,800,000","171,856,000","126,212,000",,"76,250,000","75,724,000","74,554,000",,"73,150,000","73,048,000","73,116,000",,"73,074,000","73,368,000","72,540,000",,"74,474,000","75,040,000","75,376,000",,"75,114,000","74,670,000","74,432,000",,"74,866,000","74,870,000","75,104,000",,"74,948,000","74,640,000","74,830,000",,"76,212,000","74,784,000","75,564,000",,"76,036,000","76,026,000","76,024,000",,"76,230,000","76,704,000","76,656,000",,"76,612,000","76,552,000","76,430,000",,"76,800,000","75,600,000","78,333,333",,"75,151,515","74,901,961","80,000,000",,"75,076,923","74,883,721","74,117,647",,"74,603,175","73,823,529","73,333,333",,"73,486,000","73,402,000","73,392,000",,"73,218,000","73,206,000","73,194,000",,"72,934,000","72,672,000","72,654,000",,"72,486,000","71,906,000","70,796,000",,"70,312,000"
TotalOperatingIncomeAsReported,"1,454,400,000","165,000,000","531,400,000","580,800,000","177,200,000","-1,282,700,000","508,300,000","458,000,000","-92,500,000","310,900,000","-237,300,000","468,700,000","222,100,000","141,700,000","469,700,000","590,900,000","429,500,000","311,700,000","506,700,000","537,500,000","369,200,000","2,509,100,000","289,200,000","267,800,000","243,300,000","74,100,000","8,100,000","314,300,000","125,300,000","154,400,000","3,100,000","364,800,000","204,200,000","154,100,000","178,700,000","360,900,000","112,000,000","162,700,000","304,000,000","278,900,000","121,800,000","214,200,000","255,000,000","298,000,000","126,000,000","161,000,000","300,900,000","295,100,000","107,500,000","136,200,000","237,300,000","263,300,000","117,200,000","145,900,000","241,600,000","156,700,000","77,700,000","178,835,000","181,717,000","227,097,000","53,420,000","173,718,000","206,960,000","188,928,000","11,489,000","172,541,000","162,482,000","107,716,000","-20,690,000","90,923,000","103,904,000","125,608,000","27,990,000","66,142,000","109,395,000","117,477,000","14,357,000","41,440,000","89,145,000","122,512,000","45,188,000","21,751,000","35,147,000","72,118,000","22,589,000","12,145,000","51,502,000","66,109,000","20,870,000","16,674,000","33,477,000","73,710,000","18,122,000","10,556,000","13,614,000","64,653,000","14,996,000","8,213,000","31,659,000","92,811,000","14,716,000","6,278,000","33,701,000","43,563,000","-2,523,000","10,346,000","40,325,000","27,220,000","2,037,000","16,806,000","32,706,000","46,573,000","12,078,000","-116,900,000","23,900,000","36,800,000","11,800,000","-14,700,000","49,700,000","34,200,000","4,200,000","-47,900,000","32,700,000","26,100,000","10,800,000","4,700,000","42,500,000","42,700,000","14,500,000",,,,,,,,,,,,,,,,,,
TotalExpenses,"8,780,800,000","2,427,000,000","2,293,900,000","2,349,600,000","1,710,300,000","2,047,400,000","2,185,500,000","1,981,100,000","2,108,700,000","2,132,900,000","2,375,600,000","2,529,500,000","2,068,200,000","2,259,000,000","2,427,900,000","2,483,800,000","2,216,800,000","2,264,200,000","2,372,400,000","2,537,300,000","2,075,700,000","2,239,500,000","820,200,000","875,800,000","664,900,000","805,600,000","851,100,000","863,200,000","695,400,000","902,800,000","956,200,000","1,011,100,000","787,100,000","940,800,000","977,800,000","988,400,000","832,400,000","919,100,000","987,600,000","884,900,000","687,000,000","807,400,000","798,700,000","796,400,000","665,600,000","740,500,000","706,300,000","736,000,000","641,900,000","723,100,000","713,300,000","662,600,000","528,700,000","644,500,000","761,200,000","1,496,800,000","1,271,600,000","1,398,224,000","1,448,354,000","1,423,791,000","1,166,960,000","1,361,292,000","1,341,411,000","1,368,257,000","1,115,526,000","1,078,519,000","1,400,887,000","1,415,924,000","1,044,135,000","1,036,382,000","1,000,402,000","1,025,086,000","895,521,000","956,730,000","939,329,000","982,899,000","813,784,000","939,693,000","912,453,000","901,457,000","694,134,000","513,474,000","599,516,000","619,498,000","521,111,000","720,394,000","551,773,000","548,040,000","443,582,000","480,517,000","504,843,000","501,858,000","421,740,000","433,528,000","485,746,000","477,291,000","399,149,000","404,418,000","458,040,000","428,015,000","384,279,000","401,287,000","419,812,000","458,863,000","371,252,000","371,052,000","527,557,000","372,291,000","324,551,000","339,615,000","522,875,000","385,643,000","306,375,000","454,200,000","511,700,000","376,100,000","284,200,000","31,500,000","593,000,000","473,700,000","379,300,000","466,200,000","631,700,000","433,900,000","363,900,000","381,900,000","564,600,000","432,700,000","379,800,000",,,,,,,,,,,,,,,,,,
NetIncomeFromContinuingAndDiscontinuedOperation,"1,005,700,000","80,000,000","453,000,000","388,600,000","84,100,000","-1,369,800,000","342,800,000","195,000,000","-117,000,000","163,700,000","-402,800,000","329,400,000","151,400,000","76,000,000","338,300,000","424,100,000","278,100,000","609,600,000","280,000,000","323,300,000","201,300,000","1,438,400,000","202,500,000","172,300,000","158,800,000","32,800,000","16,600,000","229,000,000","81,100,000","94,100,000","-34,400,000","290,900,000","163,400,000","131,500,000","121,800,000","278,400,000","35,600,000","60,000,000","198,400,000","105,100,000","79,500,000","173,200,000","197,400,000","222,800,000","82,900,000","109,800,000","256,100,000","237,200,000","104,600,000","222,100,000","235,300,000","187,300,000","75,700,000","96,700,000","173,200,000","80,900,000","37,100,000","173,150,000","134,672,000","184,963,000","4,407,000","99,247,000","135,794,000","156,227,000","-30,237,000","26,060,000","108,198,000","38,546,000","-46,538,000","55,718,000","64,142,000","72,036,000","4,840,000","36,081,000","61,428,000","76,342,000","806,000","20,215,000","46,619,000","67,616,000","27,203,000","15,868,000","38,916,000","49,852,000","18,328,000","11,962,000","34,492,000","48,344,000","14,819,000","12,236,000","21,836,000","46,231,000","11,982,000","9,379,000","9,081,000","39,538,000","9,786,000","5,758,000","17,439,000","51,018,000","8,045,000","3,961,000","18,675,000","23,796,000","-3,007,000","5,279,000","22,627,000","15,180,000","92,000","9,940,000","17,340,000","23,906,000","6,934,000","-75,000,000","9,600,000","18,900,000","4,700,000","-37,100,000","24,800,000","17,800,000","800,000","-22,900,000","24,400,000","16,100,000","6,300,000","-17,500,000","23,500,000","25,100,000","7,700,000",,,,,,,,,,,,,,,,,,
NormalizedIncome,"1,047,946,600","106,036,894.977","450,556,000","395,350,000","91,185,000","-255,236,000","388,769,000","241,939,000","-53,782,000","214,219,651.5","110,609,000","288,482,000","162,060,000","103,886,000","369,044,000","432,710,000","29,408,000","611,360,000","284,490,000","332,650,000","211,020,000","-35,180,000","174,836,000","214,239,000","59,353,000","42,340,758.294","187,580,000","251,460,000","88,832,000","101,340,547.264","328,468,000","292,658,000","113,599,000","138,717,412.251","253,857,000","285,689,000","34,292,000","78,040,000","232,607,935.855","176,815,589.661","81,780,641.822","179,433,663.366","196,768,855.368","235,040,558.659","83,185,583.756","120,436,298.077","225,835,059.636","233,204,191","71,441,073.826","212,220,000","197,522,608.053","199,601,658.869","98,255,000","100,817,678.1","182,819,367.589","178,308,855.799","55,915,000","191,582,050","185,746,400","193,414,398.822","24,909,034.705","102,848,687.445","137,558,161.907","170,119,000","979,053.948","106,963,651.214","145,557,020.709","89,418,200","-3,177,626.211","45,488,332.952","60,020,085.412","71,116,381.328","5,750,376.207","34,671,465.674","61,428,641.512","74,184,415.146","-1,358,685.714","20,432,293.92","45,648,877.744","68,564,429.628","25,962,210.226","17,638,021.478","35,474,698.024","45,490,726.801","14,004,843.786","19,954,838.78","28,556,819.154","55,973,472.896","12,835,015.355","14,457,664.598","23,999,387.153","45,147,484.863","11,099,979.757","7,873,253.289","20,135,334.789","39,438,569.396","9,147,345.01","1,996,000","17,750,400","32,095,200","9,291,800","5,647,600","14,647,800","28,483,800","-1,456,600","-9,331,600","24,005,800","15,843,000","1,220,000","-4,241,627.57","18,099,600","25,446,200","6,840,400","-83,641,715.728","11,820,000","20,640,000","6,740,000","-16,880,000","28,760,000","20,575,593.22","2,480,000","-23,440,000","23,404,081.633","15,916,349.81","6,670,588.235","2,668,439.716","25,740,979.381","25,952,912.621","9,077,235.772",,,,,,,,,,,,,,,,,,
InterestIncome,"2,000,000",,,,,,,,,,,,,,,,,,,,,"21,100,000",,,,"2,200,000",,,,"2,800,000",,,,,,,,,,,,,,,,,,,,,,,,,,,,,,,,,,,,,,,"3,576,000",,,,,,,,,,,,,,,,,,,,,,,,,,,,,,,,,,,,,,,,,,,,,,,,,,,,,,,,,,,,,,,,,,,,,,,,,,,,,,
InterestExpense,"260,300,000",,,,,,,,,,,,,,,,,,,,,"111,100,000",,,,"27,600,000",,,,"33,600,000",,,,,,,,,,,"23,800,000",,"27,300,000",,,"36,500,000","23,900,000","25,400,000","24,400,000","34,300,000","22,500,000","19,900,000","19,900,000","34,700,000","21,600,000","23,100,000","23,900,000","50,948,000","24,229,000","24,967,000","26,318,000","45,953,000","28,268,000","36,894,000","31,955,000","29,001,000","40,232,000",,"25,403,000",,,,,,,,,,,,,,,,,,,,,,,,,,,,,,,,,,,,,,,,,,,,,,,,,,,,,,,,,,,,,,,,,,,,,,,,,,,,,,
NetInterestIncome,"-258,300,000","-61,800,000","-63,300,000","-67,900,000","-65,300,000","-64,800,000","-67,900,000","-69,700,000","-68,900,000","-68,200,000","-65,600,000","-65,600,000","-73,300,000","-70,900,000","-67,400,000","-76,700,000","-83,200,000","-84,900,000","-72,600,000","-89,200,000","-96,600,000","-90,000,000","-91,400,000","-60,700,000","-65,700,000","-32,300,000","-26,800,000","-30,600,000","-29,200,000","-30,800,000","-31,300,000","-36,200,000","-35,400,000","-36,200,000","-17,800,000","-41,200,000","-74,900,000","-35,200,000","-54,400,000","-84,600,000","-23,800,000","-26,200,000","-27,300,000","-27,700,000","-26,800,000","-25,700,000","-23,900,000","-25,400,000","-24,400,000","-23,600,000","-22,500,000","-19,900,000","-19,900,000","-17,400,000","-21,600,000","-23,100,000","-23,900,000","-24,361,000","-24,229,000","-24,967,000","-26,318,000","-29,664,000","-28,268,000","-36,894,000","-31,955,000","-11,498,000","-40,232,000","-40,046,000","-21,827,000",,,,,,,,,,,,,,,,,,,,,,,,,,,,,,,,,,,,,,,,,,,,,,,,,,,,,,,,,,,,,,,,,,,,,,,,,,,,,,
EBIT,"1,499,300,000","192,600,000","528,800,000","589,800,000","188,100,000","-1,453,700,000","568,000,000","522,300,000","-5,900,000","-359,100,000","466,000,000","418,800,000","235,100,000","443,600,000","506,300,000","601,400,000","114,700,000","293,200,000","510,800,000","554,000,000","373,000,000","3,076,800,000","127,400,000","110,400,000","-7,700,000","217,600,000","166,300,000","142,500,000","4,600,000","313,200,000","211,800,000","177,400,000","28,900,000","459,200,000","193,400,000","189,600,000","-3,900,000","461,600,000","207,900,000","114,500,000","4,400,000","575,200,000","155,700,000","137,200,000","24,800,000","161,300,000","342,500,000","316,500,000","98,900,000","167,200,000","293,200,000","255,000,000","98,700,000","148,400,000","249,300,000","150,700,000","69,900,000","204,972,000","159,158,000","242,039,000","54,671,000","198,518,000","213,381,000","193,973,000","9,248,000","186,192,000","156,077,000","195,389,000","-22,988,000","90,923,000","103,904,000","125,608,000","27,990,000","66,142,000","109,395,000","117,477,000","14,357,000","41,440,000","89,145,000","122,512,000","45,188,000","44,925,000","35,147,000","73,202,000","22,589,000","12,145,000","51,502,000","66,109,000","20,870,000","16,674,000","39,182,000","73,710,000","18,122,000","10,556,000","13,614,000","64,653,000","14,996,000","8,213,000","31,659,000","92,811,000","14,716,000","6,278,000","33,701,000","43,563,000","-2,523,000","10,346,000","40,325,000","27,220,000","2,037,000","16,806,000","32,706,000","46,573,000","12,078,000","-116,900,000","23,900,000","36,800,000","11,800,000","-14,700,000","49,700,000","34,200,000","4,200,000","-47,900,000","32,700,000","26,100,000","10,800,000","4,700,000","42,500,000","42,700,000","14,500,000","-1,299,000,000","583,300,000","425,500,000","324,100,000","-1,098,700,000","498,000,000","383,100,000","287,100,000","-969,100,000","432,800,000","357,900,000","266,900,000","-930,300,000","415,000,000","360,600,000","263,400,000","-912,000,000","405,300,000"
EBITDA,"2,285,400,000"
ReconciledCostOfRevenue,"6,226,300,000","1,761,900,000","1,629,100,000","1,667,900,000","1,167,400,000","1,399,100,000","1,551,000,000","1,456,600,000","1,479,000,000","1,520,000,000","1,685,400,000","1,759,800,000","1,413,000,000","1,596,000,000","1,714,000,000","1,739,100,000","1,535,700,000","1,498,600,000","1,589,600,000","1,756,100,000","1,372,900,000","1,485,600,000","541,300,000","562,200,000","414,000,000","542,900,000","585,900,000","579,900,000","454,800,000","620,200,000","666,600,000","683,300,000","523,200,000","644,400,000","670,000,000","684,100,000","547,100,000","646,600,000","687,000,000","580,100,000","438,800,000","547,500,000","550,500,000","523,900,000","427,200,000","475,600,000","457,400,000","474,800,000","404,400,000","475,600,000","472,600,000","432,600,000","346,100,000","447,900,000","524,400,000","1,033,600,000","835,000,000","978,558,000","987,304,000","966,897,000","770,162,000","927,132,000","907,305,000","919,976,000","726,668,000","731,176,000","935,426,000","940,233,000","700,114,000","738,542,000","688,384,000","703,024,000","611,744,000","686,206,000","658,016,000","683,087,000","559,474,000","656,072,000","636,094,000","616,220,000","475,844,000","359,284,000","402,306,000","424,880,000","351,153,000","531,468,000","359,513,000","348,906,000","285,942,000","307,825,000","320,538,000","315,220,000","272,382,000","278,131,000","309,482,000","309,347,000","261,927,000","266,179,000","298,769,000","300,663,000","255,167,000","260,265,000","289,357,000","307,467,000","260,777,000","261,919,000","359,238,000","248,473,000","222,133,000","238,221,000","358,679,000","254,637,000","211,252,000","203,300,000","312,200,000","230,300,000","171,800,000","-5,800,000","391,000,000","301,300,000","234,200,000","278,700,000","410,200,000","274,600,000","224,700,000","241,500,000","371,800,000","281,300,000","248,900,000",,,,,,,,,,,,,,,,,,
ReconciledDepreciation,"786,100,000","181,900,000","200,300,000","201,600,000","202,300,000","207,100,000","220,700,000","237,700,000","256,500,000","217,600,000","211,700,000","216,800,000","212,900,000","213,300,000","214,600,000","215,900,000","213,700,000","208,500,000","208,300,000","198,900,000","197,100,000","184,100,000","66,600,000","70,200,000","67,500,000","72,500,000","83,000,000","81,400,000","77,500,000","80,000,000","74,600,000","77,200,000","81,200,000","82,400,000","77,200,000","80,700,000","80,200,000","80,700,000","80,200,000","58,400,000","53,400,000","55,800,000","54,200,000","56,100,000","51,000,000","68,500,000","41,800,000","45,000,000","47,000,000","52,100,000","46,500,000","44,400,000","44,400,000","49,000,000","57,200,000","84,900,000","82,300,000","90,947,000","87,456,000","84,041,000","83,399,000","99,898,000","110,242,000","116,990,000","111,224,000","95,584,000","108,221,000","105,748,000","83,261,000","66,148,000","67,706,000","66,266,000","68,257,000","63,709,000","62,474,000","60,097,000","57,331,000","56,307,000","65,272,000","64,010,000","44,710,000","31,093,000","29,979,000","29,497,000","30,522,000","33,293,000","31,827,000","33,560,000","30,603,000","31,464,000","27,940,000","33,792,000","30,574,000","29,147,000","28,897,000","29,309,000","28,462,000","28,903,000","29,100,000","28,882,000","30,281,000","30,698,000","31,036,000","30,482,000","28,905,000","28,649,000","37,217,000","28,884,000","28,080,000","28,829,000","37,317,000","27,569,000","27,078,000","28,000,000","36,700,000","27,200,000","27,100,000","-2,400,000","48,200,000","34,800,000","34,200,000","36,200,000","44,600,000","32,800,000","30,300,000","31,700,000","40,100,000","29,300,000","29,300,000",,,,,,,,,,,,,,,,,,
NetIncomeFromContinuingOperationNetMinorityInterest,"1,005,700,000","80,000,000","453,000,000","388,600,000","84,100,000","-1,369,800,000","342,800,000","195,000,000","-117,000,000","163,700,000","-402,800,000","329,400,000","151,400,000","76,000,000","338,300,000","424,100,000","278,100,000","608,900,000","280,200,000","321,700,000","201,900,000","1,438,900,000","202,500,000","174,100,000","159,300,000","33,400,000","13,700,000","229,300,000","79,200,000","93,200,000","-35,700,000","290,700,000","165,300,000","131,200,000","120,900,000","276,700,000","36,500,000","60,100,000","197,700,000","104,300,000","79,400,000","172,400,000","194,700,000","224,300,000","82,600,000","111,300,000","257,000,000","237,800,000","62,000,000","218,200,000","244,300,000","187,300,000","79,600,000","90,700,000","170,000,000","93,300,000","46,100,000","176,179,000","135,114,000","184,344,000","19,237,000","112,099,000","122,385,000","157,642,000","-18,570,000","117,886,000","108,198,000","38,546,000","-46,538,000","55,718,000","64,142,000","72,036,000","4,840,000","36,081,000","61,428,000","76,342,000","806,000","20,215,000","46,619,000","67,616,000","27,203,000","15,868,000","38,916,000","49,852,000","18,328,000","11,962,000","34,492,000","48,344,000","14,819,000","12,236,000","21,836,000","46,231,000","11,982,000","9,379,000","9,081,000","39,538,000","9,786,000","5,758,000","17,439,000","51,018,000","8,045,000","3,961,000","18,675,000","23,796,000","-3,007,000","5,279,000","22,627,000","15,180,000","92,000","9,940,000","17,340,000","23,906,000","6,934,000","-75,000,000","9,600,000","18,900,000","4,700,000","-7,700,000","24,800,000","17,800,000","800,000","-22,900,000","24,400,000","16,100,000","6,300,000","-17,500,000","23,500,000","25,100,000","7,700,000",,,,,,,,,,,,,,,,,,
TotalUnusualItemsExcludingGoodwill,"-51,900,000","-34,600,000","2,600,000","-9,000,000","-10,900,000","-1,526,800,000","-59,700,000","-64,300,000","-86,600,000","-62,800,000","-703,300,000","49,900,000","-13,000,000","-38,200,000","-36,600,000","-10,500,000","314,800,000","-4,100,000","-6,500,000","-15,000,000","-12,000,000","2,456,800,000","30,400,000","-45,100,000","112,300,000","-11,000,000","-289,800,000","-27,700,000","-11,200,000","-10,500,000","-371,600,000","-2,200,000","53,300,000","-8,300,000","-168,300,000","-10,100,000","2,400,000","-27,600,000","-42,300,000","-91,700,000","-2,900,000","-7,400,000","-2,400,000","-12,800,000","-700,000","-10,300,000","38,500,000","5,600,000","-11,200,000","9,200,000","51,600,000","-15,400,000","-28,700,000","-12,600,000","-17,100,000","-109,900,000","-15,100,000","-23,697,000","-77,896,000","-10,437,000","-6,980,000","12,231,000","-22,032,000","-20,795,000","-29,072,000","12,622,000","-39,898,000","-84,787,000","-46,574,000","14,585,000","5,903,000","1,353,000","-1,373,000","2,106,000","-1,000","2,908,000","3,384,000","-326,000","1,552,000","-1,497,000","2,051,000","-2,846,000","5,546,000","7,018,000","6,973,000","-12,902,000","9,573,000","-11,124,000","3,226,000","-3,627,000","-3,532,000","1,769,000","1,440,000","2,465,000","-18,122,000","163,000","1,047,000","6,270,000","-519,000","31,538,000","-2,078,000","-2,811,000","6,712,000","-7,813,000","-2,584,000","24,351,000","-2,298,000","-1,105,000","-1,880,000","23,598,000","-1,266,000","-2,567,000","156,000","13,700,000","-3,700,000","-2,900,000","-3,400,000","15,300,000","-6,600,000","-4,600,000","-2,800,000","900,000","1,400,000","300,000","-600,000","-32,500,000","-3,700,000","-1,400,000","-2,200,000",,,,,,,,,,,,,,,,,,
TotalUnusualItems,"-51,900,000","-34,600,000","2,600,000","-9,000,000","-10,900,000","-1,526,800,000","-59,700,000","-64,300,000","-86,600,000","-62,800,000","-703,300,000","49,900,000","-13,000,000","-38,200,000","-36,600,000","-10,500,000","314,800,000","-4,100,000","-6,500,000","-15,000,000","-12,000,000","2,456,800,000","30,400,000","-45,100,000","112,300,000","-11,000,000","-289,800,000","-27,700,000","-11,200,000","-10,500,000","-371,600,000","-2,200,000","53,300,000","-8,300,000","-168,300,000","-10,100,000","2,400,000","-27,600,000","-42,300,000","-91,700,000","-2,900,000","-7,400,000","-2,400,000","-12,800,000","-700,000","-10,300,000","38,500,000","5,600,000","-11,200,000","9,200,000","51,600,000","-15,400,000","-28,700,000","-12,600,000","-17,100,000","-109,900,000","-15,100,000","-23,697,000","-77,896,000","-10,437,000","-6,980,000","12,231,000","-22,032,000","-20,795,000","-29,072,000","12,622,000","-39,898,000","-84,787,000","-46,574,000","14,585,000","5,903,000","1,353,000","-1,373,000","2,106,000","-1,000","2,908,000","3,384,000","-326,000","1,552,000","-1,497,000","2,051,000","-2,846,000","5,546,000","7,018,000","6,973,000","-12,902,000","9,573,000","-11,124,000","3,226,000","-3,627,000","-3,532,000","1,769,000","1,440,000","2,465,000","-18,122,000","163,000","1,047,000","6,270,000","-519,000","31,538,000","-2,078,000","-2,811,000","6,712,000","-7,813,000","-2,584,000","24,351,000","-2,298,000","-1,105,000","-1,880,000","23,598,000","-1,266,000","-2,567,000","156,000","13,700,000","-3,700,000","-2,900,000","-3,400,000","15,300,000","-6,600,000","-4,600,000","-2,800,000","900,000","1,400,000","300,000","-600,000","-32,500,000","-3,700,000","-1,400,000","-2,200,000",,,,,,,,,,,,,,,,,,
NormalizedEBITDA,"2,337,300,000","409,100,000","726,500,000","800,400,000","401,300,000","280,200,000","848,400,000","824,300,000","337,200,000","-78,700,000","1,381,000,000","585,700,000","461,000,000","695,100,000","757,500,000","827,800,000","13,600,000","505,800,000","725,600,000","767,900,000","582,100,000","804,100,000","163,600,000","225,700,000","-52,500,000","301,100,000","539,100,000","251,600,000","93,300,000","403,700,000","658,000,000","256,800,000","56,800,000","549,900,000","438,900,000","280,400,000","73,900,000","569,900,000","330,400,000","264,600,000","60,700,000","638,400,000","212,300,000","206,100,000","76,500,000","240,100,000","345,800,000","355,900,000","157,100,000","210,100,000","288,100,000","314,800,000","171,800,000","210,000,000","323,600,000","345,500,000","167,300,000","319,616,000","324,510,000","336,517,000","145,050,000","286,185,000","345,655,000","331,758,000","149,544,000","269,154,000","304,196,000","385,924,000","106,847,000","142,486,000","165,707,000","190,521,000","97,620,000","127,745,000","171,870,000","174,666,000","68,304,000","98,073,000","152,865,000","188,019,000","87,847,000","78,864,000","59,580,000","95,681,000","46,138,000","58,340,000","73,756,000","110,793,000","48,247,000","51,765,000","70,654,000","105,733,000","47,256,000","37,238,000","60,633,000","93,799,000","42,411,000","30,846,000","61,278,000","90,155,000","47,075,000","39,787,000","58,025,000","81,858,000","28,966,000","14,644,000","79,840,000","57,209,000","31,997,000","22,037,000","71,289,000","76,709,000","39,000,000","-102,600,000","64,300,000","66,900,000","42,300,000","-32,400,000","104,500,000","73,600,000","41,200,000","-12,600,000","75,900,000","88,900,000","41,700,000","68,900,000","86,300,000","73,400,000","46,000,000","-1,299,000,000","583,300,000","425,500,000","324,100,000","-1,098,700,000","498,000,000","383,100,000","287,100,000","-969,100,000","432,800,000","357,900,000","266,900,000","-930,300,000","415,000,000","360,600,000","263,400,000","-912,000,000","405,300,000"
TaxRateForCalcs,"0.186","0.247","0.06","0.25","0.35","0.27","0.23","0.27","0.27","0.196","0.27","0.18","0.18","0.27","0.16","0.18","0.21","0.4","0.34","0.27","0.24","0.4","0.09","0.11","0.11","0.187","0.4","0.2","0.14","0.225","0.02","0.11","0.03","0.094","0.21","0.11","0.08","0.35","0.175","0.209","0.179","0.05","0.138","0.161","0.163","0.113","0.191","0.179","0.157","0.35","0.093","0.201","0.35","0.197","0.25","0.226","0.35","0.35","0.35","0.131","0.187","0.244","0.311","0.4","0.328","0.135","0.064","0.4","0.069","0.299","0.302","0.32","0.337","0.331","0.358","0.258","0.36","0.333","0.375","0.366","0.395","0.378","0.379","0.379","0.38","0.38","0.38","0.314","0.385","0.387","0.387","0.387","0.387","0.389","0.39","0.39","0.39","0.4","0.4","0.4","0.4","0.4","0.4","0.4","0.4","0.4","0.4","0.4","0.4","0.399","0.4","0.4","0.4","0.369","0.4","0.4","0.4","0.4","0.4","0.397","0.4","0.4","0.289","0.388","0.382","0.379","0.394","0.391","0.374",,,,,,,,,,,,,,,,,,
TaxEffectOfUnusualItems,"-9,653,400","-8,563,105.023","156,000","-2,250,000","-3,815,000","-412,236,000","-13,731,000","-17,361,000","-23,382,000","-12,280,348.5","-189,891,000","8,982,000","-2,340,000","-10,314,000","-5,856,000","-1,890,000","66,108,000","-1,640,000","-2,210,000","-4,050,000","-2,880,000","982,720,000","2,736,000","-4,961,000","12,353,000","-2,059,241.706","-115,920,000","-5,540,000","-1,568,000","-2,359,452.736","-7,432,000","-242,000","1,599,000","-782,587.749","-35,343,000","-1,111,000","192,000","-9,660,000","-7,392,064.145","-19,184,410.339","-519,358.178","-366,336.634","-331,144.632","-2,059,441.341","-114,416.244","-1,163,701.923","7,335,059.636","1,004,191","-1,758,926.174","3,220,000","4,822,608.053","-3,098,341.131","-10,045,000","-2,482,321.9","-4,280,632.411","-24,891,144.201","-5,285,000","-8,293,950","-27,263,600","-1,366,601.178","-1,307,965.295","2,980,687.445","-6,858,838.093","-8,318,000","-9,522,946.052","1,699,651.214","-2,538,979.291","-33,914,800","-3,213,626.211","4,355,332.952","1,781,085.412","433,381.328","-462,623.793","696,465.674","-358.488","750,415.146","1,219,314.286","-108,706.08","581,877.744","-548,570.372","810,210.226","-1,075,978.522","2,104,698.024","2,656,726.801","2,649,843.786","-4,909,161.22","3,637,819.154","-3,494,527.104","1,242,015.355","-1,405,335.402","-1,368,612.847","685,484.863","557,979.757","959,253.289","-7,067,665.211","63,569.396","408,345.01","2,508,000","-207,600","12,615,200","-831,200","-1,124,400","2,684,800","-3,125,200","-1,033,600","9,740,400","-919,200","-442,000","-752,000","9,416,372.43","-506,400","-1,026,800","62,400","5,058,284.272","-1,480,000","-1,160,000","-1,360,000","6,120,000","-2,640,000","-1,824,406.78","-1,120,000","360,000","404,081.633","116,349.81","-229,411.765","-12,331,560.284","-1,459,020.619","-547,087.379","-822,764.228",,,,,,,,,,,,,,,,,,