name,ttm,12/31/2021,09/30/2021,06/30/2021,03/31/2021,12/31/2020,09/30/2020,06/30/2020,03/31/2020,12/31/2019,09/30/2019,06/30/2019,03/31/2019,12/31/2018,09/30/2018,06/30/2018,03/31/2018,12/31/2017,09/30/2017,06/30/2017,03/31/2017,12/31/2016,09/30/2016,06/30/2016,03/31/2016,12/31/2015,09/30/2015,06/30/2015,03/31/2015,12/31/2014,09/30/2014,06/30/2014,03/31/2014,12/31/2013,09/30/2013,06/30/2013,03/31/2013,12/31/2012,09/30/2012,06/30/2012,03/31/2012,12/31/2011,09/30/2011,06/30/2011,03/31/2011,12/31/2010,09/30/2010,06/30/2010,03/31/2010,12/31/2009,09/30/2009,06/30/2009,03/31/2009,12/31/2008,09/30/2008,06/30/2008,03/31/2008,12/31/2007,09/30/2007,06/30/2007,03/31/2007,12/31/2006,09/30/2006,06/30/2006,03/31/2006,12/31/2005,09/30/2005,06/30/2005,03/31/2005,12/31/2004,09/30/2004,06/30/2004,03/31/2004,12/31/2003,09/30/2003,06/30/2003,03/31/2003,12/31/2002,09/30/2002,06/30/2002,03/31/2002,12/31/2001,09/30/2001,06/30/2001,03/31/2001,12/31/2000,09/30/2000,06/30/2000,03/31/2000,12/31/1999,09/30/1999,06/30/1999,03/31/1999,12/31/1998,09/30/1998,06/30/1998,03/31/1998,12/31/1997,09/30/1997,06/30/1997,03/31/1997,12/31/1996,09/30/1996,06/30/1996,03/31/1996,12/31/1995,09/30/1995,06/30/1995,03/31/1995,12/31/1994,09/30/1994,06/30/1994,03/31/1994,12/31/1993,09/30/1993,06/30/1993,03/31/1993,12/31/1992,09/30/1992,06/30/1992,03/31/1992,12/31/1991,09/30/1991,06/30/1991,03/31/1991,12/31/1990,09/30/1990,06/30/1990,03/31/1990,12/31/1989,09/30/1989,06/30/1989,03/31/1989,12/31/1988,09/30/1988,06/30/1988,03/31/1988,12/31/1987,09/30/1987,06/30/1987,03/31/1987,12/31/1986,09/30/1986,06/30/1986,03/31/1986,12/31/1985,09/30/1985
TotalRevenue,"3,702,881,000","885,046,000","950,501,000","1,085,728,000","781,606,000","758,969,000","819,484,000","838,661,000","704,355,000","654,650,000","582,038,000","564,178,000","494,099,000","519,558,000","566,848,000","526,929,000","487,467,000","479,415,000","503,378,000","696,901,000","456,913,000","379,989,000","410,475,000","531,792,000","430,994,000","318,445,000","465,994,000","512,739,000","342,401,000","323,237,000","478,010,000","525,567,000","321,010,000","285,301,000","433,376,000","428,889,000","280,367,000","248,404,000","463,394,000","548,284,000","396,668,000","296,992,000","344,389,000","410,519,000","377,161,000","322,165,000","502,086,000","454,776,000","329,623,000","267,057,000","262,162,000","169,580,000","120,608,000","194,767,000","297,255,000","317,705,000","297,315,000","260,416,000","299,461,000","288,710,000","258,058,000","263,147,000","359,122,000","391,635,000","362,914,000","62,787,000","386,692,000","320,172,000","305,581,000","377,014,000","457,800,000","526,463,000","430,603,000","357,590,000","329,172,000","331,529,000","334,576,000","333,598,000","330,732,000","309,898,000","248,008,000","220,214,000","249,355,000","365,823,000","605,189,000","788,833,000","848,027,000","758,955,000","648,131,000","548,515,000","497,039,000","400,904,000","344,454,000","316,119,000","335,227,000","406,236,000","431,569,000","391,684,000","336,747,000","289,541,000","248,302,000","241,287,000","261,671,000","319,690,000","348,967,000","436,070,000","285,570,000","256,133,000","213,249,000","190,091,000","178,840,000","156,497,000","152,012,000","147,334,000","140,300,000","139,300,000","127,800,000","129,400,000","131,500,000","134,800,000","133,900,000","130,500,000","130,300,000","130,500,000","117,600,000","120,300,000","117,000,000","108,500,000","113,200,000","111,700,000","122,300,000","128,300,000","121,200,000","126,600,000","119,000,000","108,500,000","108,300,000","136,500,000","83,100,000","79,100,000","78,900,000","73,600,000","83,000,000","74,300,000","75,200,000","73,900,000","78,200,000"
	OperatingRevenue,"3,702,881,000","885,046,000","950,501,000","1,085,728,000","781,606,000","758,969,000","819,484,000","838,661,000","704,355,000","654,650,000","582,038,000","564,178,000","494,099,000","519,558,000","566,848,000","526,929,000","487,467,000","479,415,000","503,378,000","696,901,000","456,913,000","379,989,000","410,475,000","531,792,000","430,994,000","318,445,000","465,994,000","512,739,000","342,401,000","323,237,000","478,010,000","525,567,000","321,010,000","285,301,000","433,376,000","428,889,000","280,367,000","248,404,000","463,394,000","548,284,000","396,668,000","296,992,000","344,389,000","410,519,000","377,161,000","322,165,000","502,086,000","454,776,000","329,623,000","267,057,000","262,162,000","169,580,000","120,608,000","194,767,000","297,255,000","317,705,000","297,315,000","260,416,000","299,461,000","288,710,000","258,058,000","263,147,000","359,122,000","391,635,000","362,914,000","62,787,000","386,692,000","320,172,000","305,581,000","377,014,000","457,800,000","526,463,000","430,603,000","357,590,000","329,172,000","331,529,000","334,576,000","333,598,000","330,732,000","309,898,000","248,008,000","220,214,000","249,355,000","365,823,000","605,189,000","788,833,000","848,027,000","758,955,000","648,131,000","548,515,000","497,039,000","400,904,000","344,454,000","316,119,000","335,227,000","406,236,000","431,569,000","391,684,000","336,747,000","289,541,000","248,302,000","241,287,000","261,671,000","319,690,000","348,967,000","436,070,000","285,570,000","256,133,000","213,249,000","190,091,000","178,840,000","156,497,000","152,012,000","147,334,000","140,300,000","139,300,000","127,800,000","129,400,000","131,500,000","134,800,000","133,900,000","130,500,000","130,300,000","130,500,000","117,600,000","120,300,000","117,000,000","108,500,000","113,200,000","111,700,000","122,300,000","128,300,000","121,200,000","126,600,000","119,000,000","108,500,000","108,300,000","136,500,000","83,100,000","79,100,000","78,900,000","73,600,000","83,000,000","74,300,000","75,200,000","73,900,000","78,200,000"
CostOfRevenue,"1,496,225,000","357,998,000","379,500,000","438,739,000","319,988,000","309,179,000","360,556,000","367,188,000","298,805,000","271,412,000","237,000,000","240,260,000","206,464,000","210,023,000","233,155,000","219,595,000","217,635,000","206,481,000","208,592,000","305,682,000","191,980,000","160,983,000","183,116,000","248,922,000","200,662,000","152,418,000","207,368,000","214,171,000","149,978,000","163,010,000","216,889,000","235,154,000","153,963,000","125,444,000","179,082,000","187,656,000","126,950,000","122,999,000","203,194,000","238,778,000","205,742,000","160,639,000","174,544,000","195,433,000","184,752,000","153,038,000","226,311,000","200,473,000","156,079,000","142,668,000","155,407,000","122,451,000","87,248,000","116,856,000","169,325,000","163,857,000","158,812,000","141,846,000","155,215,000","151,490,000","142,522,000","141,703,000","183,831,000","198,576,000","192,276,000","-58,035,000","283,051,000","222,007,000","216,441,000","244,200,000","269,344,000","299,835,000","254,628,000","229,955,000","230,622,000","242,921,000","250,470,000","277,414,000","256,231,000","239,194,000","217,552,000","212,923,000","272,017,000","311,261,000","385,607,000","457,537,000","460,752,000","402,570,000","348,840,000","309,655,000","281,299,000","236,940,000","219,858,000","209,639,000","239,131,000","246,457,000","251,947,000","226,136,000","190,651,000","164,648,000","152,935,000","159,522,000","163,747,000","214,715,000","186,637,000","243,900,000","149,651,000","135,210,000","117,621,000","105,965,000","99,964,000","87,342,000","85,662,000","108,096,000","69,600,000","72,200,000","65,000,000","67,900,000","69,200,000","71,600,000","68,500,000","65,800,000","65,900,000","67,700,000","60,500,000","66,600,000","63,300,000","58,400,000","60,200,000","60,400,000","61,000,000",,,,,,,,,,,,,,,,
GrossProfit,"2,206,656,000","527,048,000","571,001,000","646,989,000","461,618,000","449,790,000","458,928,000","471,473,000","405,550,000","383,238,000","345,038,000","323,918,000","287,635,000","309,535,000","333,693,000","307,334,000","269,832,000","272,934,000","294,786,000","391,219,000","264,933,000","219,006,000","227,359,000","282,870,000","230,332,000","166,027,000","258,626,000","298,568,000","192,423,000","160,227,000","261,121,000","290,413,000","167,047,000","159,857,000","254,294,000","241,233,000","153,417,000","125,405,000","260,200,000","309,506,000","190,926,000","136,353,000","169,845,000","215,086,000","192,409,000","169,127,000","275,775,000","254,303,000","173,544,000","124,389,000","106,755,000","47,129,000","33,360,000","77,911,000","127,930,000","153,848,000","138,503,000","118,570,000","144,246,000","137,220,000","115,536,000","121,444,000","175,291,000","193,059,000","170,638,000","120,822,000","103,641,000","98,165,000","89,140,000","132,814,000","188,456,000","226,628,000","175,975,000","127,635,000","98,550,000","88,608,000","84,106,000","56,184,000","74,501,000","70,704,000","30,456,000","7,291,000","-22,662,000","54,562,000","219,582,000","331,296,000","387,275,000","356,385,000","299,291,000","238,860,000","215,740,000","163,964,000","124,596,000","106,480,000","96,096,000","159,779,000","179,622,000","165,548,000","146,096,000","124,893,000","95,367,000","81,765,000","97,924,000","104,975,000","162,330,000","192,170,000","135,919,000","120,923,000","95,628,000","84,126,000","78,876,000","69,155,000","66,350,000","39,238,000","70,700,000","67,100,000","62,800,000","61,500,000","62,300,000","63,200,000","65,400,000","64,700,000","64,400,000","62,800,000","57,100,000","53,700,000","53,700,000","50,100,000","53,000,000","51,300,000","61,300,000",,,,,,,,,,,,,,,,
OperatingExpense,"996,624,000","257,875,000","247,404,000","255,610,000","235,735,000","230,826,000","216,968,000","216,302,000","206,438,000","213,672,000","196,617,000","200,328,000","189,438,000","185,818,000","188,390,000","184,545,000","172,611,000","165,954,000","170,462,000","179,025,000","169,040,000","154,264,000","158,681,000","173,778,000","172,632,000","170,571,000","171,561,000","168,163,000","157,299,000","186,302,000","163,288,000","169,174,000","163,359,000","152,420,000","159,899,000","155,066,000","148,677,000","150,317,000","151,405,000","158,327,000","146,341,000","135,257,000","108,857,000","112,165,000","113,497,000","109,524,000","118,522,000","116,049,000","112,279,000","100,035,000","92,794,000","93,922,000","110,810,000","450,923,000","116,617,000","126,391,000","124,233,000","112,619,000","115,115,000","115,177,000","114,150,000","119,098,000","125,063,000","129,168,000","124,379,000","96,854,000","121,568,000","128,457,000","129,555,000","125,222,000","137,513,000","136,040,000","130,936,000","121,451,000","121,310,000","125,316,000","135,987,000","139,915,000","152,320,000","147,980,000","144,302,000","139,107,000","147,212,000","126,454,000","145,968,000","175,770,000","174,112,000","165,619,000","147,981,000","135,741,000","130,801,000","116,215,000","102,205,000","96,838,000","96,857,000","106,713,000","107,635,000","99,080,000","93,348,000","90,084,000","74,091,000","82,988,000","76,557,000","80,985,000","83,669,000","110,695,000","67,437,000","62,611,000","53,941,000","53,498,000","50,082,000","49,069,000","47,728,000","21,364,000","56,400,000","56,000,000","54,700,000","55,200,000","56,300,000","57,000,000","56,300,000","56,000,000","55,700,000","57,000,000","56,500,000","53,300,000","60,400,000","58,900,000","58,600,000","54,200,000","57,400,000",,,,,,,,,,,,,,,,
	SellingGeneralAndAdministration,"547,559,000","142,747,000","134,829,000","140,187,000","129,797,000","124,281,000","115,840,000","113,259,000","111,388,000","117,094,000","109,166,000","108,811,000","102,013,000","100,554,000","100,199,000","99,410,000","90,505,000","88,005,000","86,244,000","89,131,000","84,906,000","76,289,000","78,794,000","81,425,000","79,174,000","79,718,000","77,481,000","77,073,000","72,041,000","91,157,000","73,064,000","77,489,000","78,003,000","69,523,000","72,917,000","69,230,000","67,890,000","70,436,000","69,921,000","73,366,000","67,777,000","62,697,000","55,304,000","57,481,000","58,229,000","54,778,000","61,109,000","58,343,000","55,871,000","51,486,000","46,314,000","47,257,000","55,373,000","58,491,000","58,614,000","65,463,000","65,221,000","62,199,000","62,870,000","62,760,000","63,951,000","69,460,000","71,774,000","75,587,000","72,185,000","54,641,000","65,309,000","67,542,000","65,315,000","62,073,000","70,270,000","69,991,000","66,242,000","60,488,000","60,062,000","61,512,000","67,402,000","65,619,000","74,318,000","75,609,000","75,049,000","39,834,000","90,349,000","65,130,000","74,771,000","96,475,000","95,149,000","91,982,000","78,956,000","72,055,000","70,470,000","59,386,000","54,481,000","49,335,000","47,288,000","57,549,000","58,713,000","54,186,000","51,685,000","47,449,000","40,783,000","49,245,000","41,535,000","42,556,000","46,929,000","65,262,000","39,926,000","37,178,000","34,431,000","34,152,000","32,148,000","31,764,000","31,871,000","-15,092,000","47,800,000","47,600,000","46,300,000","45,800,000","47,700,000","48,300,000","47,700,000","47,000,000","46,100,000","48,000,000","47,500,000","47,200,000","50,900,000","49,400,000","49,400,000","48,200,000","48,100,000",,,,,,,,,,,,,,,,
		SellingAndMarketingExpense,,,,,,,,,,,,,,,,,,,,,,,,,,,,,,,,,,,,,,,,,"67,777,000",,,,,,,,,,,,,,,,,,,,,,,,,,,,,,,,,,,,,,,,,,,,,,,,,,,,,,,,,,,,,,,,,,,,,,,,,,,,,,,,,,,,,,,,,,,,,,,,,,,,,,,,,,
	ResearchAndDevelopment,"427,609,000","109,965,000","107,220,000","110,021,000","100,402,000","100,794,000","94,909,000","94,102,000","85,159,000","86,794,000","77,804,000","81,434,000","76,791,000","74,706,000","77,049,000","75,342,000","74,408,000","70,564,000","77,190,000","81,728,000","76,182,000","70,052,000","71,400,000","76,109,000","73,464,000","70,941,000","74,027,000","75,832,000","71,450,000","79,187,000","71,953,000","73,414,000","67,085,000","64,613,000","68,918,000","67,773,000","62,751,000","61,660,000","63,055,000","66,532,000","60,135,000","53,431,000","46,799,000","47,393,000","47,977,000","47,455,000","50,122,000","50,393,000","49,052,000","40,920,000","38,266,000","38,451,000","47,198,000","52,189,000","52,969,000","56,154,000","55,149,000","50,420,000","52,245,000","52,417,000","50,199,000","49,638,000","53,289,000","53,581,000","52,194,000","41,601,000","56,259,000","60,915,000","64,240,000","63,149,000","67,243,000","66,914,000","64,694,000","60,963,000","61,248,000","63,804,000","68,585,000","74,296,000","78,002,000","72,371,000","69,253,000","99,273,000","56,863,000","61,324,000","71,197,000","79,295,000","78,963,000","73,637,000","69,025,000","63,686,000","60,331,000","56,829,000","47,724,000","47,503,000","49,569,000","49,164,000","48,922,000","44,894,000","41,663,000","42,635,000","33,308,000","33,743,000","35,022,000","38,426,000","36,740,000","51,033,000","27,511,000","25,433,000","19,510,000","19,346,000","17,934,000","17,305,000","15,857,000",,,,,,,,,,,,,,,,,,,,,,,,,,,,,,,,,,
	DepreciationAmortizationDepletionIncomeStatement,"21,456,000","5,163,000","5,355,000","5,402,000","5,536,000","5,751,000","6,219,000","8,941,000","9,891,000","9,784,000","9,647,000","10,083,000","10,634,000","10,558,000","11,142,000","9,793,000","7,698,000","7,385,000","7,028,000","8,166,000","7,952,000","7,923,000","8,487,000","16,244,000","19,994,000","19,912,000","20,053,000","15,258,000","13,808,000","15,958,000","18,271,000","18,271,000","18,271,000","18,284,000","18,064,000","18,063,000","18,036,000","18,221,000","18,429,000","18,429,000","18,429,000","19,129,000","6,754,000","7,291,000","7,291,000","7,291,000","7,291,000","7,313,000","7,356,000","7,629,000","8,214,000","8,214,000","8,239,000","6,962,000","5,034,000","4,774,000","3,863,000",,,,,,,,,,,,,,,,,,,,,,,,,,,,,,,,,,,,,,,,,,,,,,,,,,,,,,,,,,"8,600,000","8,400,000","8,400,000","9,400,000","8,600,000","8,700,000","8,600,000","9,000,000","9,600,000","9,000,000","9,000,000","6,100,000","9,500,000","9,500,000","9,200,000","6,000,000","9,300,000",,,,,,,,,,,,,,,,
		DepreciationAndAmortizationInIncomeStatement,"21,456,000","5,163,000","5,355,000","5,402,000","5,536,000","5,751,000","6,219,000","8,941,000","9,891,000","9,784,000","9,647,000","10,083,000","10,634,000","10,558,000","11,142,000","9,793,000","7,698,000","7,385,000","7,028,000","8,166,000","7,952,000","7,923,000","8,487,000","16,244,000","19,994,000","19,912,000","20,053,000","15,258,000","13,808,000","15,958,000","18,271,000","18,271,000","18,271,000","18,284,000","18,064,000","18,063,000","18,036,000","18,221,000","18,429,000","18,429,000","18,429,000","19,129,000","6,754,000","7,291,000","7,291,000","7,291,000","7,291,000","7,313,000","7,356,000","7,629,000","8,214,000","8,214,000","8,239,000","6,962,000","5,034,000","4,774,000","3,863,000",,,,,,,,,,,,,,,,,,,,,,,,,,,,,,,,,,,,,,,,,,,,,,,,,,,,,,,,,,"8,600,000","8,400,000","8,400,000","9,400,000","8,600,000","8,700,000","8,600,000","9,000,000","9,600,000","9,000,000","9,000,000","6,100,000","9,500,000","9,500,000","9,200,000","6,000,000","9,300,000",,,,,,,,,,,,,,,,
			Amortization,"21,456,000","5,163,000","5,355,000","5,402,000","5,536,000","5,751,000","6,219,000","8,941,000","9,891,000","9,784,000","9,647,000","10,083,000","10,634,000","10,558,000","11,142,000","9,793,000","7,698,000","7,385,000","7,028,000","8,166,000","7,952,000","7,923,000","8,487,000","16,244,000","19,994,000","19,912,000","20,053,000","15,258,000","13,808,000","15,958,000","18,271,000","18,271,000","18,271,000","18,284,000","18,064,000","18,063,000","18,036,000","18,221,000","18,429,000","18,429,000","18,429,000","19,129,000","6,754,000","7,291,000","7,291,000","7,291,000","7,291,000","7,313,000","7,356,000","7,629,000","8,214,000","8,214,000","8,239,000","6,962,000","5,034,000","4,774,000","3,863,000",,,,,,,,,,,,,,,,,,,,,,,,,,,,,,,,,,,,,,,,,,,,,,,,,,,,,,,,,,,,,,,,,,,,,,,,,,,,,,,,,,,,,,,,,,
				AmortizationOfIntangiblesIncomeStatement,"21,456,000","5,163,000","5,355,000","5,402,000","5,536,000","5,751,000","6,219,000","8,941,000","9,891,000","9,784,000","9,647,000","10,083,000","10,634,000","10,558,000","11,142,000","9,793,000","7,698,000","7,385,000","7,028,000","8,166,000","7,952,000","7,923,000","8,487,000","16,244,000","19,994,000","19,912,000","20,053,000","15,258,000","13,808,000","15,958,000","18,271,000","18,271,000","18,271,000","18,284,000","18,064,000","18,063,000","18,036,000","18,221,000","18,429,000","18,429,000","18,429,000","19,129,000","6,754,000","7,291,000","7,291,000","7,291,000","7,291,000","7,313,000","7,356,000","7,629,000","8,214,000","8,214,000","8,239,000","6,962,000","5,034,000","4,774,000","3,863,000",,,,,,,,,,,,,,,,,,,,,,,,,,,,,,,,,,,,,,,,,,,,,,,,,,,,,,,,,,,,,,,,,,,,,,,,,,,,,,,,,,,,,,,,,,
	OtherOperatingExpenses,,,,,,,,,,,,,,,,,,,,,,,,,,,,,,,,,,,,,,,,,,,,,,,,,,,,,,,,,,,,,,,,,,,,,,"0",,"-865,000",,,,,,,,,,,,,,,,,,,,,,,,,,,,,,,,"3,000",,,,,,,,,,,,,,,,,,,,,,,,,,,,,,,,,,,,,,,,,,,
OperatingIncome,"1,210,032,000","269,173,000","323,597,000","391,379,000","225,883,000","218,964,000","241,960,000","255,171,000","199,112,000","169,566,000","148,421,000","123,590,000","98,197,000","123,717,000","145,303,000","122,789,000","97,221,000","106,980,000","124,324,000","212,194,000","95,893,000","64,742,000","68,678,000","109,092,000","57,700,000","-4,544,000","87,065,000","130,405,000","35,124,000","-26,075,000","97,833,000","121,239,000","3,688,000","7,437,000","94,395,000","86,167,000","4,740,000","-24,912,000","108,795,000","151,179,000","44,585,000","1,096,000","60,988,000","102,921,000","78,912,000","59,603,000","157,253,000","138,254,000","61,265,000","24,354,000","13,961,000","-46,793,000","-77,450,000","-373,012,000","11,313,000","27,457,000","14,270,000","5,951,000","29,131,000","22,043,000","1,386,000","2,346,000","50,228,000","63,891,000","46,259,000","23,968,000","-17,927,000","-30,292,000","-40,415,000","7,592,000","50,943,000","90,588,000","45,039,000","6,184,000","-22,760,000","-36,708,000","-51,881,000","-83,731,000","-77,819,000","-77,276,000","-113,846,000","-131,816,000","-169,874,000","-71,892,000","73,614,000","155,526,000","213,163,000","190,766,000","151,310,000","103,119,000","84,939,000","47,749,000","22,391,000","9,642,000","-761,000","53,066,000","71,987,000","66,468,000","52,748,000","34,809,000","21,276,000","-1,223,000","21,367,000","23,990,000","78,661,000","81,475,000","68,482,000","58,312,000","41,687,000","30,628,000","28,794,000","20,086,000","18,622,000","17,874,000","14,300,000","11,100,000","8,100,000","6,300,000","6,000,000","6,200,000","9,100,000","8,700,000","8,700,000","5,800,000","600,000","400,000","-6,700,000","-8,800,000","-5,600,000","-2,900,000","3,900,000","128,300,000","121,200,000","-315,900,000","119,000,000","108,500,000","108,300,000","-273,300,000","83,100,000","79,100,000","78,900,000","-239,100,000","83,000,000","74,300,000","75,200,000","-243,300,000","78,200,000"
NetNonOperatingInterestIncomeExpense,"-15,193,000","-1,905,000","-3,159,000","-4,933,000","-5,196,000","-5,558,000","-5,166,000","-4,675,000","-2,800,000","194,000","-523,000","-370,000","2,339,000","-4,098,000","656,000","-212,000","-909,000","1,096,000","-855,000","-2,217,000","-1,882,000","1,492,000","2,259,000","975,000","932,000","1,254,000","1,200,000","1,230,000","1,654,000","1,729,000","2,432,000","725,000","-5,561,000","28,602,000","-5,954,000","-5,551,000","-5,834,000","-5,690,000","-5,087,000","-5,449,000","-5,166,000","-5,256,000","-3,019,000","-3,913,000","-4,889,000","-4,927,000","-4,096,000","-4,862,000","-5,071,000","-4,661,000","-3,597,000","-6,905,000","-5,053,000",,,,,,,,,,,,,,,,,,,,,,,,,,,,,,,,,,,,,,,,,,,,,,,,,,,,,,,,,,,,,,,,,,,,,,,,,,,,,,,,,,,,,,,,,,,,,,
	InterestIncomeNonOperating,"2,627,000","561,000","626,000","633,000","808,000","793,000","1,071,000","1,368,000","2,751,000","6,144,000","5,159,000","5,430,000","8,052,000","9,084,000","6,213,000","5,427,000","5,981,000","6,476,000","4,517,000","3,292,000","3,520,000","3,095,000","2,892,000","1,666,000","1,642,000","2,016,000","1,708,000","1,674,000","1,816,000","2,035,000","2,432,000","1,266,000","1,036,000","8,340,000","948,000","903,000","1,072,000","1,256,000","1,067,000","874,000","893,000","878,000","3,049,000","1,403,000","1,287,000","2,114,000","1,466,000","3,681,000","842,000","497,000","1,003,000","1,141,000","777,000",,,,,,,,,,,,,,,,,,,,,,,,,,,,,,,,,,,,,,,,,,,,,,,,,,,,,,,,,,,,,,,,,,,,,,,,,,,,,,,,,,,,,,,,,,,,,,
	InterestExpenseNonOperating,"17,820,000","2,466,000","3,785,000","5,566,000","6,004,000","6,351,000","6,237,000","6,043,000","5,551,000","5,950,000","5,682,000","5,800,000","5,713,000","13,182,000","5,557,000","5,639,000","6,890,000","5,380,000","5,372,000","5,509,000","5,402,000","1,603,000","633,000","691,000","710,000","762,000","508,000","444,000","162,000","306,000","510,000","541,000","6,597,000","-13,128,000","6,902,000","6,454,000","6,906,000","6,946,000","6,154,000","6,323,000","6,059,000","6,134,000","6,068,000","5,316,000","6,176,000","7,041,000","5,562,000","8,543,000","5,913,000","5,158,000","4,600,000","8,046,000","5,830,000",,,,,,,,,,,,,,,,,,,,,,,,,,,,,,,,,,,,,,,,,,,,,,,,,,,,,,,,,,,,,,,,,,,,,,,,,,,,,,,,,,,,,,,,,,,,,,
	TotalOtherFinanceCost,,,"24,645,000",,,,"5,930,000","658,000",,,,,,,,,,,,,,,,,,,,,,,,,,,,,,,,,,,,,,,,,,,"3,597,000","6,905,000",,,,,,,,,,,,,,,,,,,,,,,,,,,,,,,,,,,,,,,,,,,,,,,,,,,,,,,,,,,,,,,,,,,,,,,,,,,,,,,,,,,,,,,,,,,,,,,
OtherIncomeExpense,"-33,872,000","-12,075,000","-22,683,000","-2,420,000","3,306,000","9,520,000","26,937,000","-33,205,000","757,000","-20,877,000","3,835,000","7,957,000","-6,557,000","-8,493,000","-5,115,000","-2,565,000","-492,000","-9,993,000","3,968,000","-3,100,000","-1,995,000","-7,349,000","-11,256,000","-340,884,000","-1,440,000","-5,567,000","-857,000","501,000","5,660,000","-100,467,000","405,000","-572,000",,"-600,000","-889,000","-259,000","-332,000","317,000","-683,000","6,262,000","1,825,000","-5,046,000","-1,465,000","-1,279,000","-413,000","-802,000","859,000","-1,700,000","-1,264,000","-69,000","-5,189,000","-15,270,000","-15,965,000","-343,456,000","-28,589,000","-12,726,000","-12,885,000","355,000","3,119,000","-568,000","-17,285,000","-1,810,000","15,118,000","19,702,000","1,097,000","17,516,000","-14,337,000","-10,195,000","-10,628,000","-3,864,000","46,000","1,139,000","721,000","-13,433,000","-26,562,000","-11,978,000","-22,185,000","-59,145,000","-137,619,000","-1,124,000","-5,555,000",,,,,,,,,,,,,,,,,,,,,,,,,,,,,,,,,,"1,100,000","800,000","700,000","600,000","600,000","500,000","800,000","600,000","500,000","200,000","200,000","-1,700,000","300,000","100,000","200,000","400,000","1,900,000",,,,,,,,,,,,,,,,
	SpecialIncomeCharges,"5,200,000","1,774,000","-1,197,000","-2,507,000","7,130,000","15,117,000","27,701,000","-37,222,000","7,606,000","2,088,000","6,500,000","10,404,000","-5,112,000","-11,447,000","-1,710,000","-2,389,000","313,000","-8,970,000","4,407,000","-2,288,000","-2,511,000","-5,570,000","-12,177,000","-340,893,000","-1,587,000","-5,204,000","-261,000","385,000","0","-100,095,000","405,000","-572,000","0","-600,000","-889,000","-259,000","-332,000","317,000","-683,000","6,262,000","1,825,000","-5,046,000","-1,465,000","-1,279,000","-413,000","-802,000","859,000","-1,700,000","-1,264,000","-69,000","-5,189,000","-15,270,000","-15,965,000","-343,456,000","-28,589,000","-12,726,000","-12,885,000","355,000","3,119,000","-568,000","-17,285,000","-1,810,000","15,118,000","19,702,000","1,097,000","17,516,000","-14,337,000","-10,195,000","-10,628,000","-3,864,000","46,000","1,139,000","721,000","-13,433,000","-26,562,000","-11,978,000","-22,185,000","-59,145,000","-137,619,000","-1,124,000","-5,555,000",,,,,,,,,,,,,,,,,,,,,,,,,,,,,,,,,,"1,100,000","800,000","700,000","600,000","600,000","500,000","800,000","600,000","500,000","200,000","200,000","-1,700,000","300,000","100,000","200,000","400,000","1,900,000",,,,,,,,,,,,,,,,
		RestructuringAndMergernAcquisition,"-5,200,000","-1,774,000","1,197,000","2,507,000","-7,130,000","-15,117,000","-27,701,000","37,222,000","-7,606,000","-2,088,000","-6,500,000","-10,404,000","5,112,000","11,447,000","1,710,000","2,389,000","-313,000","8,970,000","-4,407,000","2,288,000","2,511,000","5,570,000","12,177,000","2,608,000","1,587,000","5,204,000","261,000","-385,000","0","1,198,000","-405,000","572,000","0","600,000","889,000","259,000","332,000","-317,000","683,000","-6,262,000","-1,825,000","5,046,000","1,465,000","1,279,000","413,000","802,000","-859,000","1,700,000","1,264,000","69,000","5,189,000","15,270,000","15,965,000","9,675,000","28,589,000","12,726,000","11,785,000","-355,000","-3,119,000","568,000","2,417,000","1,810,000","-15,118,000","-19,702,000","-1,097,000","-18,128,000","14,337,000","10,195,000","10,628,000","5,123,000","-46,000","152,000","130,000","15,090,000","23,330,000","13,378,000","19,486,000","59,208,000","138,883,000",,"5,042,000",,,,,,,,,,,,,,,,,,,,,,,,,,,,,,,,,,,,,,,,,,,,,,,,,,,,,,,,,,,,,,,,,,
		ImpairmentOfCapitalAssets,,,,,,,,,,,,,,"0",,,"0","0","0","0",,"0",,"338,285,000",,"0",,,"0","98,897,000",,,,,,,,,,,,,,,,,,,,,,,,,,,,,,,,,,,,,,,,,,,,,,,,,,,,,,,,,,,,,,,,,,,,,,,,,,,,,,,,,,,,,,,,,,,,,,,,,,,,,,,,,,,,,,,,,,,,,
		OtherSpecialCharges,,,,,,,,"4,000,000",,,,,,,,,,,"-4,309,000",,,,,,,,,,,,,,,,,,,,,,,,,,,,,"2,282,000",,,,,,"333,781,000",,,"1,100,000","0",,,"14,868,000",,,,,,,,,"-1,259,000",,"-1,291,000","-851,000","-1,657,000","3,232,000","-1,400,000","2,699,000","-63,000","-1,264,000",,"513,000",,,,,,,,,,,,,,,,,,,,,,,,,,,,,,,,,,,,,,,,,,,,,,,,,,,,,,,,,,,,,,,,,,
	OtherNonOperatingIncomeExpenses,"-39,072,000","-13,849,000","-21,486,000","87,000","-3,824,000","-5,597,000","-764,000","4,017,000","-6,849,000","-22,965,000","-2,665,000","-2,447,000","-1,445,000","2,954,000","-3,405,000","-176,000","-805,000","-1,023,000","-439,000","-812,000","516,000","-1,779,000","921,000","9,000","147,000","-363,000","-596,000","116,000","5,660,000",,,,,,,,,,,,,,,,,,,,,,,,,,,,,,,,,,,,,,,,,,,,,,,,,,,,,,,,,,,,,,,,,,,,,,,,,,,,,,,,,,,,,,,,,,,,,,,,,,,,,,,,,,,,,,,,,,,,,,
PretaxIncome,"1,160,955,000","255,181,000","297,755,000","384,026,000","223,993,000","222,926,000","263,731,000","217,291,000","197,069,000","148,883,000","151,733,000","131,177,000","93,979,000","111,126,000","140,844,000","120,012,000","95,820,000","98,083,000","127,437,000","206,877,000","92,016,000","58,885,000","59,681,000","-230,817,000","57,192,000","-8,857,000","87,408,000","132,136,000","42,438,000","-124,813,000","100,670,000","121,392,000","-1,873,000","35,439,000","87,552,000","80,357,000","-1,426,000","-30,285,000","103,025,000","151,992,000","41,244,000","-9,206,000","56,504,000","97,729,000","73,610,000","53,874,000","154,016,000","131,692,000","54,930,000","19,624,000","5,175,000","-68,968,000","-98,468,000","-389,284,000","-20,387,000","17,179,000","6,467,000","14,957,000","39,915,000","30,700,000","-6,236,000","10,864,000","74,281,000","91,782,000","53,468,000","44,085,000","-32,351,000","-40,799,000","-51,072,000","3,741,000","50,077,000","89,437,000","44,719,000","-8,792,000","-51,314,000","-50,789,000","-75,298,000","-144,622,000","-216,528,000","-79,264,000","-120,531,000","-181,595,000","-167,521,000","-54,121,000","77,087,000","167,978,000","219,234,000","196,589,000","155,847,000","107,477,000","89,516,000","51,149,000","25,707,000","13,123,000","1,875,000","55,671,000","75,213,000","70,074,000","57,393,000","39,478,000","26,400,000","4,400,000","25,943,000","27,542,000","81,778,000","72,633,000","71,846,000","61,245,000","44,201,000","32,559,000","30,089,000","20,924,000","19,240,000","18,319,000","14,400,000","11,000,000","7,700,000","5,900,000","5,500,000","5,700,000","8,900,000","8,200,000","7,800,000","4,700,000",,"-2,900,000",,"-10,200,000","-6,900,000","-3,800,000","4,100,000",,,,,,,,,,,,,,,,
TaxProvision,"146,366,000","31,141,000","41,037,000","55,707,000","18,481,000","26,594,000","41,013,000","28,383,000","20,878,000","23,810,000","15,873,000","33,780,000","-15,159,000","-32,662,000","20,863,000","18,975,000","8,846,000","204,007,000","24,017,000","31,901,000","6,795,000","-7,461,000","-4,113,000","-7,271,000","7,206,000","-8,216,000","15,955,000","29,257,000","9,651,000","-21,002,000","17,721,000","20,187,000","-2,802,000","13,096,000","18,093,000","13,801,000","-8,015,000","-13,742,000","14,384,000","40,605,000","7,680,000","-144,340,000","1,759,000","7,839,000","5,486,000","-6,267,000","6,676,000","9,543,000","4,830,000","2,700,000","-1,500,000","-2,200,000","-7,800,000","-693,000","3,070,000","6,100,000","4,100,000","-2,196,000","4,717,000","3,454,000","1,400,000","-10,000","9,830,000","9,377,000","8,555,000","-28,872,000","3,027,000","4,665,000","1,500,000","393,000","8,928,000","8,944,000","4,472,000","2,700,000","2,200,000","1,700,000","1,200,000","279,145,000","-49,695,000","-28,535,000","-43,391,000","-69,006,000","-64,117,000","-13,940,000","23,125,000","50,393,000","65,770,000","58,977,000","46,754,000","32,243,000","26,855,000","15,345,000","7,712,000","1,282,000","600,000","16,311,000","25,572,000","23,825,000","18,196,000","14,476,000","9,240,000","1,452,000","6,374,000","9,640,000","28,623,000","26,813,000","25,867,000","22,491,000","15,470,000","10,093,000","9,729,000","6,277,000","5,772,000","5,496,000","4,300,000","3,300,000","2,300,000","800,000","-200,000","1,100,000","1,800,000","800,000","800,000","400,000",,"-1,100,000",,"-3,300,000","-2,200,000","-1,800,000","1,300,000",,,,,,,,,,,,,,,,
NetIncomeCommonStockholders,"1,014,589,000","224,040,000","256,718,000","328,319,000","205,512,000","196,332,000","222,718,000","188,908,000","176,191,000","125,073,000","135,860,000","97,397,000","109,138,000","143,788,000","119,981,000","101,037,000","86,974,000","-105,924,000","103,420,000","174,976,000","85,221,000","66,346,000","63,794,000","-223,546,000","49,986,000","-641,000","71,453,000","102,879,000","32,787,000","-103,811,000","82,949,000","101,205,000","929,000","22,343,000","69,459,000","66,556,000","6,589,000","-16,543,000","88,641,000","111,387,000","33,564,000","135,134,000","54,745,000","89,058,000","94,872,000","60,141,000","147,340,000","122,149,000","50,100,000","16,924,000","6,675,000","-66,768,000","-90,668,000","-388,591,000","-22,689,000","11,079,000","2,367,000","16,704,000","40,989,000","27,654,000","-7,636,000","10,874,000","60,565,000","82,405,000","44,913,000","224,062,000","-35,378,000","-45,464,000","-52,572,000","3,348,000","41,149,000","80,493,000","40,247,000","-11,492,000","-53,514,000","-52,489,000","-76,498,000","-423,767,000","-166,833,000","-50,729,000","-77,140,000","-112,589,000","-103,404,000","-40,181,000","53,959,000","53,447,000","153,464,000","137,612,000","109,093,000","75,234,000","62,661,000","35,804,000","17,995,000","11,841,000","1,275,000","39,360,000","49,641,000","46,249,000","39,197,000","25,002,000","17,160,000","2,948,000","19,569,000","17,902,000","53,155,000","45,820,000","45,979,000","38,754,000","28,731,000","22,466,000","20,360,000","14,647,000","13,468,000","12,094,000","10,100,000","7,700,000","5,400,000","5,100,000","5,700,000","4,600,000","7,100,000","7,400,000","7,000,000","4,300,000","-500,000","-1,800,000","-7,900,000","-6,900,000","-4,700,000","-2,000,000","2,800,000",,,,,,,,,,,,,,,,
	NetIncome,"1,014,589,000","224,040,000","256,718,000","328,319,000","205,512,000","196,332,000","222,718,000","188,908,000","176,191,000","125,073,000","135,860,000","97,397,000","109,138,000","143,788,000","119,981,000","101,037,000","86,974,000","-105,924,000","103,420,000","174,976,000","85,221,000","66,346,000","63,794,000","-223,546,000","49,986,000","-641,000","71,453,000","102,879,000","32,787,000","-103,811,000","82,949,000","101,205,000","929,000","22,343,000","69,459,000","66,556,000","6,589,000","-16,543,000","88,641,000","111,387,000","33,564,000","135,134,000","54,745,000","89,058,000","94,872,000","60,141,000","147,340,000","122,149,000","50,100,000","16,924,000","6,675,000","-66,768,000","-90,668,000","-388,591,000","-22,689,000","11,079,000","2,367,000","16,704,000","40,989,000","27,654,000","-7,636,000","10,874,000","60,565,000","82,405,000","44,913,000","224,062,000","-35,378,000","-45,464,000","-52,572,000","3,348,000","41,149,000","80,493,000","40,247,000","-11,492,000","-53,514,000","-52,489,000","-76,498,000","-423,767,000","-166,833,000","-50,729,000","-77,140,000","-112,589,000","-103,404,000","-40,181,000","53,959,000","53,447,000","153,464,000","137,612,000","109,093,000","75,234,000","62,661,000","35,804,000","17,995,000","11,841,000","1,275,000","39,360,000","49,641,000","46,249,000","39,197,000","25,002,000","17,160,000","2,948,000","19,569,000","17,902,000","53,155,000","45,820,000","45,979,000","38,754,000","28,731,000","22,466,000","20,360,000","14,647,000","13,468,000","12,094,000","10,100,000","7,700,000","5,400,000","5,100,000","5,700,000","4,600,000","7,100,000","7,400,000","7,000,000","4,300,000","-500,000","-1,800,000","-7,900,000","-6,900,000","-4,700,000","-2,000,000","2,800,000",,,,,,,,,,,,,,,,
		NetIncomeIncludingNoncontrollingInterests,"1,014,589,000","224,040,000","256,718,000","328,319,000","205,512,000","196,332,000","222,718,000","188,908,000","176,191,000","125,073,000","135,860,000","97,397,000","109,138,000","143,788,000","119,981,000","101,037,000","86,974,000","-105,924,000","103,420,000","174,976,000","85,221,000","66,346,000","63,794,000","-223,546,000","49,986,000","-641,000","71,453,000","102,879,000","32,787,000","-103,811,000","82,949,000","101,205,000","929,000","22,343,000","69,459,000","66,556,000","6,589,000","-16,543,000","88,641,000","111,387,000","33,564,000","135,134,000","54,745,000","89,058,000","94,872,000","60,141,000","147,340,000","122,149,000","50,100,000","16,924,000","6,675,000","-66,768,000","-90,668,000","-388,591,000","-22,689,000","11,079,000","2,367,000","16,704,000","40,989,000","27,654,000","-7,636,000","10,874,000","60,565,000","82,405,000","44,913,000","224,062,000","-35,378,000","-45,464,000","-52,572,000","3,348,000","41,149,000","80,493,000","40,247,000","-11,492,000","-53,514,000","-52,489,000","-76,498,000","-423,767,000","-166,833,000","-50,729,000","-77,140,000","-112,589,000","-103,404,000","-40,181,000","53,959,000","53,447,000","153,464,000","137,612,000","109,093,000","75,234,000","62,661,000","35,804,000","17,995,000","11,841,000","1,275,000","39,360,000","49,641,000","46,249,000","39,197,000","25,002,000","17,160,000","2,948,000","19,569,000","17,902,000","53,155,000","45,820,000","45,979,000","38,754,000","28,731,000","22,466,000","20,360,000","14,647,000","13,468,000","12,094,000","10,100,000","7,700,000","5,400,000","5,100,000","5,700,000","4,600,000","7,100,000","7,400,000","7,000,000","4,300,000","-500,000","-1,800,000","-7,900,000","-6,900,000","-4,700,000","-2,000,000","2,800,000","5,100,000","4,400,000","-9,400,000","3,900,000","1,100,000","1,200,000","-14,500,000","-200,000","-2,900,000","-3,900,000","100,000",,,"100,000","400,000","400,000"
			NetIncomeContinuousOperations,"1,014,589,000","224,040,000","256,718,000","328,319,000","205,512,000","196,332,000","222,718,000","188,908,000","176,191,000","125,073,000","135,860,000","97,397,000","109,138,000","143,788,000","119,981,000","101,037,000","86,974,000","-105,924,000","103,420,000","174,976,000","85,221,000","66,346,000","63,794,000","-223,546,000","49,986,000","-641,000","71,453,000","102,879,000","32,787,000","-103,811,000","82,949,000","101,205,000","929,000","22,343,000","69,459,000","66,556,000","6,589,000","-16,543,000","88,641,000","111,387,000","33,564,000","135,134,000","54,745,000","89,890,000","68,124,000","60,141,000","147,340,000","122,149,000","50,100,000","16,924,000","6,675,000","-66,768,000","-90,668,000","-388,591,000","-23,457,000","11,079,000","2,367,000","17,153,000","35,198,000","27,246,000","-7,636,000","10,874,000","64,451,000","82,405,000","44,913,000","72,957,000","-35,378,000","-45,464,000","-52,572,000","3,348,000","41,149,000","80,493,000","40,247,000","-11,492,000","-53,514,000","-52,489,000","-76,498,000","-423,767,000","-166,833,000","-50,729,000","-77,140,000","-112,589,000","-103,404,000","-40,181,000","53,959,000","117,585,000","153,464,000","137,612,000","109,093,000","75,234,000","62,661,000","35,804,000","17,995,000","11,841,000","1,275,000","39,360,000","49,641,000","46,249,000","39,197,000","25,002,000","17,160,000","2,948,000","19,569,000","17,902,000","53,155,000","45,820,000","45,979,000","38,754,000","28,731,000","22,466,000","20,360,000","14,647,000","13,468,000","12,823,000","10,100,000","7,700,000","5,400,000","5,100,000","5,700,000","4,600,000","7,100,000","7,400,000","7,000,000","4,300,000","-500,000","-1,800,000","-7,900,000","-6,900,000","-4,700,000","-2,000,000","2,800,000","5,100,000","4,400,000","-9,400,000","3,900,000","1,100,000","1,200,000","-14,500,000","-200,000","-2,900,000","-3,900,000","100,000",,,"100,000","400,000","400,000"
			NetIncomeDiscontinuousOperations,,,,,,,,,,,,,,,,,,,,,,,,,,,,,,,,,,,,,,"0","0","0","0","0","0","-832,000","26,748,000",,,,,"0","0",,,"0","768,000",,,"-449,000","5,791,000","408,000",,"0","-3,886,000",,,,,,,,,,,,,,,,,,,,,,,,,,,,,,,,,,,,,,,,,,,,,,,,,,,,,,,,,,,,,,,,,,,,,,,,,,,,,,,,,,,,
DilutedNIAvailtoComStockholders,"1,014,589,000","224,040,000","256,718,000","328,319,000","205,512,000","196,332,000","222,718,000","188,908,000","176,191,000","125,073,000","135,860,000","97,397,000","109,138,000","143,788,000","119,981,000","101,037,000","86,974,000","-105,924,000","103,420,000","174,976,000","85,221,000","66,346,000","63,794,000","-223,546,000","49,986,000","-641,000","71,453,000","102,879,000","32,787,000","-103,811,000","82,949,000","101,205,000","929,000","22,343,000","69,459,000","66,556,000","6,589,000","-16,543,000","88,641,000","111,387,000","33,564,000","135,134,000","54,745,000","89,058,000","94,872,000","60,141,000","147,340,000","122,149,000","50,100,000","16,924,000","6,675,000","-66,768,000","-90,668,000","-388,591,000","-22,689,000","11,079,000","2,367,000","16,704,000","40,989,000","27,654,000","-7,636,000","10,874,000","60,565,000","82,405,000","44,913,000","224,062,000","-35,378,000","-45,464,000","-52,572,000","3,348,000","41,149,000","80,493,000","40,247,000","-11,492,000","-53,514,000","-52,489,000","-76,498,000","-423,767,000","-166,833,000","-50,729,000","-77,140,000","-112,589,000","-103,404,000","-40,181,000","53,959,000","53,447,000","153,464,000","137,612,000","109,093,000","75,234,000","62,661,000","35,804,000","17,995,000","11,841,000","1,275,000","39,360,000","49,641,000","46,249,000","39,197,000","25,002,000","17,160,000","2,948,000","19,569,000","17,902,000","53,155,000","45,820,000","45,979,000","38,754,000","28,731,000","22,466,000","20,360,000","14,647,000","13,468,000","12,094,000","10,100,000","7,700,000","5,400,000","5,100,000","5,700,000","4,600,000","7,100,000","7,400,000","7,000,000","4,300,000","-500,000","-1,800,000","-7,900,000","-6,900,000","-4,700,000","-2,000,000","2,800,000",,,,,,,,,,,,,,,,
BasicEPS,,"1.41","1.56","1.98","1.23","1.18","1.34","1.14","1.06","0.82","0.8","0.57","0.63","0.8","0.65","0.53","0.45","-0.54","0.52","0.88","0.43","0.33","0.32","-1.1","0.24","-0.003","0.34","0.48","0.15","-0.48","0.4","0.52","0.005","0.12","0.36","0.35","0.03","-0.09","0.47","0.6","0.18","0.68","0.3","0.48","0.51",,"0.81","0.68","0.28",,"0.04","-0.39","-0.53",,"-0.13","0.06","0.01",,"0.22","0.15","-0.04",,"0.31","0.42","0.23",,"-0.18","-0.23","-0.27",,"0.21","0.41","0.2",,"-0.28","-0.28","-0.41",,"-0.91","-0.28","-0.42",,"-0.59","-0.23","0.31",,"0.88","0.79","0.63",,"0.37","0.105","0.055",,"0.005","0.12","0.15",,"0.115","0.075","0.05",,"0.06","0.055","0.16",,"0.15","0.063","0.048",,"0.035","0.025","0.023",,"0.018","0.015","0.01",,"0.013","0.01","0.015",,"0.015","0.01","-0.003",,"-0.018","-0.015","-0.01",,"0.008","0.013","0.01",,"0.01","0.003","0.003",,"-0.003","-0.008","-0.013",,"0","0","0",,"0.003"
DilutedEPS,,"1.29","1.41","1.76","1.09","1.05","1.21","1.05","0.97","0.75","0.75","0.55","0.62","0.79","0.63","0.52","0.43","-0.54","0.52","0.87","0.42","0.33","0.31","-1.1","0.24","-0.003","0.34","0.48","0.15","-0.48","0.38","0.47","0.004","0.09","0.29","0.28","0.03","-0.09","0.39","0.49","0.15","0.56","0.25","0.39","0.41",,"0.66","0.55","0.24",,"0.04","-0.39","-0.53",,"-0.13","0.06","0.01",,"0.22","0.14","-0.04",,"0.31","0.4","0.23",,"-0.18","-0.23","-0.27",,"0.21","0.39","0.2",,"-0.28","-0.28","-0.41",,"-0.91","-0.28","-0.42",,"-0.59","-0.23","0.3",,"0.84","0.76","0.6",,"0.35","0.1","0.05",,"0.005","0.115","0.145",,"0.115","0.075","0.05",,"0.06","0.055","0.16",,"0.15","0.063","0.048",,"0.035","0.025","0.023",,"0.018","0.015","0.01",,"0.013","0.01","0.015",,"0.015","0.01","-0.003",,"-0.018","-0.015","-0.01",,"0.008","0.013","0.01",,"0.01","0.003","0.003",,"-0.003","-0.008","-0.013",,"0","0","0",,"0.003"
BasicAverageShares,,"162,769,000","164,583,000","165,995,000","166,491,000","166,085,000","166,014,000","165,789,000","166,589,000","167,286,000","169,641,000","171,241,000","173,532,000","178,958,000","185,744,000","190,730,000","195,255,000","196,010,000","197,485,000","198,774,000","200,005,000","200,810,000","202,211,000","203,018,000","204,271,000","205,113,000","210,032,000","213,845,000","217,187,000","216,532,000","207,381,000","194,408,000","193,311,000","191,525,000","191,307,000","190,569,000","189,686,000","187,737,000","187,364,000","186,573,000","185,838,000","183,544,000","185,102,000","185,367,000","184,720,000",,"181,239,000","179,990,000","176,867,000",,"174,495,000","173,022,000","172,130,000",,"168,769,000","170,644,000","173,762,000",,"183,566,000","189,391,000","189,625,000",,"193,563,000","198,243,000","198,017,000",,"196,835,000","195,757,000","195,619,000",,"194,128,000","194,015,000","193,852,000",,"189,479,000","185,465,000","184,889,000",,"183,063,000","182,934,000","182,332,000",,"175,689,000","174,538,000","173,791,000",,"174,369,000","173,158,000","172,127,000",,"171,098,000","340,490,000","340,064,000",,"336,076,000","334,596,000","334,604,000",,"347,776,000","345,132,000","343,240,000",,"339,792,000","340,004,000","339,880,000",,"314,076,000","619,328,000","606,592,000",,"592,144,000","587,664,000","595,616,000",,"149,100,000","137,708,000","136,340,000",,"130,504,000","130,008,000","129,744,000",,"123,480,000","121,184,000","120,804,000",,"118,652,000","118,652,000","118,632,000",,"116,936,000","115,100,000","114,920,000",,"114,736,000","113,672,000","96,648,000",,"96,308,000","95,472,000","93,136,000",,"92,888,000","91,012,000","90,616,000",,"90,448,000"
DilutedAverageShares,,"178,020,000","181,987,000","186,750,000","187,740,000","186,837,000","184,338,000","180,257,000","180,736,000","181,780,000","180,494,000","178,590,000","176,972,000","181,520,000","190,505,000","194,909,000","203,484,000","196,010,000","200,775,000","201,529,000","201,936,000","202,947,000","203,929,000","203,018,000","205,732,000","205,113,000","211,736,000","215,496,000","218,812,000","216,532,000","218,333,000","216,568,000","236,484,000","236,903,000","235,828,000","234,909,000","234,757,000","187,737,000","229,210,000","229,646,000","231,153,000","222,858,000","221,892,000","230,452,000","232,080,000",,"229,389,000","231,541,000","226,277,000",,"180,792,000","173,022,000","172,130,000",,"168,769,000","174,096,000","175,722,000",,"185,298,000","191,405,000","189,625,000",,"204,551,000","210,356,000","199,555,000",,"196,835,000","195,757,000","195,619,000",,"195,751,000","213,486,000","199,893,000",,"189,479,000","185,465,000","184,889,000",,"183,063,000","182,934,000","182,332,000",,"175,689,000","174,538,000","179,750,000",,"181,937,000","181,697,000","180,873,000",,"179,026,000","356,122,000","355,988,000",,"342,504,000","342,528,000","343,712,000",,"347,776,000","345,132,000","343,240,000",,"339,792,000","340,004,000","339,880,000",,"314,076,000","619,328,000","606,592,000",,"592,144,000","587,664,000","595,616,000",,"149,100,000","137,708,000","136,340,000",,"130,504,000","130,008,000","129,744,000",,"123,480,000","121,184,000","120,804,000",,"118,652,000","118,652,000","118,632,000",,"116,936,000","115,100,000","114,920,000",,"114,736,000","113,672,000","96,648,000",,"96,308,000","95,472,000","93,136,000",,"92,888,000","91,012,000","90,616,000",,"90,448,000"
TotalOperatingIncomeAsReported,"1,200,720,000","256,435,000","322,400,000","388,872,000","233,013,000","234,081,000","269,661,000","217,949,000","206,718,000","171,654,000","154,921,000","133,994,000","93,085,000","112,270,000","143,593,000","120,400,000","97,534,000","98,010,000","128,731,000","209,906,000","93,382,000","59,172,000","56,501,000","-231,801,000","56,113,000","-9,748,000","86,804,000","130,790,000","35,124,000","-126,170,000","98,238,000","120,667,000","3,688,000","6,837,000","93,506,000","85,908,000","4,408,000","-24,595,000","108,112,000","157,441,000","46,410,000","-3,950,000","59,523,000","101,642,000","78,499,000","58,801,000","158,112,000","136,554,000","60,001,000","24,285,000","8,772,000","-62,063,000","-93,415,000","-383,187,000","-17,276,000","14,731,000","1,385,000","6,306,000","32,250,000","21,475,000","-17,731,000","536,000","65,346,000","83,593,000","47,356,000","42,096,000","-32,264,000","-40,487,000","-51,043,000","2,469,000","50,989,000","90,436,000","44,909,000","-8,906,000","-46,090,000","-50,086,000","-71,367,000","-142,939,000","-216,702,000","-77,276,000","-118,888,000","-184,693,000","-169,874,000","-71,892,000","73,614,000","155,526,000","213,163,000","190,766,000","151,310,000","103,119,000","84,939,000","47,749,000","22,391,000","9,642,000","-761,000","53,066,000","71,987,000","66,468,000","52,748,000","34,809,000","21,276,000","-1,223,000","21,367,000","23,990,000","78,661,000","75,875,000","68,482,000","58,312,000","41,687,000","30,628,000","28,794,000","20,086,000","18,622,000","17,874,000","14,300,000","11,100,000","8,100,000","6,300,000","6,000,000","6,200,000","9,100,000","8,700,000","8,700,000","5,800,000","600,000","400,000","-6,700,000","-8,800,000","-5,600,000","-2,900,000","3,900,000",,,,,,,,,,,,,,,,
TotalExpenses,"2,492,849,000","615,873,000","626,904,000","694,349,000","555,723,000","540,005,000","577,524,000","583,490,000","505,243,000","485,084,000","433,617,000","440,588,000","395,902,000","395,841,000","421,545,000","404,140,000","390,246,000","372,435,000","379,054,000","484,707,000","361,020,000","315,247,000","341,797,000","422,700,000","373,294,000","322,989,000","378,929,000","382,334,000","307,277,000","349,312,000","380,177,000","404,328,000","317,322,000","277,864,000","338,981,000","342,722,000","275,627,000","273,316,000","354,599,000","397,105,000","352,083,000","295,896,000","283,401,000","307,598,000","298,249,000","262,562,000","344,833,000","316,522,000","268,358,000","242,703,000","248,201,000","216,373,000","198,058,000","567,779,000","285,942,000","290,248,000","283,045,000","254,465,000","270,330,000","266,667,000","256,672,000","260,801,000","308,894,000","327,744,000","316,655,000","38,819,000","404,619,000","350,464,000","345,996,000","369,422,000","406,857,000","435,875,000","385,564,000","351,406,000","351,932,000","368,237,000","386,457,000","417,329,000","408,551,000","387,174,000","361,854,000","352,030,000","419,229,000","437,715,000","531,575,000","633,307,000","634,864,000","568,189,000","496,821,000","445,396,000","412,100,000","353,155,000","322,063,000","306,477,000","335,988,000","353,170,000","359,582,000","325,216,000","283,999,000","254,732,000","227,026,000","242,510,000","240,304,000","295,700,000","270,306,000","354,595,000","217,088,000","197,821,000","171,562,000","159,463,000","150,046,000","136,411,000","133,390,000","129,460,000","126,000,000","128,200,000","119,700,000","123,100,000","125,500,000","128,600,000","124,800,000","121,800,000","121,600,000","124,700,000","117,000,000","119,900,000","123,700,000","117,300,000","118,800,000","114,600,000","118,400,000",,,,,,,,,,,,,,,,
NetIncomeFromContinuingAndDiscontinuedOperation,"1,014,589,000","224,040,000","256,718,000","328,319,000","205,512,000","196,332,000","222,718,000","188,908,000","176,191,000","125,073,000","135,860,000","97,397,000","109,138,000","143,788,000","119,981,000","101,037,000","86,974,000","-105,924,000","103,420,000","174,976,000","85,221,000","66,346,000","63,794,000","-223,546,000","49,986,000","-641,000","71,453,000","102,879,000","32,787,000","-103,811,000","82,949,000","101,205,000","929,000","22,343,000","69,459,000","66,556,000","6,589,000","-16,543,000","88,641,000","111,387,000","33,564,000","135,134,000","54,745,000","89,058,000","94,872,000","60,141,000","147,340,000","122,149,000","50,100,000","16,924,000","6,675,000","-66,768,000","-90,668,000","-388,591,000","-22,689,000","11,079,000","2,367,000","16,704,000","40,989,000","27,654,000","-7,636,000","10,874,000","60,565,000","82,405,000","44,913,000","224,062,000","-35,378,000","-45,464,000","-52,572,000","3,348,000","41,149,000","80,493,000","40,247,000","-11,492,000","-53,514,000","-52,489,000","-76,498,000","-423,767,000","-166,833,000","-50,729,000","-77,140,000","-112,589,000","-103,404,000","-40,181,000","53,959,000","117,585,000","153,464,000","137,612,000","109,093,000","75,234,000","62,661,000","35,804,000","17,995,000","11,841,000","1,275,000","39,360,000","49,641,000","46,249,000","39,197,000","25,002,000","17,160,000","2,948,000","19,569,000","17,902,000","53,155,000","45,820,000","45,979,000","38,754,000","28,731,000","22,466,000","20,360,000","14,647,000","13,468,000","12,823,000","10,100,000","7,700,000","5,400,000","5,100,000","5,700,000","4,600,000","7,100,000","7,400,000","7,000,000","4,300,000","-500,000","-1,800,000","-7,900,000","-6,900,000","-4,700,000","-2,000,000","2,800,000",,,,,,,,,,,,,,,,
NormalizedIncome,"1,010,044,200","222,482,489.997","257,749,814","330,462,485","198,973,790","183,018,385.419","199,338,356","221,253,918","169,391,236","123,318,921.804","130,042,500","89,677,232","112,869,760","152,144,310","121,437,920","103,048,538","86,689,796","-100,542,000","99,841,516","176,911,648","87,546,186","69,688,000","75,130,787","106,438,424","51,373,038","2,481,400","71,666,237","102,579,085","32,787,000","-20,558,758.286","82,616,900","101,679,760","929,000","22,721,278.168","70,161,310","66,770,970","6,804,800","-16,749,050","89,228,641.864","106,797,907.192","32,078,831.248","138,413,900","56,164,393.76","91,066,409.356","68,506,219.97","60,662,300","146,518,234.339","123,725,810.285","51,252,856.363","16,983,506.523","10,047,850","-51,985,095.465","-75,967,644.351","-45,746,417.392","-4,874,150","19,286,192.153","10,742,250","16,922,250","32,447,591.332","27,750,095.375","3,599,250","11,960,000","51,333,645.387","64,715,874.572","43,991,522.462","62,447,400","-26,775,800","-39,347,000","-46,195,200","6,806,078.589","41,111,201.13","79,467,903.821","39,598,101.612","-3,432,200","-37,576,800","-45,302,200","-63,187,000","-388,280,000","-60,798,719.782","-50,009,639.433","-73,584,792.626","-112,589,000","-103,404,000","-40,181,000","53,959,000","117,585,000","153,464,000","137,612,000","109,093,000","75,234,000","62,661,000","35,804,000","17,995,000","11,841,000","1,275,000","39,360,000","49,641,000","46,249,000","39,197,000","25,002,000","17,160,000","2,948,000","19,569,000","17,902,000","53,155,000","45,820,000","45,979,000","38,754,000","28,731,000","22,466,000","20,360,000","14,647,000","13,468,000","12,823,000","9,328,472.222","7,140,000","4,909,090.909","4,581,355.932","5,340,000","4,196,491.228","6,461,797.753","6,858,536.585","6,551,282.051","4,117,021.277","-620,000","-744,827.586","-8,080,000","-6,967,647.059","-4,836,231.884","-2,240,000","1,502,439.024",,,,,,,,,,,,,,,,
InterestIncome,"2,627,000","561,000","626,000","633,000","808,000","793,000","1,071,000","1,368,000","2,751,000","6,144,000","5,159,000","5,430,000","8,052,000","9,084,000","6,213,000","5,427,000","5,981,000","6,476,000","4,517,000","3,292,000","3,520,000","3,095,000","2,892,000","1,666,000","1,642,000","2,016,000","1,708,000","1,674,000","1,816,000","2,035,000","2,432,000","1,266,000","1,036,000","8,340,000","948,000","903,000","1,072,000","1,256,000","1,067,000","874,000","893,000","878,000","3,049,000","1,403,000","1,287,000","2,114,000","1,466,000","3,681,000","842,000","497,000","1,003,000","1,141,000","777,000",,,,,,,,,,,,,,,,,,,,,,,,,,,,,,,,,,,,,,,,,,,,,,,,,,,,,,,,,,,,,,,,,,,,,,,,,,,,,,,,,,,,,,,,,,,,,,
InterestExpense,"17,820,000","2,466,000","3,785,000","5,566,000","6,004,000","6,351,000","6,237,000","6,043,000","5,551,000","5,950,000","5,682,000","5,800,000","5,713,000","13,182,000","5,557,000","5,639,000","6,890,000","5,380,000","5,372,000","5,509,000","5,402,000","1,603,000","633,000","691,000","710,000","762,000","508,000","444,000","162,000","306,000","510,000","541,000","6,597,000","-13,128,000","6,902,000","6,454,000","6,906,000","6,946,000","6,154,000","6,323,000","6,059,000","6,134,000","6,068,000","5,316,000","6,176,000","7,041,000","5,562,000","8,543,000","5,913,000","5,158,000","4,600,000","8,046,000","5,830,000",,,,,,,,,,,,,,,,,,,,,,,,,,,,,,,,,,,,,,,,,,,,,,,,,,,,,,,,,,,,,,,,,,,,,,,,,,,,,,,,,,,,,,,,,,,,,,
NetInterestIncome,"-15,193,000","-1,905,000","-3,159,000","-4,933,000","-5,196,000","-5,558,000","-5,166,000","-4,675,000","-2,800,000","194,000","-523,000","-370,000","2,339,000","-4,098,000","656,000","-212,000","-909,000","1,096,000","-855,000","-2,217,000","-1,882,000","1,492,000","2,259,000","975,000","932,000","1,254,000","1,200,000","1,230,000","1,654,000","1,729,000","2,432,000","725,000","-5,561,000","28,602,000","-5,954,000","-5,551,000","-5,834,000","-5,690,000","-5,087,000","-5,449,000","-5,166,000","-5,256,000","-3,019,000","-3,913,000","-4,889,000","-4,927,000","-4,096,000","-4,862,000","-5,071,000","-4,661,000","-3,597,000","-6,905,000","-5,053,000",,,,,,,,,,,,,,,,,,,,,,,,,,,,,,,,,,,,,,,,,,,,,,,,,,,,,,,,,,,,,,,,,,,,,,,,,,,,,,,,,,,,,,,,,,,,,,
EBIT,"1,178,775,000","257,647,000","301,540,000","389,592,000","229,997,000","229,277,000","269,968,000","223,334,000","202,620,000","154,833,000","157,415,000","136,977,000","99,692,000","124,308,000","146,401,000","125,651,000","102,710,000","103,463,000","132,809,000","212,386,000","97,418,000","60,488,000","60,314,000","-230,126,000","57,902,000","-8,095,000","87,916,000","132,580,000","42,600,000","-124,507,000","97,833,000","121,933,000","4,724,000","5,994,000","94,454,000","86,811,000","5,480,000","-23,339,000","109,179,000","158,315,000","47,303,000","-3,072,000","62,572,000","103,045,000","79,786,000","60,915,000","159,578,000","140,235,000","60,843,000","24,782,000","9,775,000","-60,922,000","-92,638,000","-373,012,000","11,313,000","27,457,000","14,270,000","5,951,000","29,131,000","22,043,000","1,386,000","2,346,000","50,228,000","63,891,000","46,259,000","23,968,000","-17,927,000","-30,292,000","-40,415,000","7,592,000","50,943,000","90,588,000","45,039,000","6,184,000","-22,760,000","-36,708,000","-51,881,000","-83,731,000","-77,819,000","-77,276,000","-113,846,000","-131,816,000","-169,874,000","-71,892,000","73,614,000","155,526,000","213,163,000","190,766,000","151,310,000","103,119,000","84,939,000","47,749,000","22,391,000","9,642,000","-761,000","53,066,000","71,987,000","66,468,000","52,748,000","34,809,000","21,276,000","-1,223,000","21,367,000","23,990,000","78,661,000","81,475,000","68,482,000","58,312,000","41,687,000","30,628,000","28,794,000","20,086,000","18,622,000","17,874,000","14,300,000","11,100,000","8,100,000","6,300,000","6,000,000","6,200,000","9,100,000","8,700,000","8,700,000","5,800,000","600,000","400,000","-6,700,000","-8,800,000","-5,600,000","-2,900,000","3,900,000","128,300,000","121,200,000","-315,900,000","119,000,000","108,500,000","108,300,000","-273,300,000","83,100,000","79,100,000","78,900,000","-239,100,000","83,000,000","74,300,000","75,200,000","-243,300,000","78,200,000"
EBITDA,"1,304,260,000"
ReconciledCostOfRevenue,"1,392,196,000","333,168,000","354,554,000","412,682,000","291,792,000","282,875,000","336,626,000","343,470,000","276,816,000","248,898,000","217,148,000","221,078,000","187,505,000","190,196,000","214,791,000","201,595,000","199,793,000","187,347,000","188,950,000","286,175,000","172,719,000","143,609,000","166,239,000","232,480,000","183,994,000","136,247,000","190,356,000","196,288,000","129,302,000","141,378,000","196,981,000","215,834,000","133,050,000","104,409,000","157,255,000","170,241,000","108,987,000","104,023,000","185,343,000","221,988,000","190,068,000","142,417,000","156,261,000","177,287,000","166,544,000","135,237,000","208,938,000","183,055,000","138,035,000","123,182,000","136,249,000","104,564,000","69,994,000","101,032,000","151,182,000","143,264,000","139,245,000","141,846,000","155,215,000","151,490,000","142,522,000","141,703,000","183,831,000","198,576,000","192,276,000","-58,035,000","283,051,000","222,007,000","216,441,000","244,200,000","269,344,000","299,835,000","254,628,000","229,955,000","230,622,000","242,921,000","250,470,000","277,414,000","256,231,000","239,194,000","217,552,000","212,923,000","272,017,000","311,261,000","385,607,000","457,537,000","460,752,000","402,570,000","348,840,000","309,655,000","281,299,000","236,940,000","219,858,000","209,639,000","239,131,000","246,457,000","251,947,000","226,136,000","190,651,000","164,648,000","152,935,000","159,522,000","163,747,000","214,715,000","186,637,000","243,900,000","149,651,000","135,210,000","117,621,000","105,965,000","99,964,000","87,342,000","85,662,000","108,096,000","69,300,000","72,000,000","65,000,000","67,900,000","69,200,000","71,600,000","68,500,000","65,800,000","65,900,000","67,700,000","60,500,000","66,600,000","63,200,000","58,200,000","60,200,000","60,400,000","61,000,000",,,,,,,,,,,,,,,,
ReconciledDepreciation,"125,485,000","29,993,000","30,301,000","31,459,000","33,732,000","32,055,000","30,149,000","32,659,000","31,880,000","32,298,000","29,499,000","29,265,000","29,593,000","30,385,000","29,506,000","27,793,000","25,540,000","26,519,000","26,670,000","27,673,000","27,213,000","25,297,000","25,364,000","32,686,000","36,662,000","36,083,000","37,065,000","33,141,000","34,484,000","37,590,000","38,179,000","37,591,000","39,184,000","39,319,000","39,891,000","35,478,000","35,999,000","37,197,000","36,280,000","35,219,000","34,103,000","37,351,000","25,037,000","25,437,000","25,499,000","25,092,000","24,664,000","24,731,000","25,400,000","27,115,000","27,372,000","26,101,000","25,493,000","22,786,000","23,177,000","25,367,000","23,430,000","16,242,000","16,384,000","16,496,000","18,373,000","17,489,000","18,415,000","18,092,000","19,544,000","192,000","31,043,000","31,631,000","28,302,000","27,834,000","31,865,000","33,973,000","30,636,000","36,745,000","36,779,000","39,438,000","39,526,000","43,667,000","37,506,000","40,912,000","37,604,000","37,615,000","35,334,000","35,328,000","30,391,000","26,332,000","23,723,000","27,515,000","24,292,000","21,776,000","20,520,000","22,045,000","22,045,000","20,558,000","19,346,000","19,370,000","17,030,000","15,128,000","14,690,000","14,659,000","14,674,000","13,351,000","12,745,000","12,490,000","12,317,000","14,627,000","10,263,000","9,508,000","8,748,000","9,088,000","8,781,000","8,780,000","8,651,000","8,642,000","8,900,000","8,600,000","8,400,000","9,400,000","8,600,000","8,700,000","8,600,000","9,000,000","9,600,000","9,000,000","9,000,000","6,100,000","9,600,000","9,700,000","9,200,000","6,000,000","9,300,000",,,,,,,,,,,,,,,,
NetIncomeFromContinuingOperationNetMinorityInterest,"1,014,589,000","224,040,000","256,718,000","328,319,000","205,512,000","196,332,000","222,718,000","188,908,000","176,191,000","125,073,000","135,860,000","97,397,000","109,138,000","143,788,000","119,981,000","101,037,000","86,974,000","-105,924,000","103,420,000","174,976,000","85,221,000","66,346,000","63,794,000","-223,546,000","49,986,000","-641,000","71,453,000","102,879,000","32,787,000","-103,811,000","82,949,000","101,205,000","929,000","22,343,000","69,459,000","66,556,000","6,589,000","-16,543,000","88,641,000","111,387,000","33,564,000","135,134,000","54,745,000","89,890,000","68,124,000","60,141,000","147,340,000","122,149,000","50,100,000","16,924,000","6,675,000","-66,768,000","-90,668,000","-388,591,000","-23,457,000","11,079,000","2,367,000","17,153,000","35,198,000","27,246,000","-7,636,000","10,874,000","64,451,000","82,405,000","44,913,000","72,957,000","-35,378,000","-45,464,000","-52,572,000","3,348,000","41,149,000","80,493,000","40,247,000","-11,492,000","-53,514,000","-52,489,000","-76,498,000","-423,767,000","-166,833,000","-50,729,000","-77,140,000","-112,589,000","-103,404,000","-40,181,000","53,959,000","117,585,000","153,464,000","137,612,000","109,093,000","75,234,000","62,661,000","35,804,000","17,995,000","11,841,000","1,275,000","39,360,000","49,641,000","46,249,000","39,197,000","25,002,000","17,160,000","2,948,000","19,569,000","17,902,000","53,155,000","45,820,000","45,979,000","38,754,000","28,731,000","22,466,000","20,360,000","14,647,000","13,468,000","12,823,000","10,100,000","7,700,000","5,400,000","5,100,000","5,700,000","4,600,000","7,100,000","7,400,000","7,000,000","4,300,000","-500,000","-1,800,000","-7,900,000","-6,900,000","-4,700,000","-2,000,000","2,800,000",,,,,,,,,,,,,,,,
TotalUnusualItemsExcludingGoodwill,"5,200,000","1,774,000","-1,197,000","-2,507,000","7,130,000","15,117,000","27,701,000","-37,222,000","7,606,000","2,088,000","6,500,000","10,404,000","-5,112,000","-11,447,000","-1,710,000","-2,389,000","313,000","-8,970,000","4,407,000","-2,288,000","-2,511,000","-5,570,000","-12,177,000","-340,893,000","-1,587,000","-5,204,000","-261,000","385,000","0","-100,095,000","405,000","-572,000","0","-600,000","-889,000","-259,000","-332,000","317,000","-683,000","6,262,000","1,825,000","-5,046,000","-1,465,000","-1,279,000","-413,000","-802,000","859,000","-1,700,000","-1,264,000","-69,000","-5,189,000","-15,270,000","-15,965,000","-343,456,000","-28,589,000","-12,726,000","-12,885,000","355,000","3,119,000","-568,000","-17,285,000","-1,810,000","15,118,000","19,702,000","1,097,000","17,516,000","-14,337,000","-10,195,000","-10,628,000","-3,864,000","46,000","1,139,000","721,000","-13,433,000","-26,562,000","-11,978,000","-22,185,000","-59,145,000","-137,619,000","-1,124,000","-5,555,000",,,,,,,,,,,,,,,,,,,,,,,,,,,,,,,,,,"1,100,000","800,000","700,000","600,000","600,000","500,000","800,000","600,000","500,000","200,000","200,000","-1,700,000","300,000","100,000","200,000","400,000","1,900,000",,,,,,,,,,,,,,,,
TotalUnusualItems,"5,200,000","1,774,000","-1,197,000","-2,507,000","7,130,000","15,117,000","27,701,000","-37,222,000","7,606,000","2,088,000","6,500,000","10,404,000","-5,112,000","-11,447,000","-1,710,000","-2,389,000","313,000","-8,970,000","4,407,000","-2,288,000","-2,511,000","-5,570,000","-12,177,000","-340,893,000","-1,587,000","-5,204,000","-261,000","385,000","0","-100,095,000","405,000","-572,000","0","-600,000","-889,000","-259,000","-332,000","317,000","-683,000","6,262,000","1,825,000","-5,046,000","-1,465,000","-1,279,000","-413,000","-802,000","859,000","-1,700,000","-1,264,000","-69,000","-5,189,000","-15,270,000","-15,965,000","-343,456,000","-28,589,000","-12,726,000","-12,885,000","355,000","3,119,000","-568,000","-17,285,000","-1,810,000","15,118,000","19,702,000","1,097,000","17,516,000","-14,337,000","-10,195,000","-10,628,000","-3,864,000","46,000","1,139,000","721,000","-13,433,000","-26,562,000","-11,978,000","-22,185,000","-59,145,000","-137,619,000","-1,124,000","-5,555,000",,,,,,,,,,,,,,,,,,,,,,,,,,,,,,,,,,"1,100,000","800,000","700,000","600,000","600,000","500,000","800,000","600,000","500,000","200,000","200,000","-1,700,000","300,000","100,000","200,000","400,000","1,900,000",,,,,,,,,,,,,,,,
NormalizedEBITDA,"1,299,060,000","285,866,000","333,038,000","423,558,000","256,599,000","246,215,000","272,416,000","293,215,000","226,894,000","185,043,000","180,414,000","155,838,000","134,397,000","166,140,000","177,617,000","155,833,000","127,937,000","138,952,000","155,072,000","242,347,000","127,142,000","91,355,000","97,855,000","143,453,000","96,151,000","33,192,000","125,242,000","165,336,000","77,084,000","13,178,000","135,607,000","160,096,000","43,908,000","45,913,000","135,234,000","122,548,000","41,811,000","13,541,000","146,142,000","187,272,000","79,581,000","39,325,000","89,074,000","129,761,000","105,698,000","86,809,000","183,383,000","166,666,000","87,507,000","51,966,000","42,336,000","-19,551,000","-51,180,000","-6,770,000","63,079,000","65,550,000","50,585,000","21,838,000","42,396,000","39,107,000","37,044,000","21,645,000","53,525,000","62,281,000","64,706,000","6,644,000","27,453,000","11,534,000","-1,485,000","39,290,000","82,762,000","123,422,000","74,954,000","56,362,000","40,581,000","14,708,000","9,830,000","19,081,000","97,306,000","-35,240,000","-70,687,000","-94,201,000","-134,540,000","-36,564,000","104,005,000","181,858,000","236,886,000","218,281,000","175,602,000","124,895,000","105,459,000","69,794,000","44,436,000","30,200,000","18,585,000","72,436,000","89,017,000","81,596,000","67,438,000","49,468,000","35,950,000","12,128,000","34,112,000","36,480,000","90,978,000","96,102,000","78,745,000","67,820,000","50,435,000","39,716,000","37,575,000","28,866,000","27,273,000","26,516,000","22,100,000","18,900,000","15,800,000","15,100,000","14,000,000","14,400,000","16,900,000","17,100,000","17,800,000","14,600,000","9,400,000","8,200,000","2,600,000","800,000","3,400,000","2,700,000","11,300,000","128,300,000","121,200,000","-315,900,000","119,000,000","108,500,000","108,300,000","-273,300,000","83,100,000","79,100,000","78,900,000","-239,100,000","83,000,000","74,300,000","75,200,000","-243,300,000","78,200,000"
TaxRateForCalcs,"0.126","0.122","0.138","0.145","0.083","0.119","0.156","0.131","0.106","0.16","0.105","0.258","0.27","0.27","0.148","0.158","0.092","0.4","0.188","0.154","0.074","0.4","0.069","0.032","0.126","0.4","0.183","0.221","0.227","0.168","0.18","0.17","0.35","0.37","0.21","0.17","0.35","0.35","0.14","0.267","0.186","0.35","0.031","0.08","0.075","0.35","0.043","0.072","0.088","0.138","0.35","0.032","0.079","0.002","0.35","0.355","0.35","0.35","0.118","0.113","0.35","0.4","0.132","0.102","0.16","0.4","0.4","0.4","0.4","0.105","0.178","0.1","0.1","0.4","0.4","0.4","0.4","0.4","0.23","0.36","0.36","0.38","0.383","0.258","0.3","0.3","0.3","0.3","0.3","0.3","0.3","0.3","0.3","0.098","0.32","0.293","0.34","0.34","0.317","0.367","0.35","0.33","0.246","0.35","0.35","0.369","0.36","0.367","0.35","0.31","0.323","0.3","0.3","0.3","0.299","0.3","0.299","0.136","0.4","0.193","0.202","0.098","0.103","0.085","0.4","0.379","0.4","0.324","0.319","0.4","0.317",,,,,,,,,,,,,,,,
TaxEffectOfUnusualItems,"655,200","216,489.997","-165,186","-363,515","591,790","1,803,385.419","4,321,356","-4,876,082","806,236","333,921.804","682,500","2,684,232","-1,380,240","-3,090,690","-253,080","-377,462","28,796","-3,588,000","828,516","-352,352","-185,814","-2,228,000","-840,213","-10,908,576","-199,962","-2,081,600","-47,763","85,085","0","-16,842,758.286","72,900","-97,240","0","-221,721.832","-186,690","-44,030","-116,200","110,950","-95,358.136","1,672,907.192","339,831.248","-1,766,100","-45,606.24","-102,590.644","-30,780.03","-280,700","37,234.339","-123,189.715","-111,143.637","-9,493.477","-1,816,150","-487,095.465","-1,264,644.351","-611,417.392","-10,006,150","-4,518,807.847","-4,509,750","124,250","368,591.332","-63,904.625","-6,049,750","-724,000","2,000,645.387","2,012,874.572","175,522.462","7,006,400","-5,734,800","-4,078,000","-4,251,200","-405,921.411","8,201.13","113,903.821","72,101.612","-5,373,200","-10,624,800","-4,791,200","-8,874,000","-23,658,000","-31,584,719.782","-404,639.433","-1,999,792.626","0","0","0","0","0","0","0","0","0","0","0","0","0","0","0","0","0","0","0","0","0","0","0","0","0","0","0","0","0","0","0","0","0","328,472.222","240,000","209,090.909","81,355.932","240,000","96,491.228","161,797.753","58,536.585","51,282.051","17,021.277","80,000","-644,827.586","120,000","32,352.941","63,768.116","160,000","602,439.024",,,,,,,,,,,,,,,,