name,ttm,01/31/2022,10/31/2021,07/31/2021,04/30/2021,01/31/2021,10/31/2020,07/31/2020,04/30/2020,01/31/2020,10/31/2019,07/31/2019,04/30/2019,01/31/2019,10/31/2018,07/31/2018,04/30/2018,01/31/2018,10/31/2017,07/31/2017,04/30/2017,01/31/2017,10/31/2016,07/31/2016,04/30/2016,01/31/2016,10/31/2015,07/31/2015,04/30/2015,01/31/2015,10/31/2014,07/31/2014,04/30/2014,01/31/2014,10/31/2013,07/31/2013,04/30/2013,01/31/2013,10/31/2012,07/31/2012,04/30/2012,01/31/2012,10/31/2011,07/31/2011,04/30/2011,01/31/2011,10/31/2010,07/31/2010,04/30/2010,01/31/2010,10/31/2009,07/31/2009,04/30/2009,01/31/2009,10/31/2008,07/31/2008,04/30/2008,01/31/2008,10/31/2007,07/31/2007,04/30/2007,01/31/2007,10/31/2006,07/31/2006,04/30/2006,01/31/2006,10/31/2005,07/31/2005,04/30/2005,01/31/2005,10/31/2004,07/31/2004,04/30/2004,01/31/2004,10/31/2003,07/31/2003,04/30/2003,01/31/2003,10/31/2002,07/31/2002,04/30/2002,01/31/2002,10/31/2001,07/31/2001,04/30/2001,01/31/2001,10/31/2000,07/31/2000,04/30/2000,01/31/2000,10/31/1999,07/31/1999,04/30/1999,01/31/1999,10/31/1998,07/31/1998,04/30/1998,01/31/1998,10/31/1997,07/31/1997,04/30/1997,01/31/1997,10/31/1996,07/31/1996,04/30/1996,01/31/1996,10/31/1995,07/31/1995,04/30/1995,01/31/1995,10/31/1994,07/31/1994,04/30/1994,01/31/1994,10/31/1993,07/31/1993,04/30/1993,01/31/1993,10/31/1992,07/31/1992,04/30/1992,01/31/1992,10/31/1991,07/31/1991,04/30/1991,01/31/1991,10/31/1990,07/31/1990,04/30/1990,01/31/1990,10/31/1989,07/31/1989,04/30/1989,01/31/1989,10/31/1988,07/31/1988,04/30/1988,01/31/1988,10/31/1987,07/31/1987,04/30/1987,01/31/1987,10/31/1986,07/31/1986,04/30/1986,01/31/1986,10/31/1985
TotalRevenue,"106,005,000,000","30,996,000,000","25,652,000,000","25,160,000,000","24,197,000,000","28,339,000,000","22,632,000,000","22,975,000,000","19,615,000,000","23,399,000,000","18,665,000,000","18,422,000,000","17,627,000,000","22,977,000,000","17,821,000,000","17,776,000,000","16,781,000,000","22,766,000,000","16,667,000,000","16,429,000,000","16,017,000,000","20,690,000,000","16,441,000,000","16,169,000,000","16,196,000,000","21,626,000,000","17,613,000,000","17,427,000,000","17,119,000,000","20,430,000,000","17,732,000,000","17,406,000,000","17,050,000,000","21,515,000,000","17,258,000,000","17,117,000,000","16,706,000,000","22,726,000,000","16,929,000,000","16,779,000,000","16,867,000,000","21,288,000,000","16,402,000,000","16,240,000,000","15,935,000,000","20,661,000,000","15,605,000,000","15,532,000,000","15,593,000,000","20,181,000,000","15,276,000,000","15,067,000,000","14,833,000,000","19,560,000,000","15,114,000,000","15,472,000,000","14,802,000,000","19,871,000,000","14,835,000,000","14,620,000,000","14,041,000,000","19,710,000,000","13,570,000,000","13,347,000,000","12,863,000,000","16,947,000,000","12,206,000,000","11,990,000,000","11,477,000,000","15,194,000,000","10,909,000,000","10,556,000,000","11,587,000,000","15,571,000,000","11,286,000,000","10,984,000,000","10,322,000,000","14,061,000,000","10,194,000,000","10,068,000,000","9,594,000,000","13,237,000,000","9,354,000,000","8,952,000,000","8,345,000,000","12,324,000,000","8,582,000,000","8,251,000,000","7,746,000,000","10,727,000,000","8,009,000,000","7,752,000,000","7,214,000,000","10,139,000,000","7,288,000,000","7,056,000,000","6,468,000,000","8,953,000,000","6,622,000,000","6,293,000,000","5,889,000,000","8,167,000,000","6,073,000,000","5,751,000,000","5,380,000,000","7,950,000,000","5,573,000,000","5,236,000,000","4,757,000,000","6,998,000,000","5,046,000,000","4,802,000,000","4,465,000,000","6,281,000,000","4,625,000,000","4,287,000,000","4,040,000,000","5,901,000,000","4,340,000,000","3,967,000,000","3,719,000,000","5,249,000,000","3,955,000,000","3,562,000,000","3,349,000,000","4,865,000,000","3,625,000,000","3,242,000,000","3,007,000,000","4,485,000,000","3,236,000,000","3,097,000,000","2,826,000,000","4,099,800,000","2,867,400,000","2,693,300,000","2,543,500,000","3,679,100,000","2,538,900,000","2,306,200,000","2,153,100,000","3,115,500,000","2,215,200,000","2,041,700,000","1,886,700,000","2,938,700,000","2,071,900,000"
	OperatingRevenue,"104,611,000,000","30,616,000,000","25,290,000,000","24,826,000,000","23,879,000,000","27,997,000,000","22,336,000,000","22,696,000,000","19,371,000,000","23,133,000,000","18,414,000,000","18,183,000,000","17,401,000,000","22,734,000,000","17,590,000,000","17,552,000,000","16,556,000,000","22,766,000,000","16,667,000,000","16,429,000,000","16,017,000,000","20,690,000,000","16,441,000,000","16,169,000,000","16,196,000,000","21,626,000,000","17,613,000,000","17,427,000,000","17,119,000,000","20,430,000,000","17,732,000,000","17,406,000,000","17,050,000,000","21,515,000,000","17,258,000,000","17,117,000,000","16,706,000,000","22,726,000,000","16,929,000,000","16,779,000,000","16,867,000,000","21,288,000,000","16,402,000,000","16,240,000,000","15,935,000,000","20,661,000,000","15,605,000,000","15,532,000,000","15,593,000,000","20,181,000,000","15,276,000,000","15,067,000,000","14,833,000,000","19,560,000,000","15,114,000,000","15,472,000,000","14,802,000,000","19,871,000,000","14,835,000,000","14,620,000,000","14,041,000,000","19,710,000,000","13,570,000,000","13,347,000,000","12,863,000,000","16,947,000,000","12,206,000,000","11,990,000,000","11,477,000,000","15,194,000,000","10,909,000,000","10,556,000,000","11,587,000,000","15,571,000,000","11,286,000,000","10,984,000,000","10,322,000,000","14,061,000,000","10,194,000,000","10,068,000,000","9,594,000,000","13,237,000,000","9,354,000,000","8,952,000,000","8,345,000,000","12,324,000,000","8,582,000,000","8,251,000,000","7,746,000,000","10,727,000,000","8,009,000,000","7,752,000,000","7,214,000,000","10,139,000,000","7,288,000,000","7,056,000,000","6,468,000,000","8,953,000,000","6,622,000,000","6,293,000,000","5,889,000,000","8,167,000,000","6,073,000,000","5,751,000,000","5,380,000,000","7,950,000,000","5,573,000,000","5,236,000,000","4,757,000,000","6,998,000,000","5,046,000,000","4,802,000,000","4,465,000,000","6,281,000,000","4,625,000,000","4,287,000,000","4,040,000,000","5,901,000,000","4,340,000,000","3,967,000,000","3,719,000,000","5,249,000,000","3,955,000,000","3,562,000,000","3,349,000,000","4,865,000,000","3,625,000,000","3,242,000,000","3,007,000,000","4,485,000,000","3,236,000,000","3,097,000,000","2,826,000,000","4,099,800,000","2,867,400,000","2,693,300,000","2,543,500,000","3,679,100,000","2,538,900,000","2,306,200,000","2,153,100,000","3,115,500,000","2,215,200,000","2,041,700,000","1,886,700,000","2,938,700,000","2,071,900,000"
CostOfRevenue,"74,963,000,000","22,761,000,000","18,206,000,000","17,280,000,000","16,716,000,000","20,485,000,000","15,509,000,000","15,673,000,000","14,510,000,000","17,056,000,000","12,935,000,000","12,625,000,000","12,248,000,000","16,899,000,000","12,535,000,000","12,239,000,000","11,625,000,000","16,795,000,000","11,712,000,000","11,419,000,000","11,134,000,000","15,115,000,000","11,471,000,000","11,102,000,000","11,185,000,000","15,595,000,000","12,440,000,000","12,051,000,000","11,911,000,000","14,491,000,000","12,555,000,000","12,165,000,000","12,067,000,000","15,719,000,000","12,133,000,000","11,745,000,000","11,563,000,000","16,296,000,000","11,675,000,000","11,405,000,000","11,661,000,000","15,149,000,000","11,274,000,000","10,958,000,000","10,926,000,000","14,625,000,000","10,760,000,000","10,507,000,000","10,692,000,000","14,350,000,000","10,610,000,000","10,302,000,000","10,320,000,000","13,825,000,000","10,130,000,000","10,304,000,000","9,898,000,000","13,762,000,000","9,993,000,000","9,621,000,000","9,356,000,000","12,837,000,000","9,073,000,000","8,856,000,000","8,633,000,000","11,509,000,000","8,034,000,000","8,015,000,000","7,556,000,000","10,348,000,000","7,319,000,000","7,009,000,000","7,556,000,000","10,404,000,000","7,444,000,000","7,245,000,000","6,764,000,000","9,562,000,000","6,736,000,000","6,640,000,000","6,322,000,000","9,150,000,000","6,374,000,000","6,100,000,000","5,622,000,000","8,639,000,000","5,860,000,000","5,593,000,000","5,203,000,000","6,387,000,000","5,799,000,000","5,603,000,000","5,240,000,000","7,431,000,000","5,333,000,000","5,143,000,000","4,727,000,000","6,666,000,000","4,815,000,000","4,586,000,000","4,253,000,000","6,030,000,000","4,452,000,000","4,197,000,000","3,949,000,000","6,014,000,000","4,113,000,000","3,896,000,000","3,504,000,000","5,169,000,000","3,695,000,000","3,519,000,000","3,253,000,000","4,593,000,000","3,417,000,000","3,180,000,000","2,973,000,000","4,331,000,000","3,189,000,000","2,899,000,000","2,710,000,000","3,820,000,000","2,913,000,000","2,598,000,000","2,420,000,000","3,508,000,000","2,617,000,000","2,358,000,000","2,166,000,000","3,263,000,000","2,346,000,000","2,243,000,000",,,,,,,,,,,,,,,
GrossProfit,"31,042,000,000","8,235,000,000","7,446,000,000","7,880,000,000","7,481,000,000","7,854,000,000","7,123,000,000","7,302,000,000","5,105,000,000","6,343,000,000","5,730,000,000","5,797,000,000","5,379,000,000","6,078,000,000","5,286,000,000","5,537,000,000","5,156,000,000","5,971,000,000","4,955,000,000","5,010,000,000","4,883,000,000","5,575,000,000","4,970,000,000","5,067,000,000","5,011,000,000","6,031,000,000","5,173,000,000","5,376,000,000","5,208,000,000","5,939,000,000","5,177,000,000","5,241,000,000","4,983,000,000","5,796,000,000","5,125,000,000","5,372,000,000","5,143,000,000","6,430,000,000","5,254,000,000","5,374,000,000","5,206,000,000","6,139,000,000","5,128,000,000","5,282,000,000","5,009,000,000","6,036,000,000","4,845,000,000","5,025,000,000","4,901,000,000","5,831,000,000","4,666,000,000","4,765,000,000","4,513,000,000","5,735,000,000","4,984,000,000","5,168,000,000","4,904,000,000","6,109,000,000","4,842,000,000","4,999,000,000","4,685,000,000","6,873,000,000","4,497,000,000","4,491,000,000","4,230,000,000","5,438,000,000","4,172,000,000","3,975,000,000","3,921,000,000","4,846,000,000","3,590,000,000","3,547,000,000","4,031,000,000","5,167,000,000","3,842,000,000","3,739,000,000","3,558,000,000","4,499,000,000","3,458,000,000","3,428,000,000","3,272,000,000","4,087,000,000","2,980,000,000","2,852,000,000","2,723,000,000","3,685,000,000","2,722,000,000","2,658,000,000","2,543,000,000","4,340,000,000","2,210,000,000","2,149,000,000","1,974,000,000","2,708,000,000","1,955,000,000","1,913,000,000","1,741,000,000","2,287,000,000","1,807,000,000","1,707,000,000","1,636,000,000","2,137,000,000","1,621,000,000","1,554,000,000","1,431,000,000","1,936,000,000","1,460,000,000","1,340,000,000","1,253,000,000","1,829,000,000","1,351,000,000","1,283,000,000","1,212,000,000","1,688,000,000","1,208,000,000","1,107,000,000","1,067,000,000","1,570,000,000","1,151,000,000","1,068,000,000","1,009,000,000","1,429,000,000","1,042,000,000","964,000,000","929,000,000","1,357,000,000","1,008,000,000","884,000,000","841,000,000","1,222,000,000","890,000,000","854,000,000",,,,,,,,,,,,,,,
OperatingExpense,"22,096,000,000","6,140,000,000","5,436,000,000","5,413,000,000","5,107,000,000","6,018,000,000","5,188,000,000","5,002,000,000","4,637,000,000","5,145,000,000","4,728,000,000","4,473,000,000","4,244,000,000","4,961,000,000","4,467,000,000","4,404,000,000","4,115,000,000","4,819,000,000","4,086,000,000","3,896,000,000","3,705,000,000","4,227,000,000","3,909,000,000","3,819,000,000","3,699,000,000","4,482,000,000","4,297,000,000","4,046,000,000","4,054,000,000","3,711,000,000","4,500,000,000","4,422,000,000","4,172,000,000","4,810,000,000","4,422,000,000","4,240,000,000","4,126,000,000","4,767,000,000","4,246,000,000","4,119,000,000","3,921,000,000","4,439,000,000","4,071,000,000","3,982,000,000","3,745,000,000","4,259,000,000","3,878,000,000","3,759,000,000","3,659,000,000","4,209,000,000","3,792,000,000","3,614,000,000","3,487,000,000","4,578,000,000","4,117,000,000","3,948,000,000","3,746,000,000","4,263,000,000","3,884,000,000","3,732,000,000","3,485,000,000","4,912,000,000","3,540,000,000","3,357,000,000","3,213,000,000","3,832,000,000","3,341,000,000","2,996,000,000","3,014,000,000","3,467,000,000","2,946,000,000","2,752,000,000","3,183,000,000","3,699,000,000","3,230,000,000","3,005,000,000","2,853,000,000","3,232,000,000","2,865,000,000","2,715,000,000","2,581,000,000","2,891,000,000","2,560,000,000","2,304,000,000","2,207,000,000","2,669,000,000","2,263,000,000","2,140,000,000","2,058,000,000","3,388,000,000","1,716,000,000","1,677,000,000","1,563,000,000","1,906,000,000","1,549,000,000","1,528,000,000","1,380,000,000","1,604,000,000","1,403,000,000","1,367,000,000","1,321,000,000","1,540,000,000","1,316,000,000","1,276,000,000","1,252,000,000","1,455,000,000","1,278,000,000","1,185,000,000","1,128,000,000","1,262,000,000","1,134,000,000","1,097,000,000","1,042,000,000","1,133,000,000","1,021,000,000","956,000,000","907,000,000","1,063,000,000","949,000,000","893,000,000","845,000,000","1,023,000,000","884,000,000","806,000,000","781,000,000","886,000,000","820,000,000","713,000,000","687,000,000","803,000,000","693,000,000","697,000,000",,,,,,,,,,,,,,,
	SellingGeneralAndAdministration,"19,752,000,000","5,535,000,000","4,859,000,000","4,849,000,000","4,509,000,000","5,448,000,000","4,647,000,000","4,460,000,000","4,060,000,000","4,505,000,000","4,153,000,000","3,912,000,000","3,663,000,000","4,376,000,000","3,937,000,000","3,865,000,000","3,545,000,000","4,221,000,000","3,512,000,000","3,382,000,000","3,132,000,000","3,615,000,000","3,339,000,000","3,249,000,000","3,153,000,000","3,920,000,000","3,736,000,000","3,495,000,000","3,514,000,000","3,373,000,000","3,894,000,000","3,816,000,000","3,593,000,000","4,235,000,000","3,853,000,000","3,698,000,000","3,590,000,000","4,228,000,000","3,704,000,000","3,588,000,000","3,392,000,000","3,876,000,000","3,525,000,000","3,473,000,000","3,233,000,000","3,720,000,000","3,345,000,000","3,263,000,000","3,143,000,000","3,673,000,000","3,255,000,000","3,136,000,000","3,015,000,000","4,104,000,000","3,648,000,000","3,500,000,000","3,311,000,000","3,829,000,000","3,455,000,000","3,328,000,000","3,093,000,000","4,510,000,000","3,151,000,000","2,987,000,000","2,879,000,000","3,463,000,000","2,987,000,000","2,650,000,000","2,674,000,000","3,123,000,000","2,622,000,000","2,453,000,000","2,838,000,000","3,355,000,000","2,900,000,000","2,676,000,000","2,536,000,000","2,909,000,000","2,560,000,000","2,420,000,000","2,292,000,000","2,608,000,000","2,279,000,000","2,045,000,000","1,951,000,000","2,422,000,000","2,024,000,000","1,910,000,000","1,834,000,000","3,565,000,000","1,368,000,000","1,333,000,000","1,224,000,000","1,561,000,000","1,228,000,000","1,214,000,000","1,074,000,000","1,307,000,000","1,111,000,000","1,080,000,000","1,034,000,000","1,256,000,000","1,041,000,000","1,009,000,000","983,000,000","1,182,000,000","1,027,000,000","941,000,000","893,000,000","1,027,000,000","910,000,000","874,000,000","820,000,000","920,000,000","809,000,000","748,000,000","698,000,000","862,000,000","756,000,000","704,000,000","656,000,000","844,000,000","711,000,000","639,000,000","607,000,000","724,000,000","647,000,000","563,000,000","544,000,000","662,000,000","558,000,000","561,000,000",,,,,,,,,,,,,,,
	DepreciationAmortizationDepletionIncomeStatement,"2,344,000,000","605,000,000","577,000,000","564,000,000","598,000,000","570,000,000","541,000,000","542,000,000","577,000,000","640,000,000","575,000,000","561,000,000","581,000,000","585,000,000","530,000,000","539,000,000","570,000,000","598,000,000","574,000,000","514,000,000","573,000,000","612,000,000","570,000,000","570,000,000","546,000,000","562,000,000","561,000,000","551,000,000","540,000,000","338,000,000","606,000,000","606,000,000","579,000,000","575,000,000","569,000,000","542,000,000","536,000,000","539,000,000","542,000,000","531,000,000","529,000,000","563,000,000","546,000,000","509,000,000","512,000,000","539,000,000","533,000,000","496,000,000","516,000,000","536,000,000","537,000,000","478,000,000","472,000,000","474,000,000","469,000,000","448,000,000","435,000,000","434,000,000","429,000,000","404,000,000","392,000,000","402,000,000","389,000,000","370,000,000","334,000,000","369,000,000","354,000,000","346,000,000","340,000,000","344,000,000","324,000,000","299,000,000","345,000,000","344,000,000","330,000,000","329,000,000","317,000,000","323,000,000","305,000,000","295,000,000","289,000,000","283,000,000","281,000,000","259,000,000","256,000,000","247,000,000","239,000,000","230,000,000","224,000,000","223,000,000","213,000,000","212,000,000","206,000,000","203,000,000","200,000,000","193,000,000","184,000,000","173,000,000","176,000,000","174,000,000","170,000,000","168,000,000","166,000,000","159,000,000","157,000,000","163,000,000","148,000,000","143,000,000","140,000,000","135,000,000","136,000,000","131,000,000","129,000,000","122,000,000","127,000,000","126,000,000","124,000,000","118,000,000","117,000,000","113,000,000","111,000,000","105,000,000","103,000,000","98,000,000","104,000,000","93,000,000","107,000,000","90,000,000","82,000,000","80,000,000","80,000,000","80,000,000",,,,,,,,,,,,,,,
		DepreciationAndAmortizationInIncomeStatement,"2,344,000,000","605,000,000","577,000,000","564,000,000","598,000,000","570,000,000","541,000,000","542,000,000","577,000,000","640,000,000","575,000,000","561,000,000","581,000,000","585,000,000","530,000,000","539,000,000","570,000,000","598,000,000","574,000,000","514,000,000","573,000,000","612,000,000","570,000,000","570,000,000","546,000,000","562,000,000","561,000,000","551,000,000","540,000,000","338,000,000","606,000,000","606,000,000","579,000,000","575,000,000","569,000,000","542,000,000","536,000,000","539,000,000","542,000,000","531,000,000","529,000,000","563,000,000","546,000,000","509,000,000","512,000,000","539,000,000","533,000,000","496,000,000","516,000,000","536,000,000","537,000,000","478,000,000","472,000,000","474,000,000","469,000,000","448,000,000","435,000,000","434,000,000","429,000,000","404,000,000","392,000,000","402,000,000","389,000,000","370,000,000","334,000,000","369,000,000","354,000,000","346,000,000","340,000,000","344,000,000","324,000,000","299,000,000","345,000,000","344,000,000","330,000,000","329,000,000","317,000,000","323,000,000","305,000,000","295,000,000","289,000,000","283,000,000","281,000,000","259,000,000","256,000,000","247,000,000","239,000,000","230,000,000","224,000,000","223,000,000","213,000,000","212,000,000","206,000,000","203,000,000","200,000,000","193,000,000","184,000,000","173,000,000","176,000,000","174,000,000","170,000,000","168,000,000","166,000,000","159,000,000","157,000,000","163,000,000","148,000,000","143,000,000","140,000,000","135,000,000","136,000,000","131,000,000","129,000,000","122,000,000","127,000,000","126,000,000","124,000,000","118,000,000","117,000,000","113,000,000","111,000,000","105,000,000","103,000,000","98,000,000","104,000,000","93,000,000","107,000,000","90,000,000","82,000,000","80,000,000","80,000,000","80,000,000",,,,,,,,,,,,,,,
	OtherOperatingExpenses,,,,,,,,,,,,,,,,,,,,,,,,,,,,,,,,,,,,,,,,,,,,,,,,,,,,,,,,,,,,,,,,,,,,,,,,,,,,,,,,,,,,,,,,,,,"135,000,000","132,000,000","133,000,000","142,000,000","121,000,000","121,000,000","122,000,000","124,000,000","116,000,000","113,000,000","117,000,000","116,000,000","109,000,000","108,000,000","112,000,000","110,000,000","103,000,000","101,000,000","95,000,000","100,000,000","88,000,000","92,000,000","93,000,000","91,000,000","85,000,000","82,000,000","85,000,000","83,000,000","76,000,000","76,000,000","78,000,000","74,000,000","70,000,000","69,000,000","70,000,000","69,000,000","66,000,000","60,000,000","61,000,000","61,000,000","55,000,000","56,000,000",,,,,,,,,,,,,,,
OperatingIncome,"8,946,000,000","2,095,000,000","2,010,000,000","2,467,000,000","2,374,000,000","1,836,000,000","1,935,000,000","2,300,000,000","468,000,000","1,198,000,000","1,002,000,000","1,324,000,000","1,135,000,000","1,117,000,000","819,000,000","1,133,000,000","1,041,000,000","1,152,000,000","869,000,000","1,114,000,000","1,178,000,000","1,348,000,000","1,061,000,000","1,248,000,000","1,312,000,000","1,549,000,000","876,000,000","1,330,000,000","1,154,000,000","2,228,000,000","677,000,000","819,000,000","811,000,000","986,000,000","703,000,000","1,132,000,000","1,017,000,000","1,663,000,000","1,008,000,000","1,255,000,000","1,285,000,000","1,700,000,000","1,057,000,000","1,300,000,000","1,264,000,000","1,777,000,000","967,000,000","1,266,000,000","1,242,000,000","1,622,000,000","874,000,000","1,151,000,000","1,026,000,000","1,157,000,000","867,000,000","1,220,000,000","1,158,000,000","1,846,000,000","958,000,000","1,267,000,000","1,200,000,000","1,961,000,000","957,000,000","1,134,000,000","1,017,000,000","1,606,000,000","831,000,000","979,000,000","907,000,000","1,379,000,000","644,000,000","795,000,000","848,000,000","1,468,000,000","612,000,000","734,000,000","705,000,000","1,267,000,000","593,000,000","713,000,000","691,000,000","1,196,000,000","420,000,000","548,000,000","516,000,000","1,016,000,000","459,000,000","518,000,000","485,000,000","952,000,000","494,000,000","472,000,000","411,000,000","802,000,000","406,000,000","385,000,000","361,000,000","683,000,000","404,000,000","340,000,000","315,000,000","597,000,000","305,000,000","278,000,000","179,000,000","481,000,000","182,000,000","155,000,000","125,000,000","567,000,000","217,000,000","186,000,000","170,000,000","555,000,000","187,000,000","151,000,000","160,000,000","507,000,000","202,000,000","175,000,000","164,000,000","406,000,000","158,000,000","158,000,000","148,000,000","471,000,000","188,000,000","171,000,000","154,000,000","419,000,000","197,000,000","157,000,000","2,826,000,000","-7,414,200,000","2,867,400,000","2,693,300,000","2,543,500,000","-6,446,600,000","2,538,900,000","2,306,200,000","2,153,100,000","-5,531,900,000","2,215,200,000","2,041,700,000","1,886,700,000","-5,222,300,000","2,071,900,000"
NetNonOperatingInterestIncomeExpense,"-421,000,000","-104,000,000","-105,000,000","-104,000,000","-108,000,000","-106,000,000","-632,000,000","-122,000,000","-117,000,000","-118,000,000","-113,000,000","-120,000,000","-126,000,000","-109,000,000","-115,000,000","-115,000,000","-121,000,000","-134,000,000","-254,000,000","-135,000,000","-144,000,000","-140,000,000","-142,000,000","-307,000,000","-415,000,000","-152,000,000","-151,000,000","-148,000,000","-155,000,000","-94,000,000","-165,000,000","-453,000,000","-170,000,000","-161,000,000","-165,000,000","-171,000,000","-629,000,000","-204,000,000","-192,000,000","-184,000,000","-184,000,000","-292,000,000","-200,000,000","-191,000,000","-183,000,000","-192,000,000","-194,000,000","-185,000,000","-187,000,000","-213,000,000","-191,000,000","-194,000,000","-202,000,000",,,,,,,,,,,,,,,,,,,,,,,,,,,,,,,,,,,,,,,,,,,,,,,,,,,,,,,,,,,,,,,,,,,,,,,,,,,,,,,,,,,,,,,,,,,,,,
	InterestIncomeNonOperating,,,,,,,,,,,,,,,,,,,,,,,,,,,,,,,,,,,,,,,,,,"0","2,000,000","1,000,000","0","1,000,000","1,000,000","1,000,000","1,000,000","0","0","1,000,000","1,000,000",,,,,,,,,,,,,,,,,,,,,,,,,,,,,,,,,,,,,,,,,,,,,,,,,,,,,,,,,,,,,,,,,,,,,,,,,,,,,,,,,,,,,,,,,,,,,,
	InterestExpenseNonOperating,"421,000,000","104,000,000","105,000,000","104,000,000","108,000,000","106,000,000","632,000,000","122,000,000","117,000,000","118,000,000","113,000,000","120,000,000","126,000,000","109,000,000","115,000,000","115,000,000","121,000,000","134,000,000","254,000,000","135,000,000","144,000,000","140,000,000","142,000,000","307,000,000","415,000,000","152,000,000","151,000,000","148,000,000","155,000,000","94,000,000","165,000,000","453,000,000","170,000,000","161,000,000","165,000,000","171,000,000","629,000,000","204,000,000","192,000,000","184,000,000","184,000,000","292,000,000","202,000,000","192,000,000","183,000,000","193,000,000","195,000,000","186,000,000","188,000,000","213,000,000","191,000,000","195,000,000","203,000,000",,,,,,,,,,,,,,,,,,,,,,,,,,,,,,,,,,,,,,,,,,,,,,,,,,,,,,,,,,,,,,,,,,,,,,,,,,,,,,,,,,,,,,,,,,,,,,
	TotalOtherFinanceCost,,,,,,,,,"117,000,000","118,000,000","113,000,000","120,000,000","126,000,000","109,000,000","115,000,000","115,000,000","121,000,000","134,000,000","254,000,000","135,000,000","144,000,000","140,000,000","142,000,000","307,000,000","415,000,000","152,000,000","151,000,000","148,000,000","155,000,000","94,000,000","165,000,000","453,000,000","170,000,000","161,000,000","165,000,000","171,000,000","629,000,000","204,000,000","192,000,000","-184,000,000",,,,,,,,,,,,,,,,,,,,,,,,,,,,,,,,,,,,,,,,,,,,,,,,,,,,,,,,,,,,,,,,,,,,,,,,,,,,,,,,,,,,,,,,,,,,,,,,,,,,,,,,,,,
OtherIncomeExpense,"382,000,000","26,000,000","6,000,000","7,000,000","343,000,000","0","-5,000,000","11,000,000","-22,000,000","-29,000,000","12,000,000","13,000,000","12,000,000","6,000,000","9,000,000","4,000,000","7,000,000",,,,,,,,,"620,000,000",,,,,,,,"0",,,"391,000,000","5,000,000","156,000,000",,,,,,,,,,,,,,,,,,"-18,000,000",,,,,,,,,,,,,,,,,,,,,,,,,,,,,,,,,,,,,,,,,,,,,,,,,,,,,,,,,,,,,,,,,,,,,,,,,,"-22,000,000",,,,,,,,,,,,,,,,
	SpecialIncomeCharges,,,,,,,,,,,,,,,,,,,,,,"0",,,,"620,000,000",,,,"0","0","0","0","0","0","0","391,000,000","5,000,000","156,000,000",,,,,,,,,,,,,,,,,,"-18,000,000",,,,,,,,,,,,,,,,,,,,,,,,,,,,,,,,,,,,,,,,,,,,,,,,,,,,,,,,,,,,,,,,,,,,,,,,,,"-22,000,000",,,,,,,,,,,,,,,,
		OtherSpecialCharges,,,,,,,,,,,,,,,,,,,,,,,,,,"-620,000,000",,,,,,,,"0",,,"-391,000,000","-5,000,000","-156,000,000",,,,,,,,,,,,,,,,,,,,,,,,,,,,,,,,,,,,,,,,,,,,,,,,,,,,,,,,,,,,,,,,,,,,,,,,,,,,,,,,,,,,,,,,,,,,,,,,,,,,,,,,,,,,
	OtherNonOperatingIncomeExpenses,"382,000,000","26,000,000","6,000,000","7,000,000","343,000,000","0","-5,000,000","11,000,000","-22,000,000","-29,000,000","12,000,000","13,000,000","12,000,000","6,000,000","9,000,000","4,000,000","7,000,000",,,,,,,,,"620,000,000",,,,,,,,"0",,,"391,000,000","5,000,000","156,000,000",,,,,,,,,,,,,,,,,,,,,,,,,,,,,,,,,,,,,,,,,,,,,,,,,,,,,,,,,,,,,,,,,,,,,,,,,,,,,,,,,,,,,,,,,,,,,,,,,,,,,,,,,,,,
PretaxIncome,"8,907,000,000","2,017,000,000","1,911,000,000","2,370,000,000","2,609,000,000","1,730,000,000","1,298,000,000","2,189,000,000","329,000,000","1,051,000,000","901,000,000","1,217,000,000","1,021,000,000","1,014,000,000","713,000,000","1,022,000,000","927,000,000","1,018,000,000","615,000,000","979,000,000","1,034,000,000","1,208,000,000","919,000,000","941,000,000","897,000,000","2,017,000,000","725,000,000","1,182,000,000","999,000,000","2,134,000,000","512,000,000","366,000,000","641,000,000","825,000,000","538,000,000","961,000,000","779,000,000","1,464,000,000","972,000,000","1,071,000,000","1,101,000,000","1,408,000,000","857,000,000","1,109,000,000","1,081,000,000","1,587,000,000","773,000,000","1,081,000,000","1,055,000,000","1,409,000,000","683,000,000","957,000,000","824,000,000","943,000,000","633,000,000","1,003,000,000","957,000,000","1,666,000,000","781,000,000","1,113,000,000","1,064,000,000","1,810,000,000","808,000,000","994,000,000","886,000,000","1,482,000,000","713,000,000","869,000,000","796,000,000","1,272,000,000","531,000,000","588,000,000","704,000,000","1,338,000,000","481,000,000","578,000,000","563,000,000","1,113,000,000","448,000,000","559,000,000","556,000,000","1,069,000,000","298,000,000","439,000,000","410,000,000","895,000,000","351,000,000","418,000,000","389,000,000","853,000,000","392,000,000","374,000,000","317,000,000","705,000,000","302,000,000","284,000,000","265,000,000","588,000,000","297,000,000","233,000,000","208,000,000","355,000,000","191,000,000","167,000,000","70,000,000","365,000,000","71,000,000","47,000,000","18,000,000","460,000,000","109,000,000","81,000,000","64,000,000","446,000,000","75,000,000","38,000,000","48,000,000","396,000,000","91,000,000","68,000,000","56,000,000","299,000,000","55,000,000","64,000,000","54,000,000","377,000,000","93,000,000","96,000,000","93,000,000","414,000,000","107,000,000","91,000,000",,,,,,,,,,,,,,,
TaxProvision,"1,961,000,000","473,000,000","423,000,000","553,000,000","512,000,000","350,000,000","284,000,000","499,000,000","45,000,000","218,000,000","195,000,000","279,000,000","229,000,000","216,000,000","97,000,000","223,000,000","210,000,000","-84,000,000","137,000,000","308,000,000","357,000,000","386,000,000","311,000,000","316,000,000","283,000,000","596,000,000","249,000,000","409,000,000","348,000,000","689,000,000","160,000,000","132,000,000","223,000,000","305,000,000","197,000,000","350,000,000","281,000,000","503,000,000","335,000,000","367,000,000","404,000,000","427,000,000","302,000,000","405,000,000","392,000,000","552,000,000","238,000,000","402,000,000","384,000,000","473,000,000","247,000,000","363,000,000","302,000,000","334,000,000","264,000,000","369,000,000","355,000,000","638,000,000","298,000,000","427,000,000","413,000,000","691,000,000","302,000,000","385,000,000","332,000,000","543,000,000","278,000,000","329,000,000","302,000,000","481,000,000","201,000,000","222,000,000","266,000,000","506,000,000","179,000,000","220,000,000","214,000,000","425,000,000","171,000,000","215,000,000","211,000,000","406,000,000","113,000,000","167,000,000","156,000,000","343,000,000","135,000,000","161,000,000","150,000,000","331,000,000","151,000,000","146,000,000","123,000,000","258,000,000","119,000,000","112,000,000","105,000,000","232,000,000","118,000,000","92,000,000","82,000,000","140,000,000","75,000,000","66,000,000","28,000,000","137,000,000","27,000,000","19,000,000","7,000,000","181,000,000","42,000,000","32,000,000","25,000,000","168,000,000","32,000,000","14,000,000","18,000,000","147,000,000","34,000,000","26,000,000","21,000,000","107,000,000","20,000,000","24,000,000","20,000,000","142,000,000","35,000,000","37,000,000","35,000,000","164,000,000","43,000,000","35,000,000",,,,,,,,,,,,,,,
NetIncomeCommonStockholders,"6,946,000,000","1,544,000,000","1,488,000,000","1,817,000,000","2,097,000,000","1,380,000,000","1,014,000,000","1,690,000,000","284,000,000","834,000,000","714,000,000","938,000,000","795,000,000","798,000,000","622,000,000","799,000,000","718,000,000","1,101,000,000","480,000,000","672,000,000","681,000,000","817,000,000","608,000,000","680,000,000","632,000,000","1,426,000,000","549,000,000","753,000,000","635,000,000","-2,640,000,000","352,000,000","234,000,000","418,000,000","520,000,000","341,000,000","611,000,000","498,000,000","961,000,000","637,000,000","704,000,000","697,000,000","981,000,000","555,000,000","704,000,000","689,000,000","1,035,000,000","535,000,000","679,000,000","671,000,000","936,000,000","436,000,000","594,000,000","522,000,000","609,000,000","369,000,000","634,000,000","602,000,000","1,028,000,000","483,000,000","686,000,000","651,000,000","1,119,000,000","506,000,000","609,000,000","554,000,000","939,000,000","435,000,000","540,000,000","494,000,000","807,000,000","537,000,000","1,416,000,000","438,000,000","832,000,000","302,000,000","358,000,000","349,000,000","688,000,000","277,000,000","344,000,000","345,000,000","658,000,000","185,000,000","271,000,000","254,000,000","552,000,000","217,000,000","258,000,000","239,000,000","494,000,000","232,000,000","224,000,000","194,000,000","423,000,000","182,000,000","172,000,000","158,000,000","356,000,000","160,000,000","130,000,000","105,000,000","214,000,000","107,000,000","101,000,000","41,000,000","228,000,000","44,000,000","28,000,000","11,000,000","279,000,000","67,000,000","49,000,000","39,000,000","278,000,000","43,000,000","14,500,000","30,000,000","249,000,000","57,000,000","42,000,000","35,000,000","192,000,000","35,000,000","40,000,000","34,000,000","235,000,000","58,000,000","59,000,000","58,000,000","250,000,000","64,000,000","56,000,000",,,,,,,,,,,,,,,
	NetIncome,"6,946,000,000","1,544,000,000","1,488,000,000","1,817,000,000","2,097,000,000","1,380,000,000","1,014,000,000","1,690,000,000","284,000,000","834,000,000","714,000,000","938,000,000","795,000,000","798,000,000","622,000,000","799,000,000","718,000,000","1,101,000,000","480,000,000","672,000,000","681,000,000","817,000,000","608,000,000","680,000,000","632,000,000","1,426,000,000","549,000,000","753,000,000","635,000,000","-2,640,000,000","352,000,000","234,000,000","418,000,000","520,000,000","341,000,000","611,000,000","498,000,000","961,000,000","637,000,000","704,000,000","697,000,000","981,000,000","555,000,000","704,000,000","689,000,000","1,035,000,000","535,000,000","679,000,000","671,000,000","936,000,000","436,000,000","594,000,000","522,000,000","609,000,000","369,000,000","634,000,000","602,000,000","1,028,000,000","483,000,000","686,000,000","651,000,000","1,119,000,000","506,000,000","609,000,000","554,000,000","939,000,000","435,000,000","540,000,000","494,000,000","807,000,000","537,000,000","1,416,000,000","438,000,000","832,000,000","302,000,000","358,000,000","349,000,000","688,000,000","277,000,000","344,000,000","345,000,000","658,000,000","185,000,000","271,000,000","254,000,000","552,000,000","217,000,000","258,000,000","239,000,000","494,000,000","232,000,000","224,000,000","194,000,000","423,000,000","182,000,000","172,000,000","158,000,000","356,000,000","160,000,000","130,000,000","105,000,000","214,000,000","107,000,000","101,000,000","41,000,000","228,000,000","44,000,000","28,000,000","11,000,000","279,000,000","67,000,000","49,000,000","39,000,000","278,000,000","43,000,000","24,000,000","30,000,000","249,000,000","57,000,000","42,000,000","35,000,000","192,000,000","35,000,000","40,000,000","34,000,000","235,000,000","58,000,000","59,000,000","58,000,000","250,000,000","64,000,000","56,000,000",,,,,,,,,,,,,,,
		NetIncomeIncludingNoncontrollingInterests,"6,946,000,000","1,544,000,000","1,488,000,000","1,817,000,000","2,097,000,000","1,380,000,000","1,014,000,000","1,690,000,000","284,000,000","834,000,000","714,000,000","938,000,000","795,000,000","798,000,000","622,000,000","799,000,000","718,000,000","1,101,000,000","480,000,000","672,000,000","681,000,000","817,000,000","608,000,000","680,000,000","632,000,000","1,426,000,000","549,000,000","753,000,000","635,000,000","-2,640,000,000","352,000,000","234,000,000","418,000,000","520,000,000","341,000,000","611,000,000","498,000,000","961,000,000","637,000,000","704,000,000","697,000,000","981,000,000","555,000,000","704,000,000","689,000,000","1,035,000,000","535,000,000","679,000,000","671,000,000","936,000,000","436,000,000","594,000,000","522,000,000","609,000,000","369,000,000","634,000,000","602,000,000","1,028,000,000","483,000,000","686,000,000","651,000,000","1,119,000,000","506,000,000","609,000,000","554,000,000","939,000,000","435,000,000","540,000,000","494,000,000","807,000,000","537,000,000","1,416,000,000","438,000,000","832,000,000","302,000,000","358,000,000","349,000,000","688,000,000","277,000,000","344,000,000","345,000,000","658,000,000","185,000,000","271,000,000","254,000,000","552,000,000","217,000,000","258,000,000","239,000,000","494,000,000","232,000,000","224,000,000","194,000,000","423,000,000","182,000,000","172,000,000","158,000,000","356,000,000","160,000,000","130,000,000","105,000,000","214,000,000","107,000,000","101,000,000","41,000,000","228,000,000","44,000,000","28,000,000","11,000,000","279,000,000","67,000,000","49,000,000","39,000,000","278,000,000","43,000,000","24,000,000","30,000,000","249,000,000","57,000,000","42,000,000","35,000,000","192,000,000","35,000,000","40,000,000","34,000,000","235,000,000","58,000,000","59,000,000","58,000,000","250,000,000","64,000,000","56,000,000","40,000,000","183,000,000","45,000,000","28,000,000","31,000,000","133,700,000","33,600,000","23,000,000","38,100,000","129,800,000","52,000,000","36,700,000","38,600,000","153,300,000","56,900,000"
			NetIncomeContinuousOperations,"6,946,000,000","1,544,000,000","1,488,000,000","1,817,000,000","2,097,000,000","1,380,000,000","1,014,000,000","1,690,000,000","284,000,000","833,000,000","706,000,000","938,000,000","792,000,000","798,000,000","616,000,000","799,000,000","717,000,000","1,102,000,000","478,000,000","671,000,000","677,000,000","822,000,000","608,000,000","625,000,000","614,000,000","1,421,000,000","476,000,000","773,000,000","651,000,000","1,445,000,000","352,000,000","234,000,000","418,000,000","520,000,000","341,000,000","611,000,000","498,000,000","961,000,000","637,000,000","704,000,000","697,000,000","981,000,000","555,000,000","704,000,000","689,000,000","1,035,000,000","535,000,000","679,000,000","671,000,000","936,000,000","436,000,000","594,000,000","522,000,000","609,000,000","369,000,000","634,000,000","602,000,000","1,028,000,000","483,000,000","686,000,000","651,000,000","1,119,000,000","506,000,000","609,000,000","554,000,000","939,000,000","435,000,000","540,000,000","494,000,000","791,000,000","330,000,000","366,000,000","438,000,000","832,000,000","302,000,000","358,000,000","349,000,000","688,000,000","277,000,000","344,000,000","345,000,000","663,000,000","185,000,000","272,000,000","254,000,000","552,000,000","216,000,000","257,000,000","239,000,000","522,000,000","241,000,000","228,000,000","194,000,000","447,000,000","183,000,000","172,000,000","160,000,000","356,000,000","179,000,000","141,000,000","126,000,000","215,000,000","116,000,000","101,000,000","42,000,000","228,000,000","44,000,000","28,000,000","11,000,000","279,000,000","67,000,000","49,000,000","39,000,000","278,000,000","43,000,000","24,000,000","30,000,000","249,000,000","57,000,000","42,000,000","35,000,000","192,000,000","35,000,000","40,000,000","34,000,000","235,000,000","58,000,000","59,000,000","58,000,000","250,000,000","64,000,000","56,000,000","40,000,000","183,000,000","45,000,000","28,000,000","31,000,000","133,700,000","33,600,000","23,000,000","38,100,000","120,800,000","53,100,000","40,600,000","40,500,000","153,300,000","56,900,000"
			NetIncomeDiscontinuousOperations,"0",,,,,"0","0","0","0","1,000,000","8,000,000","0","3,000,000","0","6,000,000",,"1,000,000","-1,000,000","2,000,000","1,000,000","4,000,000","-5,000,000","0","55,000,000","18,000,000","5,000,000","73,000,000","-20,000,000","-16,000,000","-3,600,000,000",,,,,,,,,,,,,,,,,,,,,,,,,,,,,,,,,,,,,,,,"16,000,000","207,000,000","1,050,000,000",,,,,,,,,,,,,,,,,,,,,,,,,,,,,,,,,,,,,,,,,,,,,,,,,,,,,,,,,,,,,,,,,,,,,,"9,000,000","-1,100,000","-3,900,000","-1,900,000",,
			NetIncomeFromTaxLossCarryforward,,,,,,,,,,,,,,,,,,,,,,,,,,,,,,,,,,,,,,,,,,,,,,,,,,,,,,,,,,,,,,,,,,,,,,,,,,,,,,,,,,"-5,000,000",,"-1,000,000",,,"1,000,000","1,000,000",,"-28,000,000","-9,000,000","-4,000,000",,"-24,000,000","-1,000,000",,"-2,000,000","0","-19,000,000","-11,000,000","-21,000,000","-1,000,000","-9,000,000",,"-1,000,000",,,,,,,,,,,,,,,,,,,,,,,,,,,,,,,,,,,,,,,,,,
	PreferredStockDividends,,,,,,,,,,,,,,,,,,,,,,,,,,,,,,,,,,,,,,,,,,,,,,,,,,,,,,,,,,,,,,,,,,,,,,,,,,,,,,,,,,,,,,,,,,,,,,,,,,,,,,,,,,,,,,,,,,,,"9,500,000",,,,,,,,,,,,,,,,,,,,,,,,,,,,,,,
DilutedNIAvailtoComStockholders,"6,946,000,000","1,544,000,000","1,488,000,000","1,817,000,000","2,097,000,000","1,380,000,000","1,014,000,000","1,690,000,000","284,000,000","834,000,000","714,000,000","938,000,000","795,000,000","798,000,000","622,000,000","799,000,000","718,000,000","1,101,000,000","480,000,000","672,000,000","681,000,000","817,000,000","608,000,000","680,000,000","632,000,000","1,426,000,000","549,000,000","753,000,000","635,000,000","-2,640,000,000","352,000,000","234,000,000","418,000,000","520,000,000","341,000,000","611,000,000","498,000,000","961,000,000","637,000,000","704,000,000","697,000,000","981,000,000","555,000,000","704,000,000","689,000,000","1,035,000,000","535,000,000","679,000,000","671,000,000","936,000,000","436,000,000","594,000,000","522,000,000","609,000,000","369,000,000","634,000,000","602,000,000","1,028,000,000","483,000,000","686,000,000","651,000,000","1,119,000,000","506,000,000","609,000,000","554,000,000","939,000,000","435,000,000","540,000,000","494,000,000","807,000,000","537,000,000","1,416,000,000","438,000,000","832,000,000","302,000,000","358,000,000","349,000,000","688,000,000","277,000,000","344,000,000","345,000,000","658,000,000","185,000,000","271,000,000","254,000,000","552,000,000","217,000,000","258,000,000","239,000,000","494,000,000","232,000,000","224,000,000","194,000,000","423,000,000","182,000,000","172,000,000","158,000,000","356,000,000","160,000,000","130,000,000","105,000,000","214,000,000","107,000,000","101,000,000","41,000,000","228,000,000","44,000,000","28,000,000","11,000,000","279,000,000","67,000,000","49,000,000","39,000,000","278,000,000","43,000,000","14,500,000","30,000,000","249,000,000","57,000,000","42,000,000","35,000,000","192,000,000","35,000,000","40,000,000","34,000,000","235,000,000","58,000,000","59,000,000","58,000,000","250,000,000","64,000,000","56,000,000",,,,,,,,,,,,,,,
BasicEPS,,"3.24","3.07","3.68","4.2","2.76","2.02","3.38","0.57","1.65","1.4","1.83","1.54","1.54","1.18","1.5","1.34","2.03","0.88","1.22","1.23","1.46","1.07","1.17","1.06","2.33","0.88","1.18","0.99","-4.14","0.55","0.37","0.66","0.82","0.54","0.96","0.78","1.48","0.97","1.07","1.05",,"0.82","1.03","0.99",,"0.75","0.93","0.91",,"0.58","0.79","0.69",,"0.49","0.82","0.75",,"0.57","0.81","0.76",,"0.59","0.71","0.64",,"0.49","0.61","0.56",,"0.33","1.55","0.48",,"0.33","0.39","0.38",,"0.31","0.38","0.38",,"0.2","0.3","0.28",,"0.24","0.28","0.26",,"0.26","0.25","0.22",,"0.2","0.19","0.17",,"0.18","0.14","0.11",,"0.12","0.11","0.04",,"0.05","0.03","0.01",,"0.08","0.06","0.04",,"0.05","0.03","0.03",,"0.06","0.05","0.04",,"0.04","0.04","0.04",,"0.06","0.07","0.06",,"0.07","0.06","0.05",,"0.05","0.03","0.03",,"0.03","0.02","0.04",,"0.05","0.03","0.03",,"0.05"
DilutedEPS,,"3.21","3.04","3.65","4.17","2.73","2.01","3.35","0.56","1.63","1.39","1.82","1.53","1.52","1.17","1.49","1.33","2.02","0.88","1.22","1.23","1.45","1.06","1.16","1.05","2.32","0.87","1.18","0.98","-4.14","0.55","0.37","0.66","0.81","0.54","0.95","0.77","1.47","0.96","1.06","1.04",,"0.82","1.03","0.99",,"0.74","0.92","0.9",,"0.58","0.79","0.69",,"0.49","0.82","0.74",,"0.56","0.8","0.75",,"0.59","0.7","0.63",,"0.49","0.61","0.55",,"0.33","1.54","0.48",,"0.33","0.39","0.38",,"0.3","0.38","0.38",,"0.2","0.3","0.28",,"0.24","0.28","0.26",,"0.25","0.24","0.21",,"0.2","0.18","0.16",,"0.17","0.13","0.11",,"0.12","0.11","0.04",,"0.05","0.03","0.01",,"0.07","0.05","0.04",,"0.05","0.03","0.03",,"0.06","0.05","0.04",,"0.04","0.04","0.04",,"0.06","0.06","0.06",,"0.07","0.06","0.05",,"0.05","0.03","0.03",,"0.03","0.02","0.04",,"0.05","0.03","0.03",,"0.05"
BasicAverageShares,,"476,100,000","484,800,000","493,100,000","498,600,000","500,800,000","500,600,000","500,100,000","501,000,000","506,200,000","509,700,000","512,100,000","515,700,000","519,900,000","525,900,000","531,700,000","536,900,000","541,500,000","544,500,000","549,300,000","552,400,000","559,700,000","570,100,000","582,200,000","598,300,000","610,500,000","623,700,000","635,800,000","640,900,000","637,900,000","634,000,000","633,500,000","633,300,000","632,300,000","631,300,000","634,800,000","642,100,000","648,800,000","654,800,000","656,700,000","666,300,000",,"673,200,000","680,800,000","692,600,000",,"715,400,000","731,100,000","739,900,000",,"751,800,000","752,000,000","752,200,000",,"753,500,000","770,300,000","805,500,000",,"845,600,000","850,800,000","855,900,000",,"857,800,000","860,800,000","870,700,000",,"881,200,000","883,300,000","887,000,000",,"911,300,000","911,500,000","912,600,000",,"911,300,000","910,800,000","910,300,000",,"908,500,000","907,900,000","906,400,000",,"902,300,000","901,000,000","899,000,000",,"900,400,000","906,600,000","910,400,000",,"892,307,692","896,000,000","881,818,182",,"910,000,000","905,263,158","929,411,765",,"888,888,889","928,571,429","954,545,455",,"891,666,667","918,181,818","1,025,000,000",,"880,000,000","933,333,333","1,100,000,000",,"837,500,000","816,666,667","975,000,000",,"860,000,000","1,000,000,000","1,000,000,000",,"950,000,000","840,000,000","875,000,000",,"875,000,000","1,000,000,000","850,000,000",,"966,666,667","842,857,143","966,666,667",,"914,285,714","933,333,333","1,016,396,000",,"1,016,396,000","1,023,424,000","1,103,496,000",,"1,170,020,000","1,121,800,000","1,169,248,000",,"1,168,804,000","1,168,816,000","1,166,380,000",,"1,165,692,000"
DilutedAverageShares,,"480,600,000","489,400,000","497,500,000","503,400,000","506,000,000","505,400,000","504,400,000","505,800,000","511,900,000","514,800,000","516,100,000","519,500,000","524,300,000","531,200,000","536,300,000","541,000,000","545,900,000","547,900,000","551,900,000","555,200,000","564,500,000","574,800,000","586,800,000","603,800,000","615,300,000","628,800,000","641,000,000","646,400,000","644,000,000","639,600,000","638,400,000","638,200,000","638,100,000","637,400,000","642,000,000","649,500,000","655,800,000","662,200,000","662,900,000","672,400,000",,"678,300,000","685,100,000","697,400,000",,"721,000,000","736,600,000","745,700,000",,"755,700,000","754,400,000","753,000,000",,"756,600,000","773,900,000","809,600,000",,"851,000,000","857,400,000","862,800,000",,"864,400,000","867,200,000","877,600,000",,"887,000,000","891,200,000","893,500,000",,"918,000,000","918,000,000","920,500,000",,"918,000,000","918,100,000","915,100,000",,"914,000,000","913,000,000","914,700,000",,"908,300,000","908,900,000","908,500,000",,"907,800,000","915,200,000","921,200,000",,"928,000,000","933,333,333","923,809,524",,"910,000,000","955,555,556","987,500,000",,"941,176,471","1,000,000,000","954,545,455",,"891,666,667","918,181,818","1,025,000,000",,"880,000,000","933,333,333","1,100,000,000",,"957,142,857","980,000,000","975,000,000",,"860,000,000","1,000,000,000","1,000,000,000",,"950,000,000","840,000,000","875,000,000",,"875,000,000","1,000,000,000","850,000,000",,"966,666,667","983,333,333","966,666,667",,"914,285,714","933,333,333","1,016,396,000",,"1,016,396,000","1,023,424,000","1,103,496,000",,"1,170,020,000","1,121,800,000","1,169,248,000",,"1,168,804,000","1,168,816,000","1,166,380,000",,"1,165,692,000"
TotalOperatingIncomeAsReported,"8,946,000,000","2,095,000,000","2,010,000,000","2,467,000,000","2,374,000,000","1,836,000,000","1,935,000,000","2,300,000,000","468,000,000","1,198,000,000","1,002,000,000","1,324,000,000","1,135,000,000","1,117,000,000","819,000,000","1,133,000,000","1,041,000,000",,,,,,,,,,,,,,,,,,,,,,,"1,255,000,000","1,285,000,000",,"1,057,000,000","1,300,000,000","1,264,000,000",,"967,000,000","1,266,000,000","1,242,000,000",,"874,000,000","1,151,000,000",,,,,,,,,,,,,,,,,,,,,,,,,,,,,,,,,,,,,,,,,,,,,,,,,,,,,,,,,,,,,,,,,,,,,,,,,,,,,,,,,,,,,,,,,,,,,,,
TotalExpenses,"97,059,000,000","28,901,000,000","23,642,000,000","22,693,000,000","21,823,000,000","26,503,000,000","20,697,000,000","20,675,000,000","19,147,000,000","22,201,000,000","17,663,000,000","17,098,000,000","16,492,000,000","21,860,000,000","17,002,000,000","16,643,000,000","15,740,000,000","21,614,000,000","15,798,000,000","15,315,000,000","14,839,000,000","19,342,000,000","15,380,000,000","14,921,000,000","14,884,000,000","20,077,000,000","16,737,000,000","16,097,000,000","15,965,000,000","18,202,000,000","17,055,000,000","16,587,000,000","16,239,000,000","20,529,000,000","16,555,000,000","15,985,000,000","15,689,000,000","21,063,000,000","15,921,000,000","15,524,000,000","15,582,000,000","19,588,000,000","15,345,000,000","14,940,000,000","14,671,000,000","18,884,000,000","14,638,000,000","14,266,000,000","14,351,000,000","18,559,000,000","14,402,000,000","13,916,000,000","13,807,000,000","18,403,000,000","14,247,000,000","14,252,000,000","13,644,000,000","18,025,000,000","13,877,000,000","13,353,000,000","12,841,000,000","17,749,000,000","12,613,000,000","12,213,000,000","11,846,000,000","15,341,000,000","11,375,000,000","11,011,000,000","10,570,000,000","13,815,000,000","10,265,000,000","9,761,000,000","10,739,000,000","14,103,000,000","10,674,000,000","10,250,000,000","9,617,000,000","12,794,000,000","9,601,000,000","9,355,000,000","8,903,000,000","12,041,000,000","8,934,000,000","8,404,000,000","7,829,000,000","11,308,000,000","8,123,000,000","7,733,000,000","7,261,000,000","9,775,000,000","7,515,000,000","7,280,000,000","6,803,000,000","9,337,000,000","6,882,000,000","6,671,000,000","6,107,000,000","8,270,000,000","6,218,000,000","5,953,000,000","5,574,000,000","7,570,000,000","5,768,000,000","5,473,000,000","5,201,000,000","7,469,000,000","5,391,000,000","5,081,000,000","4,632,000,000","6,431,000,000","4,829,000,000","4,616,000,000","4,295,000,000","5,726,000,000","4,438,000,000","4,136,000,000","3,880,000,000","5,394,000,000","4,138,000,000","3,792,000,000","3,555,000,000","4,843,000,000","3,797,000,000","3,404,000,000","3,201,000,000","4,394,000,000","3,437,000,000","3,071,000,000","2,853,000,000","4,066,000,000","3,039,000,000","2,940,000,000",,,,,,,,,,,,,,,
NetIncomeFromContinuingAndDiscontinuedOperation,"6,946,000,000","1,544,000,000","1,488,000,000","1,817,000,000","2,097,000,000","1,380,000,000","1,014,000,000","1,690,000,000","284,000,000","834,000,000","714,000,000","938,000,000","795,000,000","798,000,000","622,000,000","799,000,000","718,000,000","1,101,000,000","480,000,000","672,000,000","681,000,000","817,000,000","608,000,000","680,000,000","632,000,000","1,426,000,000","549,000,000","753,000,000","635,000,000","-2,640,000,000","352,000,000","234,000,000","418,000,000","520,000,000","341,000,000","611,000,000","498,000,000","961,000,000","637,000,000","704,000,000","697,000,000","981,000,000","555,000,000","704,000,000","689,000,000","1,035,000,000","535,000,000","679,000,000","671,000,000","936,000,000","436,000,000","594,000,000","522,000,000","609,000,000","369,000,000","634,000,000","602,000,000","1,028,000,000","483,000,000","686,000,000","651,000,000","1,119,000,000","506,000,000","609,000,000","554,000,000","939,000,000","435,000,000","540,000,000","494,000,000","807,000,000","537,000,000","1,416,000,000","438,000,000","832,000,000","302,000,000","358,000,000","349,000,000","688,000,000","277,000,000","344,000,000","345,000,000","663,000,000","185,000,000","272,000,000","254,000,000","552,000,000","216,000,000","257,000,000","239,000,000","522,000,000","241,000,000","228,000,000","194,000,000","447,000,000","183,000,000","172,000,000","160,000,000","356,000,000","179,000,000","141,000,000","126,000,000","215,000,000","116,000,000","101,000,000","42,000,000","228,000,000","44,000,000","28,000,000","11,000,000","279,000,000","67,000,000","49,000,000","39,000,000","278,000,000","43,000,000","24,000,000","30,000,000","249,000,000","57,000,000","42,000,000","35,000,000","192,000,000","35,000,000","40,000,000","34,000,000","235,000,000","58,000,000","59,000,000","58,000,000","250,000,000","64,000,000","56,000,000",,,,,,,,,,,,,,,
NormalizedIncome,"6,946,000,000","1,544,000,000","1,488,000,000","1,817,000,000","2,097,000,000","1,380,000,000","1,014,000,000","1,690,000,000","284,000,000","833,000,000","706,000,000","938,000,000","792,000,000","798,000,000","616,000,000","799,000,000","717,000,000","1,102,000,000","478,000,000","671,000,000","677,000,000","822,000,000","608,000,000","625,000,000","614,000,000","1,421,000,000","476,000,000","773,000,000","651,000,000","1,445,000,000","352,000,000","234,000,000","418,000,000","520,000,000","341,000,000","611,000,000","498,000,000","961,000,000","637,000,000","704,000,000","697,000,000","981,000,000","555,000,000","704,000,000","689,000,000","1,035,000,000","535,000,000","679,000,000","671,000,000","936,000,000","436,000,000","594,000,000","522,000,000","609,000,000","369,000,000","634,000,000","613,322,884.013","1,028,000,000","483,000,000","686,000,000","651,000,000","1,119,000,000","506,000,000","609,000,000","554,000,000","939,000,000","435,000,000","540,000,000","494,000,000","791,000,000","330,000,000","366,000,000","438,000,000","832,000,000","302,000,000","358,000,000","349,000,000","688,000,000","277,000,000","344,000,000","345,000,000","663,000,000","185,000,000","272,000,000","254,000,000","552,000,000","216,000,000","257,000,000","239,000,000","522,000,000","241,000,000","228,000,000","194,000,000","447,000,000","183,000,000","172,000,000","160,000,000","356,000,000","179,000,000","141,000,000","126,000,000","215,000,000","116,000,000","101,000,000","42,000,000","228,000,000","44,000,000","28,000,000","11,000,000","279,000,000","67,000,000","49,000,000","39,000,000","278,000,000","43,000,000","24,000,000","30,000,000","249,000,000","57,000,000","42,000,000","35,000,000","192,000,000","35,000,000","40,000,000","34,000,000","235,000,000","58,000,000","59,000,000","58,000,000","250,000,000","77,200,000","56,000,000",,,,,,,,,,,,,,,
InterestIncome,,,,,,,,,,,,,,,,,,,,,,,,,,,,,,,,,,,,,,,,,,"0","2,000,000","1,000,000","0","1,000,000","1,000,000","1,000,000","1,000,000","0","0","1,000,000","1,000,000",,,,,,,,,,,,,,,,,,,,,,,,,,,,,,,,,,,,,,,,,,,,,,,,,,,,,,,,,,,,,,,,,,,,,,,,,,,,,,,,,,,,,,,,,,,,,,
InterestExpense,"421,000,000","104,000,000","105,000,000","104,000,000","108,000,000","106,000,000","632,000,000","122,000,000","117,000,000","118,000,000","113,000,000","120,000,000","126,000,000","109,000,000","115,000,000","115,000,000","121,000,000","134,000,000","254,000,000","135,000,000","144,000,000","140,000,000","142,000,000","307,000,000","415,000,000","152,000,000","151,000,000","148,000,000","155,000,000","94,000,000","165,000,000","453,000,000","170,000,000","161,000,000","165,000,000","171,000,000","629,000,000","204,000,000","192,000,000","184,000,000","184,000,000","292,000,000","202,000,000","192,000,000","183,000,000","193,000,000","195,000,000","186,000,000","188,000,000","213,000,000","191,000,000","195,000,000","203,000,000",,,,,,,,,,,,,,,,,,,,,,,,,,,,,,,,,,,,,,,,,,,,,,,,,,,,,,,,,,,,,,,,,,,,,,,,,,,,,,,,,,,,,,,,,,,,,,
NetInterestIncome,"-421,000,000","-104,000,000","-105,000,000","-104,000,000","-108,000,000","-106,000,000","-632,000,000","-122,000,000","-117,000,000","-118,000,000","-113,000,000","-120,000,000","-126,000,000","-109,000,000","-115,000,000","-115,000,000","-121,000,000","-134,000,000","-254,000,000","-135,000,000","-144,000,000","-140,000,000","-142,000,000","-307,000,000","-415,000,000","-152,000,000","-151,000,000","-148,000,000","-155,000,000","-94,000,000","-165,000,000","-453,000,000","-170,000,000","-161,000,000","-165,000,000","-171,000,000","-629,000,000","-204,000,000","-192,000,000","-184,000,000","-184,000,000","-292,000,000","-200,000,000","-191,000,000","-183,000,000","-192,000,000","-194,000,000","-185,000,000","-187,000,000","-213,000,000","-191,000,000","-194,000,000","-202,000,000",,,,,,,,,,,,,,,,,,,,,,,,,,,,,,,,,,,,,,,,,,,,,,,,,,,,,,,,,,,,,,,,,,,,,,,,,,,,,,,,,,,,,,,,,,,,,,
EBIT,"9,328,000,000","2,121,000,000","2,016,000,000","2,474,000,000","2,717,000,000","1,836,000,000","1,930,000,000","2,311,000,000","446,000,000","1,169,000,000","1,014,000,000","1,337,000,000","1,147,000,000","1,123,000,000","828,000,000","1,137,000,000","1,048,000,000","1,152,000,000","869,000,000","1,114,000,000","1,178,000,000","1,348,000,000","1,061,000,000","1,248,000,000","1,312,000,000","2,169,000,000","876,000,000","1,330,000,000","1,154,000,000","2,228,000,000","677,000,000","819,000,000","811,000,000","986,000,000","703,000,000","1,132,000,000","1,408,000,000","1,668,000,000","1,164,000,000","1,255,000,000","1,285,000,000","1,700,000,000","1,059,000,000","1,301,000,000","1,264,000,000","1,780,000,000","968,000,000","1,267,000,000","1,243,000,000","1,622,000,000","874,000,000","1,152,000,000","1,027,000,000","1,157,000,000","867,000,000","1,220,000,000","1,158,000,000","1,846,000,000","958,000,000","1,267,000,000","1,200,000,000","1,961,000,000","957,000,000","1,134,000,000","1,017,000,000","1,606,000,000","831,000,000","979,000,000","907,000,000","1,379,000,000","644,000,000","795,000,000","848,000,000","1,468,000,000","612,000,000","734,000,000","705,000,000","1,267,000,000","593,000,000","713,000,000","691,000,000","1,196,000,000","420,000,000","548,000,000","516,000,000","1,016,000,000","459,000,000","518,000,000","485,000,000","952,000,000","494,000,000","472,000,000","411,000,000","802,000,000","406,000,000","385,000,000","361,000,000","683,000,000","404,000,000","340,000,000","315,000,000","597,000,000","305,000,000","278,000,000","179,000,000","481,000,000","182,000,000","155,000,000","125,000,000","567,000,000","217,000,000","186,000,000","170,000,000","555,000,000","187,000,000","151,000,000","160,000,000","507,000,000","202,000,000","175,000,000","164,000,000","406,000,000","158,000,000","158,000,000","148,000,000","471,000,000","188,000,000","171,000,000","154,000,000","419,000,000","197,000,000","157,000,000","2,826,000,000","-7,414,200,000","2,867,400,000","2,693,300,000","2,543,500,000","-6,446,600,000","2,538,900,000","2,306,200,000","2,153,100,000","-5,531,900,000","2,215,200,000","2,041,700,000","1,886,700,000","-5,222,300,000","2,071,900,000"
EBITDA,"11,970,000,000"
ReconciledCostOfRevenue,"74,665,000,000","22,676,000,000","18,131,000,000","17,211,000,000","16,647,000,000","20,418,000,000","15,447,000,000","15,611,000,000","14,446,000,000","16,997,000,000","12,872,000,000","12,563,000,000","12,185,000,000","16,836,000,000","12,473,000,000","12,175,000,000","11,564,000,000","16,732,000,000","11,653,000,000","11,355,000,000","11,134,000,000","15,115,000,000","11,471,000,000","11,102,000,000","11,185,000,000","15,595,000,000","12,440,000,000","12,052,000,000","11,911,000,000","14,491,000,000","12,556,000,000","12,164,000,000","12,067,000,000","15,719,000,000","12,133,000,000","11,744,000,000","11,563,000,000","16,296,000,000","11,674,000,000","11,405,000,000","11,661,000,000","15,149,000,000","11,274,000,000","10,957,000,000","10,926,000,000","14,625,000,000","10,760,000,000","10,507,000,000","10,692,000,000","14,350,000,000","10,610,000,000","10,302,000,000","10,320,000,000","13,825,000,000","10,131,000,000","10,303,000,000","9,898,000,000","13,762,000,000","9,993,000,000","9,621,000,000","9,356,000,000","12,837,000,000","9,072,000,000","8,856,000,000","8,633,000,000","11,509,000,000","8,034,000,000","8,015,000,000","7,556,000,000","10,348,000,000","7,319,000,000","7,062,000,000","7,556,000,000","10,404,000,000","7,444,000,000","7,245,000,000","6,764,000,000","9,562,000,000","6,736,000,000","6,640,000,000","6,322,000,000","9,150,000,000","6,374,000,000","6,100,000,000","5,622,000,000","8,639,000,000","5,860,000,000","5,593,000,000","5,203,000,000","6,387,000,000","5,799,000,000","5,603,000,000","5,240,000,000","7,431,000,000","5,333,000,000","5,143,000,000","4,727,000,000","6,666,000,000","4,815,000,000","4,586,000,000","4,253,000,000","6,030,000,000","4,452,000,000","4,197,000,000","3,949,000,000","6,014,000,000","4,113,000,000","3,896,000,000","3,504,000,000","5,169,000,000","3,695,000,000","3,519,000,000","3,253,000,000","4,593,000,000","3,418,000,000","3,180,000,000","2,973,000,000","4,331,000,000","3,189,000,000","2,899,000,000","2,710,000,000","3,820,000,000","2,913,000,000","2,598,000,000","2,420,000,000","3,508,000,000","2,617,000,000","2,358,000,000","2,166,000,000","3,263,000,000","2,346,000,000","2,243,000,000",,,,,,,,,,,,,,,
ReconciledDepreciation,"2,642,000,000","690,000,000","652,000,000","633,000,000","667,000,000","637,000,000","603,000,000","604,000,000","641,000,000","699,000,000","638,000,000","623,000,000","644,000,000","648,000,000","592,000,000","603,000,000","631,000,000","661,000,000","633,000,000","578,000,000","573,000,000","612,000,000","570,000,000","570,000,000","546,000,000","562,000,000","561,000,000","550,000,000","540,000,000","338,000,000","605,000,000","607,000,000","579,000,000","575,000,000","569,000,000","543,000,000","536,000,000","539,000,000","543,000,000","531,000,000","529,000,000","563,000,000","546,000,000","510,000,000","512,000,000","539,000,000","533,000,000","496,000,000","516,000,000","536,000,000","537,000,000","478,000,000","472,000,000","474,000,000","468,000,000","449,000,000","435,000,000","434,000,000","429,000,000","404,000,000","392,000,000","402,000,000","390,000,000","370,000,000","334,000,000","369,000,000","354,000,000","346,000,000","340,000,000","344,000,000","324,000,000","246,000,000","345,000,000","344,000,000","330,000,000","329,000,000","317,000,000","323,000,000","305,000,000","295,000,000","289,000,000","283,000,000","281,000,000","259,000,000","256,000,000","247,000,000","239,000,000","230,000,000","224,000,000","223,000,000","213,000,000","212,000,000","206,000,000","203,000,000","200,000,000","193,000,000","184,000,000","173,000,000","176,000,000","174,000,000","170,000,000","168,000,000","166,000,000","159,000,000","157,000,000","163,000,000","148,000,000","143,000,000","140,000,000","135,000,000","136,000,000","131,000,000","129,000,000","122,000,000","126,000,000","126,000,000","124,000,000","118,000,000","117,000,000","113,000,000","111,000,000","105,000,000","103,000,000","98,000,000","104,000,000","93,000,000","107,000,000","90,000,000","82,000,000","80,000,000","80,000,000","80,000,000",,,,,,,,,,,,,,,
NetIncomeFromContinuingOperationNetMinorityInterest,"6,946,000,000","1,544,000,000","1,488,000,000","1,817,000,000","2,097,000,000","1,380,000,000","1,014,000,000","1,690,000,000","284,000,000","833,000,000","706,000,000","938,000,000","792,000,000","798,000,000","616,000,000","799,000,000","717,000,000","1,102,000,000","478,000,000","671,000,000","677,000,000","822,000,000","608,000,000","625,000,000","614,000,000","1,421,000,000","476,000,000","773,000,000","651,000,000","1,445,000,000","352,000,000","234,000,000","418,000,000","520,000,000","341,000,000","611,000,000","498,000,000","961,000,000","637,000,000","704,000,000","697,000,000","981,000,000","555,000,000","704,000,000","689,000,000","1,035,000,000","535,000,000","679,000,000","671,000,000","936,000,000","436,000,000","594,000,000","522,000,000","609,000,000","369,000,000","634,000,000","602,000,000","1,028,000,000","483,000,000","686,000,000","651,000,000","1,119,000,000","506,000,000","609,000,000","554,000,000","939,000,000","435,000,000","540,000,000","494,000,000","791,000,000","330,000,000","366,000,000","438,000,000","832,000,000","302,000,000","358,000,000","349,000,000","688,000,000","277,000,000","344,000,000","345,000,000","663,000,000","185,000,000","272,000,000","254,000,000","552,000,000","216,000,000","257,000,000","239,000,000","522,000,000","241,000,000","228,000,000","194,000,000","447,000,000","183,000,000","172,000,000","160,000,000","356,000,000","179,000,000","141,000,000","126,000,000","215,000,000","116,000,000","101,000,000","42,000,000","228,000,000","44,000,000","28,000,000","11,000,000","279,000,000","67,000,000","49,000,000","39,000,000","278,000,000","43,000,000","24,000,000","30,000,000","249,000,000","57,000,000","42,000,000","35,000,000","192,000,000","35,000,000","40,000,000","34,000,000","235,000,000","58,000,000","59,000,000","58,000,000","250,000,000","64,000,000","56,000,000",,,,,,,,,,,,,,,
TotalUnusualItemsExcludingGoodwill,,,,,,,,,,,,,,,,,,,,,,"0",,,,"620,000,000",,,,"0","0","0","0","0","0","0","391,000,000","5,000,000","156,000,000",,,,,,,,,,,,,,,,,,"-18,000,000",,,,,,,,,,,,,,,,,,,,,,,,,,,,,,,,,,,,,,,,,,,,,,,,,,,,,,,,,,,,,,,,,,,,,,,,,,"-22,000,000",,,,,,,,,,,,,,,,
TotalUnusualItems,,,,,,,,,,,,,,,,,,,,,,"0",,,,"620,000,000",,,,"0","0","0","0","0","0","0","391,000,000","5,000,000","156,000,000",,,,,,,,,,,,,,,,,,"-18,000,000",,,,,,,,,,,,,,,,,,,,,,,,,,,,,,,,,,,,,,,,,,,,,,,,,,,,,,,,,,,,,,,,,,,,,,,,,,"-22,000,000",,,,,,,,,,,,,,,,
NormalizedEBITDA,"11,970,000,000","2,811,000,000","2,668,000,000","3,107,000,000","3,384,000,000","2,473,000,000","2,533,000,000","2,915,000,000","1,087,000,000","1,868,000,000","1,652,000,000","1,960,000,000","1,791,000,000","1,771,000,000","1,420,000,000","1,740,000,000","1,679,000,000","1,813,000,000","1,502,000,000","1,692,000,000","1,751,000,000","1,960,000,000","1,631,000,000","1,818,000,000","1,858,000,000","2,731,000,000","1,437,000,000","1,881,000,000","1,694,000,000","2,566,000,000","1,283,000,000","1,426,000,000","1,390,000,000","1,561,000,000","1,272,000,000","1,675,000,000","1,944,000,000","2,207,000,000","1,707,000,000","1,786,000,000","1,814,000,000","2,263,000,000","1,605,000,000","1,811,000,000","1,776,000,000","2,319,000,000","1,501,000,000","1,763,000,000","1,759,000,000","2,158,000,000","1,411,000,000","1,630,000,000","1,499,000,000","1,631,000,000","1,336,000,000","1,669,000,000","1,611,000,000","2,280,000,000","1,387,000,000","1,671,000,000","1,592,000,000","2,363,000,000","1,347,000,000","1,504,000,000","1,351,000,000","1,975,000,000","1,185,000,000","1,325,000,000","1,247,000,000","1,723,000,000","968,000,000","1,094,000,000","1,193,000,000","1,812,000,000","942,000,000","1,063,000,000","1,022,000,000","1,590,000,000","898,000,000","1,008,000,000","980,000,000","1,479,000,000","701,000,000","807,000,000","772,000,000","1,263,000,000","698,000,000","748,000,000","709,000,000","1,175,000,000","707,000,000","684,000,000","617,000,000","1,005,000,000","606,000,000","578,000,000","545,000,000","856,000,000","580,000,000","514,000,000","485,000,000","765,000,000","471,000,000","437,000,000","336,000,000","644,000,000","330,000,000","298,000,000","265,000,000","702,000,000","353,000,000","317,000,000","299,000,000","677,000,000","314,000,000","277,000,000","284,000,000","625,000,000","319,000,000","288,000,000","275,000,000","511,000,000","261,000,000","256,000,000","252,000,000","564,000,000","295,000,000","261,000,000","236,000,000","499,000,000","299,000,000","237,000,000","2,826,000,000","-7,414,200,000","2,867,400,000","2,693,300,000","2,543,500,000","-6,446,600,000","2,538,900,000","2,306,200,000","2,153,100,000","-5,531,900,000","2,215,200,000","2,041,700,000","1,886,700,000","-5,222,300,000","2,071,900,000"
TaxRateForCalcs,"0.22","0.235","0.221","0.234","0.196","0.202","0.219","0.228","0.139","0.207","0.217","0.23","0.224","0.213","0.136","0.218","0.226","0.27","0.223","0.314","0.345","0.32","0.338","0.336","0.316","0.295","0.343","0.346","0.348","0.323","0.313","0.361","0.347","0.37","0.366","0.364","0.36","0.344","0.345","0.343","0.367","0.303","0.352","0.365","0.363","0.348","0.308","0.372","0.364","0.336","0.362","0.379","0.367","0.354","0.35","0.368","0.371","0.383","0.382","0.384","0.388","0.382","0.374","0.387","0.375","0.366","0.39","0.379","0.379","0.378","0.379","0.378","0.378","0.378","0.372","0.381","0.38","0.382","0.382","0.385","0.379","0.38","0.379","0.38","0.38","0.383","0.385","0.385","0.386","0.388","0.385","0.39","0.388","0.366","0.394","0.394","0.396","0.395","0.397","0.395","0.394","0.394","0.393","0.395","0.4","0.375","0.38","0.4","0.389","0.393","0.385","0.395","0.391","0.377","0.4","0.368","0.375","0.371","0.374","0.382","0.375","0.358","0.364","0.375","0.37","0.377","0.376","0.385","0.376","0.396","0.4","0.385",,,,,,,,,,,,,,,
TaxEffectOfUnusualItems,"0","0","0","0","0","0","0","0","0","0","0","0","0","0","0","0","0","0","0","0","0","0","0","0","0","0","0","0","0","0","0","0","0","0","0","0","0","0","0","0","0","0","0","0","0","0","0","0","0","0","0","0","0","0","0","0","-6,677,115.987","0","0","0","0","0","0","0","0","0","0","0","0","0","0","0","0","0","0","0","0","0","0","0","0","0","0","0","0","0","0","0","0","0","0","0","0","0","0","0","0","0","0","0","0","0","0","0","0","0","0","0","0","0","0","0","0","0","0","0","0","0","0","0","0","0","0","0","0","0","0","0","0","0","-8,800,000","0",,,,,,,,,,,,,,,