name,ttm,12/31/2021,09/30/2021,06/30/2021,03/31/2021,12/31/2020,09/30/2020,06/30/2020,03/31/2020,12/31/2019,09/30/2019,06/30/2019,03/31/2019,12/31/2018,09/30/2018,06/30/2018,03/31/2018,12/31/2017,09/30/2017,06/30/2017,03/31/2017,12/31/2016,09/30/2016,06/30/2016,03/31/2016,12/31/2015,09/30/2015,06/30/2015,03/31/2015,12/31/2014,09/30/2014,06/30/2014,03/31/2014,12/31/2013,09/30/2013,06/30/2013,03/31/2013,12/31/2012,09/30/2012,06/30/2012,03/31/2012,12/31/2011,09/30/2011,06/30/2011,03/31/2011,12/31/2010,09/30/2010,06/30/2010,03/31/2010,12/31/2009,09/30/2009,06/30/2009,03/31/2009,12/31/2008,09/30/2008,06/30/2008,03/31/2008,12/31/2007,09/30/2007,06/30/2007,03/31/2007,12/31/2006,09/30/2006,06/30/2006,03/31/2006,12/31/2005,09/30/2005,06/30/2005,03/31/2005,12/31/2004,09/30/2004,06/30/2004,03/31/2004,12/31/2003,09/30/2003,06/30/2003,03/31/2003,12/31/2002,09/30/2002,06/30/2002,03/31/2002,12/31/2001,09/30/2001,06/30/2001,03/31/2001,12/31/2000,09/30/2000,06/30/2000,03/31/2000,12/31/1999,09/30/1999,06/30/1999,03/31/1999,12/31/1998,09/30/1998,06/30/1998,03/31/1998,12/31/1997,09/30/1997,06/30/1997,03/31/1997,12/31/1996,09/30/1996,06/30/1996,03/31/1996,12/31/1995,09/30/1995,06/30/1995,03/31/1995,12/31/1994,09/30/1994,06/30/1994,03/31/1994,12/31/1993,09/30/1993,06/30/1993,03/31/1993,12/31/1992,09/30/1992,06/30/1992,03/31/1992,12/31/1991,09/30/1991,06/30/1991,03/31/1991,12/31/1990,09/30/1990,06/30/1990,03/31/1990,12/31/1989,09/30/1989,06/30/1989,03/31/1989,12/31/1988,09/30/1988,06/30/1988,03/31/1988,12/31/1987,09/30/1987,06/30/1987,03/31/1987,12/31/1986,09/30/1986,06/30/1986,03/31/1986,12/31/1985,09/30/1985
TotalRevenue,"39,211,000,000","10,702,000,000","9,330,000,000","9,273,000,000","9,906,000,000","10,550,000,000","8,521,000,000","6,917,000,000","6,230,000,000","6,829,000,000","6,272,000,000","6,316,000,000","6,125,000,000","6,507,000,000","5,920,000,000","6,078,000,000","5,853,000,000","6,046,800,000","5,116,200,000","4,990,000,000","4,765,000,000","4,953,200,000","4,490,900,000","4,535,200,000","4,294,800,000","4,652,500,000","4,123,200,000","4,270,900,000","3,918,800,000","4,492,800,000","4,171,400,000","4,321,900,000","3,903,500,000","3,466,900,000","3,191,800,000","3,240,100,000","3,191,500,000","3,259,300,000","3,085,700,000","3,108,100,000","3,100,300,000","3,133,600,000","2,973,500,000","2,897,400,000","2,721,400,000","2,781,100,000","2,628,700,000","2,649,000,000","2,675,100,000","2,839,400,000","2,531,100,000","2,484,100,000","2,255,100,000","2,646,300,000","2,588,100,000","2,709,600,000","2,554,000,000","2,621,100,000","2,401,200,000","2,385,900,000","2,338,200,000","1,668,900,000","724,962,000","713,468,000","684,287,000","740,787,000","679,411,000","653,621,000","559,208,000","613,339,000","542,315,000","525,309,000","582,002,000","583,409,000","497,116,000","516,405,000","500,205,000","568,745,000","517,171,000","509,113,000","491,326,000","559,708,000","512,941,000","542,472,000","573,089,000","491,160,000","580,951,000","609,482,000","598,929,000","-707,900,000","1,077,300,000","1,092,300,000","1,009,500,000","998,400,000","977,200,000","947,800,000","944,300,000","1,009,900,000","909,900,000","875,000,000","763,500,000","794,500,000","740,000,000","745,800,000","635,100,000","629,800,000","570,400,000","528,700,000","478,500,000","433,400,000","406,500,000","395,000,000","350,500,000","338,100,000","318,400,000","300,400,000","292,800,000","291,600,000","242,900,000","210,100,000","204,400,000","220,200,000","192,000,000","193,900,000","191,800,000","213,500,000","181,500,000","170,200,000","133,300,000","157,900,000","133,100,000","150,800,000","137,200,000","150,300,000","125,600,000","121,400,000","103,200,000","78,400,000","109,100,000","95,500,000","93,200,000","88,500,000","85,200,000","79,700,000","78,300,000","69,400,000","63,100,000"
	OperatingRevenue,"39,211,000,000","10,702,000,000","9,330,000,000","9,273,000,000","9,906,000,000","10,550,000,000","8,521,000,000","6,917,000,000","6,230,000,000","6,829,000,000","6,272,000,000","6,316,000,000","6,125,000,000","6,507,000,000","5,920,000,000","6,078,000,000","5,853,000,000","6,046,800,000","5,116,200,000","4,990,000,000","4,765,000,000","4,953,200,000","4,490,900,000","4,535,200,000","4,294,800,000","4,652,500,000","4,123,200,000","4,270,900,000","3,918,800,000","4,492,800,000","4,171,400,000","4,321,900,000","3,903,500,000","3,466,900,000","3,191,800,000","3,240,100,000","3,191,500,000","3,259,300,000","3,085,700,000","3,108,100,000","3,100,300,000","3,133,600,000","2,973,500,000","2,897,400,000","2,721,400,000","2,781,100,000","2,628,700,000","2,649,000,000","2,675,100,000","2,839,400,000","2,531,100,000","2,484,100,000","2,255,100,000","2,646,300,000","2,588,100,000","2,709,600,000","2,554,000,000","2,621,100,000","2,401,200,000","2,385,900,000","2,338,200,000","1,668,900,000","724,962,000","713,468,000","684,287,000","740,787,000","679,411,000","653,621,000","559,208,000","613,339,000","542,315,000","525,309,000","582,002,000","583,409,000","497,116,000","516,405,000","500,205,000","568,745,000","517,171,000","509,113,000","491,326,000","559,708,000","512,941,000","542,472,000","573,089,000","491,160,000","580,951,000","609,482,000","598,929,000","-707,900,000","1,077,300,000","1,092,300,000","1,009,500,000","998,400,000","977,200,000","947,800,000","944,300,000","1,009,900,000","909,900,000","875,000,000","763,500,000","794,500,000","740,000,000","745,800,000","635,100,000","629,800,000","570,400,000","528,700,000","478,500,000","433,400,000","406,500,000","395,000,000","350,500,000","338,100,000","318,400,000","300,400,000","292,800,000","291,600,000","242,900,000","210,100,000","204,400,000","220,200,000","192,000,000","193,900,000","191,800,000","213,500,000","181,500,000","170,200,000","133,300,000","157,900,000","133,100,000","150,800,000","137,200,000","150,300,000","125,600,000","121,400,000","103,200,000","78,400,000","109,100,000","95,500,000","93,200,000","88,500,000","85,200,000","79,700,000","78,300,000","69,400,000","63,100,000"
CostOfRevenue,"19,573,000,000","5,448,000,000","4,679,000,000","4,749,000,000","4,697,000,000","4,994,000,000","4,190,000,000","3,540,000,000","3,490,000,000","3,794,000,000","3,509,000,000","3,493,000,000","3,418,000,000","3,583,000,000","3,305,000,000","3,340,000,000","3,273,000,000","3,377,600,000","2,816,000,000","2,706,900,000","2,572,500,000","2,674,400,000","2,437,000,000","2,456,700,000","2,336,900,000","2,544,200,000","2,239,900,000","2,329,100,000","2,096,300,000","2,400,900,000","2,237,800,000","2,475,400,000","2,283,500,000","1,985,200,000","1,843,900,000","1,876,900,000","1,855,200,000","1,873,200,000","1,787,300,000","1,786,800,000","1,808,500,000","1,831,200,000","1,749,700,000","1,731,200,000","1,601,100,000","1,619,200,000","1,567,200,000","1,566,000,000","1,578,800,000","1,701,100,000","1,519,900,000","1,495,800,000","1,368,200,000","1,579,300,000","1,555,300,000","1,621,500,000","1,535,600,000","1,581,200,000","1,453,100,000","1,449,300,000","1,458,300,000","1,074,841,000","388,077,000","388,976,000","371,663,000","398,227,000","373,712,000","366,166,000","299,974,000","329,560,000","291,360,000","286,424,000","317,418,000","318,280,000","271,213,000","283,260,000","276,367,000","323,470,000","288,514,000","279,325,000","267,670,000","322,888,000","284,455,000","304,410,000","317,835,000","338,220,000","311,443,000","308,033,000","300,990,000","-435,200,000","566,600,000","596,600,000","537,000,000","535,800,000","513,300,000","484,000,000","495,600,000","523,400,000","467,600,000","481,900,000","430,800,000","333,200,000","409,200,000","428,000,000","364,700,000","265,300,000","314,500,000","286,400,000","258,400,000","189,900,000","235,300,000","232,900,000","208,100,000","156,600,000","188,500,000","185,300,000","169,400,000","157,000,000","150,300,000","134,600,000","137,900,000","129,600,000","125,400,000","126,800,000","126,000,000","122,600,000","112,000,000","110,000,000","84,200,000","103,700,000","86,800,000",,,,,,,,,,,,,,,,
GrossProfit,"19,638,000,000","5,254,000,000","4,651,000,000","4,524,000,000","5,209,000,000","5,556,000,000","4,331,000,000","3,377,000,000","2,740,000,000","3,035,000,000","2,763,000,000","2,823,000,000","2,707,000,000","2,924,000,000","2,615,000,000","2,738,000,000","2,580,000,000","2,669,200,000","2,300,200,000","2,283,100,000","2,192,500,000","2,278,800,000","2,053,900,000","2,078,500,000","1,957,900,000","2,108,300,000","1,883,300,000","1,941,800,000","1,822,500,000","2,091,900,000","1,933,600,000","1,846,500,000","1,620,000,000","1,481,700,000","1,347,900,000","1,363,200,000","1,336,300,000","1,386,100,000","1,298,400,000","1,321,300,000","1,291,800,000","1,302,400,000","1,223,800,000","1,166,200,000","1,120,300,000","1,161,900,000","1,061,500,000","1,083,000,000","1,096,300,000","1,138,300,000","1,011,200,000","988,300,000","886,900,000","1,067,000,000","1,032,800,000","1,088,100,000","1,018,400,000","1,039,900,000","948,100,000","936,600,000","879,900,000","594,059,000","336,885,000","324,492,000","312,624,000","342,560,000","305,699,000","287,455,000","259,234,000","283,779,000","250,955,000","238,885,000","264,584,000","265,129,000","225,903,000","233,145,000","223,838,000","245,275,000","228,657,000","229,788,000","223,656,000","236,820,000","228,486,000","238,062,000","255,254,000","152,940,000","269,508,000","301,449,000","297,939,000","-272,700,000","510,700,000","495,700,000","472,500,000","462,600,000","463,900,000","463,800,000","448,700,000","486,500,000","442,300,000","393,100,000","332,700,000","461,300,000","330,800,000","317,800,000","270,400,000","364,500,000","255,900,000","242,300,000","220,100,000","243,500,000","171,200,000","162,100,000","142,400,000","181,500,000","129,900,000","115,100,000","123,400,000","134,600,000","92,600,000","75,500,000","66,500,000","90,600,000","66,600,000","67,100,000","65,800,000","90,900,000","69,500,000","60,200,000","49,100,000","54,200,000","46,300,000",,,,,,,,,,,,,,,,
OperatingExpense,"9,413,000,000","2,670,000,000","2,355,000,000","2,242,000,000","2,146,000,000","2,453,000,000","1,888,000,000","1,974,000,000","1,796,000,000","1,774,000,000","1,786,000,000","1,811,000,000","1,776,000,000","1,761,000,000","1,730,000,000","1,784,000,000","1,749,000,000","1,709,400,000","1,614,900,000","1,509,100,000","1,546,600,000","1,477,900,000","1,457,900,000","1,405,500,000","1,389,400,000","1,370,700,000","1,304,900,000","1,325,600,000","1,303,200,000","1,419,100,000","1,403,900,000","1,437,500,000","1,326,700,000","1,003,400,000","944,400,000","966,300,000","927,700,000","955,100,000","931,000,000","929,200,000","921,800,000","926,600,000","896,500,000","860,500,000","783,500,000","796,100,000","748,500,000","762,800,000","785,900,000","790,200,000","722,600,000","719,000,000","683,200,000","724,000,000","731,100,000","763,300,000","723,100,000","737,200,000","685,300,000","685,300,000","680,100,000","535,069,000","256,596,000","247,539,000","241,185,000","249,600,000","233,107,000","232,115,000","199,829,000","210,911,000","186,299,000","179,100,000","203,533,000","188,852,000","169,249,000","179,991,000","176,440,000","185,234,000","176,879,000","179,125,000","178,539,000","196,702,000","190,280,000","200,204,000","204,532,000","107,412,000","226,092,000","243,851,000","246,321,000","-315,100,000","427,400,000","440,500,000","404,800,000","384,000,000","368,600,000","358,300,000","356,200,000","366,100,000","323,000,000","294,700,000","263,800,000","374,000,000","252,700,000","255,700,000","214,900,000","290,600,000","187,500,000","184,600,000","172,700,000","190,100,000","124,300,000","119,300,000","105,500,000","143,500,000","90,300,000","91,600,000","99,900,000","116,000,000","68,600,000","58,500,000","57,800,000","81,500,000","57,500,000","57,800,000","56,600,000","77,000,000","56,000,000","58,600,000","43,300,000","50,500,000","43,200,000",,,,,,,,,,,,,,,,
	SellingGeneralAndAdministration,"8,007,000,000","2,278,000,000","2,004,000,000","1,899,000,000","1,826,000,000","2,077,000,000","1,592,000,000","1,710,000,000","1,551,000,000","1,512,000,000","1,539,000,000","1,565,000,000","1,528,000,000","1,510,000,000","1,490,000,000","1,542,000,000","1,515,000,000","1,476,500,000","1,396,800,000","1,287,500,000","1,331,200,000","1,265,300,000","1,274,600,000","1,223,100,000","1,212,900,000","1,190,400,000","1,133,300,000","1,151,000,000","1,137,400,000","1,236,600,000","1,228,700,000","1,253,800,000","1,177,000,000","898,700,000","848,500,000","869,600,000","829,500,000","856,600,000","839,000,000","835,000,000","830,000,000","830,900,000","809,700,000","777,200,000","708,700,000","717,900,000","677,000,000","692,500,000","719,100,000","720,900,000","662,100,000","660,900,000","625,000,000","663,100,000","669,300,000","698,900,000","661,100,000","675,800,000","626,500,000","626,600,000","620,300,000","482,900,000","217,938,000","206,919,000","202,448,000","211,369,000","194,323,000","192,593,000","163,501,000","175,966,000","153,425,000","146,508,000","163,711,000","151,811,000","134,349,000","142,859,000","139,119,000","147,046,000","139,326,000","139,371,000","138,913,000","156,121,000","148,318,000","155,498,000","160,167,000","143,319,000","157,903,000","172,016,000","173,682,000","-135,400,000","267,300,000","283,300,000","257,800,000","252,300,000","234,200,000","223,800,000","226,000,000","236,400,000","205,800,000","213,200,000","185,300,000","258,800,000","252,700,000","179,400,000","147,500,000","135,300,000","120,000,000","116,000,000","109,600,000","99,500,000","98,900,000","92,700,000","82,100,000","101,100,000","90,300,000","91,600,000","86,700,000","86,800,000","68,600,000","58,500,000","57,800,000","58,100,000","57,500,000","57,800,000","56,600,000","58,200,000","56,000,000","53,600,000","39,800,000","47,200,000","40,100,000",,,,,,,,,,,,,,,,
	ResearchAndDevelopment,"1,406,000,000","392,000,000","351,000,000","343,000,000","320,000,000","376,000,000","296,000,000","264,000,000","245,000,000","262,000,000","247,000,000","246,000,000","248,000,000","251,000,000","240,000,000","242,000,000","234,000,000","232,900,000","218,100,000","221,600,000","215,400,000","212,600,000","183,300,000","182,400,000","176,500,000","180,300,000","171,600,000","174,600,000","165,800,000","182,500,000","175,200,000","183,700,000","149,700,000","104,700,000","95,900,000","96,700,000","98,200,000","98,500,000","92,000,000","94,200,000","91,800,000","95,700,000","86,800,000","83,300,000","74,800,000","78,200,000","71,500,000","70,300,000","66,800,000","69,300,000","60,500,000","58,100,000","58,200,000","60,900,000","61,800,000","64,400,000","62,000,000","61,400,000","58,800,000","58,700,000","59,800,000","52,169,000","38,658,000","40,620,000","38,737,000","38,231,000","38,784,000","39,432,000","36,328,000","34,945,000","32,874,000","32,592,000","39,822,000","37,041,000","34,900,000","37,132,000","37,321,000","38,188,000","37,553,000","39,754,000","39,626,000","40,581,000","41,962,000","44,706,000","44,365,000","41,594,000","40,611,000","46,105,000","48,446,000","-148,400,000","106,200,000","111,300,000","101,900,000","89,200,000","93,200,000","94,000,000","92,100,000","93,200,000","84,100,000","81,500,000","78,500,000",,,"76,300,000","67,400,000","70,300,000","67,500,000","68,600,000","63,100,000","28,300,000","25,400,000","26,600,000","23,400,000",,,,,,,,,,,,,,,,,,,,,,,,,,,,,,,,,,
	DepreciationAmortizationDepletionIncomeStatement,"1,761,000,000","466,000,000","423,000,000","449,000,000","423,000,000","411,000,000","414,000,000","417,000,000","425,000,000","428,000,000","434,000,000",,"422,000,000","425,000,000",,,"444,000,000","441,000,000","405,000,000","380,900,000","367,500,000","376,400,000","341,600,000","338,000,000","322,000,000","326,000,000","329,900,000","329,800,000","329,100,000",,"362,900,000","343,600,000","285,900,000","188,900,000","191,000,000","191,200,000","192,000,000",,"186,200,000","183,400,000","183,900,000","186,700,000","174,600,000","151,200,000","135,400,000",,"139,400,000","142,000,000","151,100,000",,"148,200,000","147,100,000",,,,,,,,,,,,,,,,,,,,,,,,,,,,,,,,,,,"27,578,000","25,730,000","24,193,000","-31,300,000","53,900,000","45,900,000","45,100,000","42,500,000","41,200,000","40,500,000","38,100,000","36,500,000","33,100,000",,,,,,,,,,,,,,,,,,"13,200,000",,,,,,,,,,,"5,000,000","3,500,000","3,300,000","3,100,000",,,,,,,,,,,,,,,,
		DepreciationAndAmortizationInIncomeStatement,"1,761,000,000","466,000,000","423,000,000","449,000,000","423,000,000","411,000,000","414,000,000","417,000,000","425,000,000","428,000,000","434,000,000",,"422,000,000","425,000,000",,,"444,000,000","441,000,000","405,000,000","380,900,000","367,500,000","376,400,000","341,600,000","338,000,000","322,000,000","326,000,000","329,900,000","329,800,000","329,100,000",,"362,900,000","343,600,000","285,900,000","188,900,000","191,000,000","191,200,000","192,000,000",,"186,200,000","183,400,000","183,900,000","186,700,000","174,600,000","151,200,000","135,400,000",,"139,400,000","142,000,000","151,100,000",,"148,200,000","147,100,000",,,,,,,,,,,,,,,,,,,,,,,,,,,,,,,,,,,"27,578,000","25,730,000","24,193,000","-31,300,000","53,900,000","45,900,000","45,100,000","42,500,000","41,200,000","40,500,000","38,100,000","36,500,000","33,100,000",,,,,,,,,,,,,,,,,,"13,200,000",,,,,,,,,,,"5,000,000","3,500,000","3,300,000","3,100,000",,,,,,,,,,,,,,,,
			Amortization,"1,761,000,000","466,000,000","423,000,000","449,000,000","423,000,000","411,000,000","414,000,000","417,000,000","425,000,000","428,000,000","434,000,000",,"422,000,000","425,000,000",,,"444,000,000","441,000,000","405,000,000","380,900,000","367,500,000","376,400,000","341,600,000","338,000,000","322,000,000","326,000,000","329,900,000","329,800,000","329,100,000",,"362,900,000","343,600,000","285,900,000","188,900,000","191,000,000","191,200,000","192,000,000",,"186,200,000","183,400,000","183,900,000","186,700,000","174,600,000","151,200,000","135,400,000",,"139,400,000","142,000,000","151,100,000",,"148,200,000","147,100,000",,,,,,,,,,,,,,,,,,,,,,,,,,,,,,,,,,,,,,,,,,,,,,,,,,,,,,,,,,,,,,,,,,,,,,,,,,,,,,,,,,,,,,,,,,,,,,,
				AmortizationOfIntangiblesIncomeStatement,"1,761,000,000","466,000,000","423,000,000","449,000,000","423,000,000","411,000,000","414,000,000","417,000,000","425,000,000","428,000,000","434,000,000",,"422,000,000","425,000,000",,,"444,000,000","441,000,000","405,000,000","380,900,000","367,500,000","376,400,000","341,600,000","338,000,000","322,000,000","326,000,000","329,900,000","329,800,000","329,100,000",,"362,900,000","343,600,000","285,900,000","188,900,000","191,000,000","191,200,000","192,000,000",,"186,200,000","183,400,000","183,900,000","186,700,000","174,600,000","151,200,000","135,400,000",,"139,400,000","142,000,000","151,100,000",,"148,200,000","147,100,000",,,,,,,,,,,,,,,,,,,,,,,,,,,,,,,,,,,,,,,,,,,,,,,,,,,,,,,,,,,,,,,,,,,,,,,,,,,,,,,,,,,,,,,,,,,,,,,
	OtherOperatingExpenses,,,,,,,,,,,,,,,,,,,,,,,,,,,,,,,,,,,,,,,,,,,,,,,,,,,,,,,,,,,,,,,,,,,,"90,000",,,,,,,,,,,,,,,,,,,,,,,,,,,,,,,,,,,,,,,,,,,,,,,,,,,,,,,,,,,,,,,,,,,,,,,,,,,,,,,
OperatingIncome,"10,225,000,000","2,584,000,000","2,296,000,000","2,282,000,000","3,063,000,000","3,103,000,000","2,443,000,000","1,403,000,000","944,000,000","1,261,000,000","977,000,000","1,012,000,000","931,000,000","1,163,000,000","885,000,000","954,000,000","831,000,000","959,800,000","685,300,000","774,000,000","645,900,000","800,900,000","596,000,000","673,000,000","568,500,000","737,600,000","578,400,000","616,200,000","519,300,000","672,800,000","529,700,000","409,000,000","293,300,000","478,300,000","403,500,000","396,900,000","408,600,000","431,000,000","367,400,000","392,100,000","370,000,000","375,800,000","327,300,000","305,700,000","336,800,000","365,800,000","313,000,000","320,200,000","310,400,000","348,100,000","288,600,000","269,300,000","203,700,000","343,000,000","301,700,000","324,800,000","295,300,000","302,700,000","262,800,000","251,300,000","199,800,000","58,990,000","80,289,000","76,953,000","71,439,000","92,960,000","72,592,000","55,340,000","59,405,000","72,868,000","64,656,000","59,785,000","61,051,000","76,277,000","56,654,000","53,154,000","47,398,000","60,041,000","51,778,000","50,663,000","45,117,000","40,118,000","38,206,000","37,858,000","50,722,000","45,528,000","43,416,000","57,598,000","51,618,000","42,400,000","83,300,000","55,200,000","67,700,000","78,600,000","95,300,000","105,500,000","92,500,000","120,400,000","119,300,000","98,400,000","68,900,000","87,300,000","78,100,000","62,100,000","55,500,000","73,900,000","68,400,000","57,700,000","47,400,000","53,400,000","46,900,000","42,800,000","36,900,000","38,000,000","39,600,000","23,500,000","23,500,000","18,600,000","24,000,000","17,000,000","8,700,000","9,100,000","9,100,000","9,300,000","9,200,000","13,900,000","13,500,000","1,600,000","5,800,000","3,700,000","3,100,000","150,800,000","137,200,000","-331,100,000","125,600,000","121,400,000","103,200,000","-297,500,000","109,100,000","95,500,000","93,200,000","-230,800,000","85,200,000","79,700,000","78,300,000","-191,400,000","63,100,000"
NetNonOperatingInterestIncomeExpense,"-493,000,000","-150,000,000","-119,000,000","-111,000,000","-113,000,000","-134,000,000","-135,000,000","-129,000,000","-90,000,000","-97,000,000","-112,000,000","-121,000,000","-122,000,000","-127,000,000","-121,000,000","-139,000,000","-143,000,000","-146,000,000","-132,300,000","-115,800,000","-116,900,000","-117,300,000","-102,900,000","-105,600,000","-95,400,000","-94,300,000","-93,400,000","-95,200,000","-101,400,000","-106,900,000","-106,300,000","-113,100,000","-105,900,000","-62,400,000","-57,200,000","-57,300,000","-57,200,000","-60,000,000","-54,400,000","-50,700,000","-51,300,000","-50,600,000","-42,700,000","-32,300,000","-22,800,000","-15,700,000","-15,700,000","-20,900,000","-19,900,000","-25,500,000","-26,700,000","-24,900,000","-24,900,000",,,,,,,,,,,,,,,,,,,,,,,,,,,,,,,,,,,,,,,,,,,,,,,,,,,,,,,,,,,,,,,,,,,,,,,,,,,,,,,,,,,,,,,,,,,,,,
	InterestIncomeNonOperating,"43,000,000","11,000,000","9,000,000","11,000,000","12,000,000","12,000,000","9,000,000","8,000,000","36,000,000","45,000,000","52,000,000","60,000,000","67,000,000","45,000,000","41,000,000","31,000,000","20,000,000","20,300,000","24,400,000","17,800,000","18,500,000","14,000,000","10,400,000","13,200,000","10,800,000","8,700,000","7,200,000","7,700,000","7,000,000","9,300,000","10,500,000","16,000,000","11,900,000","6,600,000","7,100,000","7,100,000","7,200,000","6,200,000","5,900,000","6,700,000","6,400,000","8,500,000","6,800,000","6,600,000","5,000,000","3,800,000","3,400,000","2,900,000","2,400,000","3,600,000","2,500,000","4,700,000","5,300,000",,,,,,,,,,,,,,,,,,,,,,,,,,,,,,,,,,,,,,,,,,,,,,,,,,,,,,,,,,,,,,,,,,,,,,,,,,,,,,,,,,,,,,,,,,,,,,
	InterestExpenseNonOperating,"536,000,000","161,000,000","128,000,000","122,000,000","125,000,000","146,000,000","144,000,000","137,000,000","126,000,000","142,000,000","164,000,000","181,000,000","189,000,000","172,000,000","162,000,000","170,000,000","163,000,000","166,300,000","156,700,000","133,600,000","135,400,000","131,300,000","113,300,000","118,800,000","106,200,000","103,000,000","100,600,000","102,900,000","108,400,000","116,200,000","116,800,000","129,100,000","117,800,000","69,000,000","64,300,000","64,400,000","64,400,000","66,200,000","60,300,000","57,400,000","57,700,000","59,100,000","49,500,000","38,900,000","27,800,000","19,500,000","19,100,000","23,800,000","22,300,000","29,100,000","29,200,000","29,600,000","30,200,000",,,,,,,,,,,,,,,,,,,,,,,,,,,,,,,,,,,,,,,,,,,,,,,,,,,,,,,,,,,,,,,,,,,,,,,,,,,,,,,,,,,,,,,,,,,,,,
OtherIncomeExpense,"-891,000,000","-566,000,000","-4,000,000","-124,000,000","-197,000,000","-77,000,000","-56,000,000","-21,000,000","-26,000,000","-126,000,000","-43,000,000","502,000,000","8,000,000","-24,000,000","46,000,000","-9,000,000","-54,000,000","6,100,000","-72,400,000","-32,600,000","-26,100,000","-31,700,000","-65,200,000","-46,300,000","-50,100,000","-60,600,000","-16,900,000","-17,400,000","-35,900,000","-28,800,000","115,800,000","-59,400,000","587,000,000","-38,300,000","-27,300,000","-59,600,000","-8,500,000","-27,500,000","-16,600,000","-23,000,000","-13,700,000","-17,900,000","-19,900,000","-17,800,000","-15,000,000","-32,000,000","-10,000,000","-24,100,000","-22,400,000","-41,700,000","-15,000,000","-12,300,000","-11,600,000","-25,500,000","-18,300,000","4,200,000","2,600,000","-21,200,000","-8,600,000","-6,400,000","-5,800,000","-31,590,000","-4,468,000","-3,622,000","-3,110,000","-3,597,000","-7,124,000","27,984,000","3,394,000","-2,909,000","-2,346,000","10,880,000","-971,000","-13,920,000","-3,627,000","5,679,000","-2,982,000","-1,199,000","2,485,000","20,397,000","51,746,000","-63,336,000","1,056,000","-21,084,000","-12,859,000","-70,195,000","50,736,000","-6,621,000","-13,472,000","143,700,000","19,600,000","-397,800,000","23,300,000","-77,100,000","-17,100,000","21,900,000","64,800,000","26,800,000","11,300,000","14,400,000","28,800,000","18,200,000","33,300,000","45,200,000","47,300,000","36,800,000","38,900,000","27,000,000","26,400,000","18,200,000","22,600,000","26,900,000","15,500,000","-28,800,000","11,500,000","15,000,000","8,900,000","18,900,000","10,900,000","13,300,000","14,900,000","20,900,000","16,300,000","12,700,000","9,400,000","9,000,000","8,700,000","12,500,000","6,100,000","10,100,000","9,200,000",,,,,,,,,,,,,,,,
	EarningsFromEquityInterest,,,,,,,,,,,,,,,,,,,,,,,,,,,,,,,,,,,,,,,,,,,,,,,,,,,,,,,,,,,,,,,,,,,,,,,,,,,"271,000","145,000",,"364,000",,,"2,169,000",,"1,651,000","1,051,000","209,000",,,,,,,,,,,,,,,,,,,,,,,,,,,,,,,,,,,,,,,,,,,,,,,,,,,,,,,,,,,,,,
	SpecialIncomeCharges,"-197,000,000","-46,000,000","-18,000,000","-119,000,000","-14,000,000","-32,000,000","-17,000,000","-12,000,000","-38,000,000","-29,000,000","-31,000,000","484,000,000","-11,000,000","-15,000,000","27,000,000","-17,000,000","-45,000,000","-1,900,000","-49,100,000","-22,500,000","-23,500,000","-48,300,000","-54,900,000","-35,400,000","-50,600,000","-47,400,000","-15,500,000","-20,400,000","-32,000,000","-33,700,000","110,600,000","-60,900,000","582,200,000","-23,300,000","-11,400,000","-21,500,000","-21,500,000","-31,200,000","-16,600,000","-23,000,000","-13,700,000","-17,900,000","-19,900,000","-17,800,000","-15,000,000","-32,000,000","-10,000,000","-24,100,000","-22,400,000","-38,600,000","-15,000,000","-12,300,000","-11,600,000","-25,500,000","-18,300,000","4,200,000","2,600,000","-23,800,000","-8,600,000","-6,400,000","-5,800,000","-33,419,000","-4,468,000","-3,622,000","-3,110,000","-3,765,000","-7,124,000","27,984,000","3,394,000","-2,909,000","-2,346,000","10,880,000","-971,000","-13,504,000","-3,898,000","5,534,000","-2,982,000","-1,563,000","2,485,000","20,397,000","49,577,000","-60,425,000","-595,000","-22,135,000","-13,068,000","-70,195,000","50,736,000","-6,621,000","-13,472,000","143,700,000","19,600,000","-397,800,000","23,300,000","-77,100,000","-17,100,000","21,900,000","64,800,000","26,800,000","11,300,000","14,400,000","28,800,000","18,200,000","33,300,000","45,200,000","47,300,000","36,800,000","38,900,000","27,000,000","26,400,000","18,200,000","22,600,000","26,900,000","15,500,000","-28,800,000","11,500,000","15,000,000","8,900,000","18,900,000","10,900,000","13,300,000","14,900,000","20,900,000","16,300,000","12,700,000","9,400,000","9,000,000","8,700,000","12,500,000","6,100,000","10,100,000","9,200,000",,,,,,,,,,,,,,,,
		RestructuringAndMergernAcquisition,"197,000,000","46,000,000","18,000,000","119,000,000","14,000,000","32,000,000","17,000,000","12,000,000","38,000,000","29,000,000","31,000,000","-484,000,000","11,000,000","15,000,000","-27,000,000","17,000,000","45,000,000","1,900,000","49,100,000","22,500,000","23,500,000","48,300,000","54,900,000","35,400,000","50,600,000","47,400,000","15,500,000","20,400,000","32,000,000","33,700,000","-110,600,000","60,900,000","-582,200,000","23,300,000","11,400,000","21,500,000","21,500,000","30,400,000","15,200,000","24,300,000","15,100,000","32,900,000","12,300,000","39,900,000","15,300,000","24,500,000","10,300,000","8,200,000","17,400,000","23,800,000","13,100,000","10,300,000","13,600,000","20,500,000","15,400,000","-5,400,000","4,900,000","17,700,000","8,800,000","8,300,000","7,400,000","32,160,000","5,178,000","4,780,000","3,594,000","4,473,000","10,482,000","2,216,000","-271,000","6,821,000","5,035,000","815,000","3,166,000","21,462,000","14,273,000","4,872,000","8,102,000","21,369,000","6,907,000","15,487,000","8,383,000","88,556,000","9,571,000","23,693,000","10,882,000",,,,,,,,,,,,,,,,,,,,,,,,,,,,,,,,,,,,,,,,,,,,,,,,,,,,,,,,,,,,,,
		OtherSpecialCharges,,,,,,,,,,,,,,,,,,,,,,,,,,,,,,,,,,,,,,,"1,400,000","-1,300,000","-1,400,000","-15,000,000","7,600,000","-22,100,000","-300,000","7,500,000","-300,000","15,900,000","5,000,000","14,800,000","1,900,000","2,000,000","-2,000,000","5,000,000","2,900,000","1,200,000","-7,500,000","6,100,000","-200,000","-1,900,000","-1,600,000","1,259,000","-710,000","-1,158,000","-484,000","-708,000","-3,358,000","-30,200,000","-3,123,000","-3,912,000","-2,689,000","-11,695,000","-2,195,000","-7,958,000","-10,375,000","-10,406,000","-5,120,000","-19,806,000","-9,392,000","-35,884,000","-57,960,000","-28,131,000","-8,976,000","-1,558,000","2,186,000",,,,,,,,,,,,,,,,,,,,,,,,,,,,,,,,,,,,,,,,,,,,,,,,,,,,,,,,,,,,,,
	OtherNonOperatingIncomeExpenses,"-694,000,000","-520,000,000","14,000,000","-5,000,000","-183,000,000","-45,000,000","-39,000,000","-9,000,000","12,000,000","-97,000,000","-12,000,000","18,000,000","19,000,000","-9,000,000","19,000,000","8,000,000","-9,000,000","8,000,000","-23,300,000","-10,100,000","-2,600,000","16,600,000","-10,300,000","-10,900,000","500,000","-13,200,000","-1,400,000","3,000,000","-3,900,000","4,900,000","5,200,000","1,500,000","4,800,000","-15,000,000","-15,900,000","-38,100,000","13,000,000",,,,,,,,,,,,,,,,,,,,,,,,,,,,,,,,,,,,,,,,,,,,,,,,,,,,,,,,,,,,,,,,,,,,,,,,,,,,,,,,,,,,,,,,,,,,,,,,,,,,,,,,,,,,,,
PretaxIncome,"8,841,000,000","1,868,000,000","2,173,000,000","2,047,000,000","2,753,000,000","2,892,000,000","2,252,000,000","1,253,000,000","828,000,000","1,038,000,000","822,000,000","1,393,000,000","817,000,000","1,012,000,000","810,000,000","806,000,000","634,000,000","819,900,000","480,600,000","625,600,000","502,900,000","651,900,000","427,900,000","521,100,000","423,000,000","582,700,000","468,100,000","503,600,000","382,000,000","537,100,000","539,200,000","236,500,000","774,400,000","377,600,000","319,000,000","280,000,000","342,900,000","343,500,000","296,400,000","318,400,000","305,000,000","307,300,000","264,700,000","255,600,000","299,000,000","318,100,000","287,300,000","275,200,000","268,100,000","280,900,000","246,900,000","232,100,000","167,200,000","300,300,000","264,200,000","307,500,000","277,600,000","258,000,000","235,300,000","222,300,000","165,700,000","7,146,000","69,368,000","68,790,000","64,066,000","84,841,000","59,359,000","78,718,000","62,980,000","72,014,000","62,092,000","69,637,000","60,080,000","60,574,000","52,385,000","60,477,000","45,197,000","60,170,000","56,609,000","73,465,000","98,073,000","-15,156,000","40,767,000","14,017,000","36,094,000","12,524,000","83,848,000","45,873,000","32,019,000","215,300,000","66,800,000","-322,800,000","59,200,000","72,500,000","55,800,000","110,700,000","107,100,000","125,500,000","109,900,000","98,200,000","80,500,000","89,800,000","83,100,000","64,900,000","62,700,000","73,100,000","61,400,000","56,500,000","47,900,000","47,200,000","42,200,000","46,500,000","36,600,000","26,100,000","37,700,000","25,200,000","20,900,000","23,400,000","24,800,000","22,700,000","17,100,000","23,500,000","19,200,000","14,900,000","12,900,000","17,300,000","16,400,000","9,200,000","7,500,000","9,700,000","8,500,000",,,,,,,,,,,,,,,,
TaxProvision,"1,109,000,000","203,000,000","271,000,000","219,000,000","416,000,000","394,000,000","319,000,000","97,000,000","40,000,000","36,000,000","62,000,000","274,000,000","2,000,000","114,000,000","101,000,000","54,000,000","55,000,000","289,400,000","-53,300,000","13,400,000","-48,500,000","19,200,000","-45,600,000","4,300,000","20,700,000","-23,600,000","-9,200,000","-8,000,000","-3,100,000","-66,900,000","69,300,000","-42,000,000","231,300,000","34,600,000","1,300,000","2,400,000","2,100,000","-42,300,000","-3,000,000","26,000,000","28,000,000","17,800,000","-600,000","38,000,000","51,800,000","20,600,000","28,500,000","37,900,000","38,300,000","6,600,000","25,700,000","25,200,000","18,300,000","9,600,000","45,900,000","61,200,000","44,200,000","23,700,000","16,700,000","34,400,000","26,900,000","-17,775,000","20,535,000","19,847,000","20,447,000","29,480,000","18,762,000","21,958,000","17,397,000","-13,468,000","19,451,000","19,058,000","16,958,000","11,404,000","13,388,000","7,338,000","13,806,000","17,694,000","17,626,000","23,975,000","33,692,000","-7,829,000","15,090,000","5,411,000","14,257,000","4,517,000","70,360,000","20,612,000","16,728,000","59,300,000","30,500,000","-87,600,000","30,900,000","40,600,000","38,200,000","51,100,000","41,600,000","56,300,000","48,000,000","42,000,000","28,400,000","36,200,000","31,900,000","20,000,000","22,300,000","33,300,000","23,300,000","23,900,000","18,400,000","18,200,000","14,500,000","22,300,000","14,100,000","3,500,000","16,800,000","7,600,000","5,500,000","4,900,000","9,300,000","8,800,000","4,500,000","9,300,000","5,600,000","4,700,000","4,700,000","7,400,000","6,900,000","1,100,000","1,500,000","2,100,000","1,900,000",,,,,,,,,,,,,,,,
EarningsFromEquityInterestNetOfTax,"-4,000,000","-1,000,000",,,,,,,,,,,,,,,,,,,,,,,,,,,,,,,,,,,,,,,,,,,,,,,,,,,,,,,,,,,,,,,,,,,,,,,,,,,,,,,,,,,,,,,,,,,,,,,,,,,,,,,,,,,,,,,,,,,,,,,,,,,,,,,,,,,,,,,,,,,,,,,,,
NetIncomeCommonStockholders,"7,725,000,000","1,658,000,000","1,902,000,000","1,828,000,000","2,337,000,000","2,498,000,000","1,933,000,000","1,156,000,000","788,000,000","1,002,000,000","760,000,000","1,119,000,000","815,000,000","898,000,000","709,000,000","752,000,000","579,000,000","528,100,000","533,900,000","611,600,000","551,400,000","629,500,000","473,500,000","516,600,000","402,200,000","602,600,000","476,100,000","511,600,000","385,100,000","601,200,000","471,600,000","278,500,000","543,100,000","342,100,000","317,600,000","277,400,000","336,200,000","376,400,000","290,400,000","233,800,000","277,300,000","288,900,000","265,400,000","523,400,000","252,200,000","297,500,000","268,500,000","237,300,000","232,300,000","273,300,000","221,200,000","206,900,000","148,900,000","290,200,000","221,500,000","249,500,000","233,000,000","239,800,000","218,500,000","163,900,000","138,900,000","25,316,000","48,833,000","47,880,000","46,906,000","56,405,000","57,734,000","60,223,000","48,856,000","121,099,000","106,536,000","91,080,000","43,122,000","61,928,000","48,515,000","53,139,000","36,427,000","87,152,000","39,017,000","68,517,000","115,044,000","-6,868,000","26,279,000","24,983,000","-45,175,000","-90,683,000","13,488,000","25,261,000","15,823,000","-4,000,000","36,300,000","-235,200,000","28,300,000","37,000,000","17,600,000","61,800,000","65,500,000","69,200,000","61,900,000","56,200,000","52,100,000","53,600,000","51,200,000","44,900,000","40,400,000","39,800,000","38,100,000","32,600,000","29,500,000","29,000,000","27,700,000","24,200,000","22,500,000","22,600,000","20,900,000","17,600,000","15,400,000","17,100,000","15,500,000","13,900,000","12,600,000","14,200,000","13,600,000","10,200,000","8,200,000","9,900,000","9,500,000","8,100,000","6,000,000","7,600,000","6,600,000",,,,,,,,,,,,,,,,
	NetIncome,"7,725,000,000","1,658,000,000","1,902,000,000","1,828,000,000","2,337,000,000","2,498,000,000","1,933,000,000","1,156,000,000","788,000,000","1,002,000,000","760,000,000","1,119,000,000","815,000,000","898,000,000","709,000,000","752,000,000","579,000,000","528,100,000","533,900,000","611,600,000","551,400,000","629,500,000","473,500,000","516,600,000","402,200,000","602,600,000","476,100,000","511,600,000","385,100,000","601,200,000","471,600,000","278,500,000","543,100,000","342,100,000","317,600,000","277,400,000","336,200,000","376,400,000","290,400,000","233,800,000","277,300,000","288,900,000","265,400,000","523,400,000","252,200,000","297,500,000","268,500,000","237,300,000","232,300,000","273,300,000","221,200,000","206,900,000","148,900,000","290,200,000","221,500,000","249,500,000","233,000,000","239,800,000","218,500,000","163,900,000","138,900,000","25,316,000","48,833,000","47,880,000","46,906,000","56,405,000","57,734,000","60,223,000","48,856,000","121,099,000","106,536,000","91,080,000","43,122,000","61,928,000","48,515,000","53,139,000","36,427,000","87,152,000","39,017,000","68,517,000","115,044,000","-6,868,000","26,279,000","24,983,000","-45,175,000","-90,683,000","13,488,000","25,261,000","15,823,000","-4,000,000","36,300,000","-235,200,000","28,300,000","37,000,000","17,600,000","61,800,000","65,500,000","69,200,000","61,900,000","56,200,000","52,100,000","53,600,000","51,200,000","44,900,000","40,400,000","39,800,000","38,100,000","32,600,000","29,500,000","29,000,000","27,700,000","24,200,000","22,500,000","22,600,000","20,900,000","17,600,000","15,400,000","17,100,000","15,500,000","13,900,000","12,600,000","14,200,000","13,600,000","10,200,000","8,200,000","9,900,000","9,500,000","8,100,000","6,000,000","7,600,000","6,600,000",,,,,,,,,,,,,,,,
		NetIncomeIncludingNoncontrollingInterests,"7,728,000,000","1,661,000,000","1,902,000,000","1,828,000,000","2,337,000,000","2,498,000,000","1,933,000,000","1,156,000,000","788,000,000","1,002,000,000","760,000,000","1,119,000,000","815,000,000","898,000,000","709,000,000","752,000,000","579,000,000","528,100,000","533,900,000","611,600,000","551,400,000","629,500,000","473,500,000","516,600,000","402,200,000","602,600,000","476,100,000","511,600,000","385,100,000","601,200,000","471,600,000","278,500,000","543,100,000","342,100,000","317,600,000","277,400,000","336,200,000","376,400,000","290,400,000","233,800,000","277,300,000","288,900,000","265,400,000","523,400,000","252,200,000","297,500,000","268,500,000","237,300,000","232,300,000","273,300,000","221,200,000","206,900,000","148,900,000","290,200,000","221,500,000","249,500,000","233,000,000","239,800,000","218,500,000","163,900,000","138,900,000","25,316,000","48,833,000","47,880,000","46,906,000","56,405,000","57,734,000","60,223,000","48,856,000","121,099,000","106,536,000","91,080,000","43,122,000","61,928,000","48,515,000","53,139,000","36,427,000","87,152,000","39,017,000","68,517,000","114,713,000","-11,382,000","25,752,000","24,166,000","-45,157,000","-91,723,000","13,864,000","30,365,000","21,950,000","51,700,000","43,000,000","-282,700,000","32,400,000","43,000,000","14,900,000","78,500,000","90,100,000","90,900,000","82,700,000","71,000,000","69,200,000","69,100,000","79,400,000","61,600,000","53,000,000","56,700,000","64,000,000","42,900,000","36,900,000","36,900,000","38,500,000","30,900,000","28,000,000","28,900,000","26,500,000","23,300,000","18,900,000","22,600,000","19,100,000","17,000,000","14,400,000","16,000,000","15,300,000","12,500,000","9,700,000","11,600,000","11,500,000","10,000,000","7,500,000","8,300,000","7,400,000","5,600,000","4,800,000","6,100,000","5,500,000","4,500,000","4,000,000","5,000,000","5,100,000","4,200,000","3,800,000","4,400,000","3,700,000","3,500,000","2,700,000","3,200,000","2,300,000"
			NetIncomeContinuousOperations,"7,728,000,000","1,661,000,000","1,902,000,000","1,828,000,000","2,337,000,000","2,498,000,000","1,933,000,000","1,156,000,000","788,000,000","1,002,000,000","760,000,000","1,119,000,000","815,000,000","898,000,000","709,000,000","752,000,000","579,000,000","530,500,000","533,900,000","612,200,000","551,400,000","632,700,000","473,500,000","516,800,000","402,300,000","606,300,000","477,300,000","511,600,000","385,100,000","604,000,000","469,900,000","278,500,000","543,100,000","343,000,000","317,700,000","277,600,000","340,800,000","385,800,000","299,400,000","292,400,000","277,000,000","289,500,000","265,300,000","217,600,000","247,200,000","297,500,000","258,800,000","237,300,000","229,800,000","274,300,000","221,200,000","206,900,000","148,900,000","290,700,000","218,300,000","246,300,000","233,400,000","234,300,000","218,600,000","187,900,000","138,800,000","24,921,000","48,833,000","48,943,000","43,619,000","55,361,000","40,597,000","56,760,000","45,583,000","85,482,000","42,641,000","50,579,000","43,122,000","49,170,000","38,997,000","53,139,000","31,391,000","42,476,000","38,983,000","49,490,000","64,381,000","-7,327,000","25,677,000","9,423,000","21,819,000","8,007,000","13,488,000","25,261,000","15,291,000","156,000,000","36,300,000","-235,200,000","28,300,000","31,900,000","17,600,000","59,600,000","65,500,000","69,200,000","61,900,000","56,200,000","52,100,000","53,600,000","51,200,000","44,900,000","40,400,000","39,800,000","38,100,000","32,600,000","29,500,000","29,000,000","27,700,000","24,200,000","22,500,000","22,600,000","20,900,000","17,600,000","15,400,000","18,500,000","15,500,000","13,900,000","12,600,000","14,200,000","13,600,000","10,200,000","8,200,000","9,900,000","9,500,000","8,100,000","6,000,000","7,600,000","6,600,000","5,600,000","4,800,000","6,100,000","5,500,000","4,500,000","4,000,000","5,000,000","5,100,000","4,200,000","3,800,000","4,400,000","3,700,000","3,500,000","2,700,000","3,200,000","2,300,000"
			NetIncomeDiscontinuousOperations,,,,,,,,,,,,,,"0","0",,,"-2,400,000","0","-600,000","0","-3,200,000","0","-200,000","-100,000","-3,700,000","-1,200,000",,,"-2,800,000","1,700,000","0","0","-900,000","-100,000","-200,000","-4,600,000","-9,400,000","-9,000,000","-58,600,000","300,000","-600,000","100,000","305,800,000","5,000,000","0","9,700,000","0","2,500,000","-1,000,000","0","0","0","-500,000","3,200,000","3,200,000","-400,000","5,500,000","-100,000","-24,000,000","100,000","395,000",,"-1,063,000","3,287,000","1,044,000","17,137,000","3,463,000","3,273,000","35,617,000","63,895,000","40,501,000",,"12,758,000","9,518,000",,"5,036,000","45,000,000",,"19,000,000","51,370,000","0",,"15,560,000","-66,000,000",,,,,,,,,,,,,,,,,,,,,,,,,,,,,,,,,,,,,,,,,,,,,,,,,,,,,,,,,,,,,,
			NetIncomeExtraordinary,,,,,,,,,,,,,,,,,,,,,,,,,,,,,,,,,,,,,,,,,,,,,,,,,,,,,,,,,,,,,,,,,,,,,,,,,,,,,,,,,,"0",,,"-994,000",,,,,,,,,,,"2,200,000",,,,,,,,,,,,,,,,,,,,,,,,,,,,,,,,,,,,,,,,,,,,,,,,,,,
			NetIncomeFromTaxLossCarryforward,,,,,,,,,,,,,,,,,,,,,,,,,,,,,,,,,,,,,,,,,,,,,,,,,,,,,,,,,,,,,,,,,,,,,,,,,,,,,,"-324,000","34,000","27,000","-707,000","459,000","602,000",,,"0",,,"532,000",,,,,,,,,,,,,,,,,,,,,,,,,,,,,,,,,,,,,,,,,,,,,,,,,,,,,,,,,,
		MinorityInterests,"-3,000,000","-1,000,000",,,,,,,,,,,,,,,,,,,,,,,,,,,,,,,,,,,,,,,,,,,,,,,,,,,,,,,,,,,,,,,,,,,,,,,,,,,,"0",,,"331,000","4,514,000","527,000","817,000","-18,000","1,040,000","-376,000","-5,104,000","-6,127,000","-55,700,000","-6,700,000","47,500,000","-4,100,000","-6,000,000","2,700,000","-16,700,000","-24,600,000","-21,700,000","-20,800,000","-14,800,000","-17,100,000","-15,500,000","-28,200,000","-16,700,000","-12,600,000","-16,900,000","-25,900,000","-10,300,000","-7,400,000","-7,900,000","-10,800,000","-6,700,000","-5,500,000","-6,300,000","-5,600,000","-5,700,000","-3,500,000","-5,500,000","-3,600,000","-3,100,000","-1,800,000","-1,800,000","-1,700,000","-2,300,000","-1,500,000","-1,700,000","-2,000,000","-1,900,000","-1,500,000","-700,000","-800,000",,,,,,,,,,,,,,,,
DilutedNIAvailtoComStockholders,"7,725,000,000","1,658,000,000","1,902,000,000","1,828,000,000","2,337,000,000","2,498,000,000","1,933,000,000","1,156,000,000","788,000,000","1,002,000,000","760,000,000","1,119,000,000","815,000,000","898,000,000","709,000,000","752,000,000","579,000,000","528,100,000","533,900,000","611,600,000","551,400,000","629,500,000","473,500,000","516,600,000","402,200,000","602,600,000","476,100,000","511,600,000","385,100,000","601,200,000","471,600,000","278,500,000","543,100,000","342,100,000","317,600,000","277,400,000","336,200,000","376,400,000","290,400,000","233,800,000","277,300,000","288,900,000","265,400,000","523,400,000","252,200,000","297,500,000","268,500,000","237,300,000","232,300,000","273,300,000","221,200,000","206,900,000","148,900,000","290,200,000","221,500,000","249,500,000","233,000,000","239,800,000","218,500,000","163,900,000","138,900,000","25,316,000","48,833,000","47,880,000","46,906,000","56,405,000","57,734,000","60,223,000","48,856,000","121,099,000","106,536,000","91,080,000","43,122,000","61,928,000","48,515,000","53,139,000","36,427,000","87,152,000","39,017,000","68,517,000","115,044,000","-6,868,000","26,279,000","24,983,000","-45,175,000","-90,683,000","13,488,000","25,261,000","15,823,000","-4,000,000","36,300,000","-235,200,000","28,300,000","37,000,000","17,600,000","61,800,000","65,500,000","69,200,000","61,900,000","56,200,000","52,100,000","53,600,000","51,200,000","44,900,000","40,400,000","39,800,000","38,100,000","32,600,000","29,500,000","29,000,000","27,700,000","24,200,000","22,500,000","22,600,000","20,900,000","17,600,000","15,400,000","17,100,000","15,500,000","13,900,000","12,600,000","14,200,000","13,600,000","10,200,000","8,200,000","9,900,000","9,500,000","8,100,000","6,000,000","7,600,000","6,600,000",,,,,,,,,,,,,,,,
BasicEPS,,"4.2","4.83","4.65","5.93","6.3","4.88","2.92","1.99","2.51","1.89","2.8","2.04","2.23","1.76","1.87","1.44","1.32","1.35","1.57","1.41","1.6","1.2","1.31","1.02","1.51","1.19","1.28","0.97",,"1.18","0.7","1.38","0.95","0.88","0.77","0.94",,"0.8","0.64","1.51","0.77","0.7","1.37","0.65",,"0.67","0.58","0.57",,"0.54","0.5","0.36",,"0.53","0.6","0.56",,"0.51","0.39","0.33",,"0.31","0.3","0.29",,"0.36","0.37","0.28",,"0.66","0.55","0.26",,"0.3","0.33","0.22",,"0.24","0.4","0.66",,"0.15","0.14","-0.25",,"0.08","0.16","0.1",,"0.23","-1.49","0.18",,"0.11","0.37","0.41",,"0.41","0.37","0.35",,"0.36","0.32","0.207",,"0.2","0.173","0.111",,"0.111","0.098","0.093",,"0.059","0.056","0.05",,"0.05","0.044","0.041",,"0.047","0.041","0.033",,"0.041","0.033","0.027",,"0.033","0.027","0.024",,"0.027","0.021","0.021",,"0.027","0.021","0.018",,"0.012","0.012","0.01",,"0.01"
DilutedEPS,,"4.17","4.79","4.61","5.88","6.24","4.84","2.9","1.97","2.49","1.88","2.77","2.02","2.22","1.75","1.85","1.43","1.3","1.34","1.56","1.4","1.59","1.19","1.3","1.01","1.5","1.18","1.27","0.96",,"1.17","0.69","1.36","0.92","0.86","0.76","0.93",,"0.79","0.63","1.5","0.77","0.69","1.36","0.64",,"0.66","0.57","0.56",,"0.53","0.49","0.35",,"0.51","0.57","0.53",,"0.49","0.37","0.31",,"0.3","0.29","0.28",,"0.35","0.37","0.28",,"0.65","0.54","0.26",,"0.29","0.32","0.22",,"0.23","0.38","0.59",,"0.14","0.14","-0.25",,"0.07","0.16","0.09",,"0.22","-1.49","0.17",,"0.1","0.34","0.37",,"0.41","0.35","0.32",,"0.32","0.32","0.207",,"0.18","0.153","0.111",,"0.093","0.084","0.084",,"0.053","0.05","0.044",,"0.044","0.044","0.041",,"0.044","0.039","0.033",,"0.039","0.033","0.027",,"0.03","0.027","0.024",,"0.027","0.021","0.021",,"0.024","0.021","0.018",,"0.012","0.012","0.01",,"0.01"
BasicAverageShares,,"394,000,000","394,000,000","393,000,000","394,000,000","397,000,000","396,000,000","395,000,000","397,000,000","399,000,000","401,000,000","400,475,744","400,000,000","402,000,000","402,576,382","402,796,251","402,000,000","401,000,000","396,200,000","390,000,000","391,000,000","394,600,000","394,700,000","393,900,000","395,800,000","399,500,000","399,000,000","398,400,000","397,800,000",,"399,900,000","399,400,000","393,300,000","361,800,000","361,200,000","360,000,000","358,100,000",,"362,600,000","367,000,000","367,300,000","373,400,000","379,500,000","381,900,000","388,600,000",,"400,700,000","409,300,000","409,600,000",,"407,900,000","415,300,000","417,700,000",,"419,000,000","418,000,000","417,500,000",,"424,300,000","424,000,000","420,100,000",,"157,705,000","161,289,000","163,044,000",,"161,794,000","161,255,000","160,957,000",,"161,514,000","165,571,000","165,206,000",,"162,531,000","162,048,000","162,844,000",,"165,701,000","171,122,000","174,250,000",,"180,280,000","181,628,000","182,856,000",,"175,978,000","156,018,000","156,813,000",,"157,826,087","157,852,349","157,222,222",,"160,000,000","167,027,027","159,756,098",,"150,975,610","151,891,892","148,857,143",,"142,222,222","140,312,500","135,989,961",,"129,671,803","124,620,279","123,025,934",,"114,276,000","108,598,000","107,969,000",,"106,780,000","91,319,000","91,225,000",,"90,531,000","90,208,000","86,915,000",,"86,478,000","83,342,000","71,609,000",,"68,879,000","70,604,000","65,651,000",,"60,709,000","58,778,000","58,169,000",,"58,091,000","57,909,000","57,909,000",,"59,615,000","59,129,000","58,738,000",,"58,057,000","57,754,000","52,898,000",,"46,486,000"
DilutedAverageShares,,"398,000,000","397,000,000","396,000,000","397,000,000","400,000,000","399,000,000","398,000,000","400,000,000","402,000,000","404,000,000","400,475,744","403,000,000","405,000,000","402,576,382","402,796,251","406,000,000","405,000,000","399,600,000","393,300,000","394,100,000","397,000,000","397,400,000","396,700,000","398,700,000","402,400,000","402,000,000","401,500,000","401,400,000",,"403,700,000","403,100,000","398,400,000","370,900,000","367,300,000","363,500,000","361,700,000",,"365,400,000","369,200,000","370,100,000","375,900,000","382,700,000","384,852,941","394,600,000",,"404,500,000","415,900,000","418,200,000",,"420,200,000","423,700,000","425,300,000",,"438,500,000","437,200,000","436,200,000",,"446,600,000","446,500,000","441,100,000",,"162,161,000","165,523,000","166,982,000",,"165,635,000","164,658,000","164,730,000",,"165,570,000","170,521,000","169,996,000",,"169,155,000","172,459,000","165,614,000",,"176,342,000","186,740,000","204,189,000",,"182,823,000","185,056,000","187,177,000",,"180,440,000","157,767,000","157,464,000",,"165,000,000","157,852,349","166,470,588",,"176,000,000","181,764,706","177,027,027",,"150,975,610","160,571,429","162,812,500",,"160,000,000","140,312,500","135,989,961",,"129,671,803","124,620,279","123,025,934",,"114,276,000","108,598,000","107,969,000",,"106,780,000","91,319,000","91,225,000",,"90,531,000","90,208,000","86,915,000",,"86,478,000","83,342,000","71,609,000",,"68,879,000","70,604,000","65,651,000",,"60,709,000","58,778,000","58,169,000",,"58,091,000","57,909,000","57,909,000",,"59,615,000","59,129,000","58,738,000",,"58,057,000","57,754,000","52,898,000",,"46,486,000"
TotalOperatingIncomeAsReported,"10,028,000,000","2,538,000,000","2,278,000,000","2,163,000,000","3,049,000,000","3,071,000,000","2,426,000,000","1,391,000,000","906,000,000","1,232,000,000","946,000,000","1,496,000,000","920,000,000","1,148,000,000","912,000,000","937,000,000","786,000,000","957,900,000","636,200,000","751,500,000","622,400,000","752,600,000","541,100,000","637,600,000","517,900,000","690,200,000","562,900,000","595,800,000","487,300,000","639,100,000","640,300,000","348,100,000","875,500,000","455,000,000","392,100,000","375,400,000","387,100,000","400,600,000","352,200,000","367,800,000","354,900,000","342,900,000","315,000,000","265,800,000","321,500,000","341,300,000","302,700,000","312,000,000","293,000,000","324,300,000","275,500,000","259,000,000","190,100,000","322,500,000","286,300,000","330,200,000","290,400,000","285,000,000","254,000,000","243,000,000","192,400,000","26,830,000","75,111,000","72,173,000","67,845,000","88,487,000","62,110,000","53,124,000","59,676,000","66,047,000","59,621,000","58,970,000","57,885,000","54,815,000","42,381,000","48,282,000","39,296,000","38,672,000","44,871,000","35,176,000","36,734,000","-48,438,000","28,635,000","14,165,000","39,840,000","45,528,000","43,416,000","57,598,000","51,618,000","42,400,000","83,300,000","55,200,000","67,700,000","78,600,000","95,300,000","105,500,000","92,500,000","120,400,000","119,300,000","98,400,000","68,900,000","87,300,000","78,100,000","62,100,000","55,500,000","73,900,000","68,400,000","57,700,000","47,400,000","53,400,000","46,900,000","42,800,000","36,900,000","38,000,000","39,600,000","23,500,000","23,500,000","18,600,000","24,000,000","17,000,000","8,700,000","9,100,000","9,100,000","9,300,000","9,200,000","13,900,000","13,500,000","1,600,000","5,800,000","3,700,000","3,100,000",,,,,,,,,,,,,,,,
TotalExpenses,"28,986,000,000","8,118,000,000","7,034,000,000","6,991,000,000","6,843,000,000","7,447,000,000","6,078,000,000","5,514,000,000","5,286,000,000","5,568,000,000","5,295,000,000","5,304,000,000","5,194,000,000","5,344,000,000","5,035,000,000","5,124,000,000","5,022,000,000","5,087,000,000","4,430,900,000","4,216,000,000","4,119,100,000","4,152,300,000","3,894,900,000","3,862,200,000","3,726,300,000","3,914,900,000","3,544,800,000","3,654,700,000","3,399,500,000","3,820,000,000","3,641,700,000","3,912,900,000","3,610,200,000","2,988,600,000","2,788,300,000","2,843,200,000","2,782,900,000","2,828,300,000","2,718,300,000","2,716,000,000","2,730,300,000","2,757,800,000","2,646,200,000","2,591,700,000","2,384,600,000","2,415,300,000","2,315,700,000","2,328,800,000","2,364,700,000","2,491,300,000","2,242,500,000","2,214,800,000","2,051,400,000","2,303,300,000","2,286,400,000","2,384,800,000","2,258,700,000","2,318,400,000","2,138,400,000","2,134,600,000","2,138,400,000","1,609,910,000","644,673,000","636,515,000","612,848,000","647,827,000","606,819,000","598,281,000","499,803,000","540,471,000","477,659,000","465,524,000","520,951,000","507,132,000","440,462,000","463,251,000","452,807,000","508,704,000","465,393,000","458,450,000","446,209,000","519,590,000","474,735,000","504,614,000","522,367,000","445,632,000","537,535,000","551,884,000","547,311,000","-750,300,000","994,000,000","1,037,100,000","941,800,000","919,800,000","881,900,000","842,300,000","851,800,000","889,500,000","790,600,000","776,600,000","694,600,000","707,200,000","661,900,000","683,700,000","579,600,000","555,900,000","502,000,000","471,000,000","431,100,000","380,000,000","359,600,000","352,200,000","313,600,000","300,100,000","278,800,000","276,900,000","269,300,000","273,000,000","218,900,000","193,100,000","195,700,000","211,100,000","182,900,000","184,600,000","182,600,000","199,600,000","168,000,000","168,600,000","127,500,000","154,200,000","130,000,000",,,,,,,,,,,,,,,,
NetIncomeFromContinuingAndDiscontinuedOperation,"7,725,000,000","1,658,000,000","1,902,000,000","1,828,000,000","2,337,000,000","2,498,000,000","1,933,000,000","1,156,000,000","788,000,000","1,002,000,000","760,000,000","1,119,000,000","815,000,000","898,000,000","709,000,000","752,000,000","579,000,000","528,100,000","533,900,000","611,600,000","551,400,000","629,500,000","473,500,000","516,600,000","402,200,000","602,600,000","476,100,000","511,600,000","385,100,000","601,200,000","471,600,000","278,500,000","543,100,000","342,100,000","317,600,000","277,400,000","336,200,000","376,400,000","290,400,000","233,800,000","277,300,000","288,900,000","265,400,000","523,400,000","252,200,000","297,500,000","268,500,000","237,300,000","232,300,000","273,300,000","221,200,000","206,900,000","148,900,000","290,200,000","221,500,000","249,500,000","233,000,000","239,800,000","218,500,000","163,900,000","138,900,000","25,316,000","48,833,000","47,880,000","46,906,000","56,405,000","57,734,000","60,223,000","48,856,000","121,099,000","106,536,000","91,080,000","43,122,000","61,928,000","48,515,000","53,139,000","36,427,000","87,476,000","38,983,000","68,490,000","115,751,000","-7,327,000","25,677,000","24,983,000","-44,181,000","-77,765,000","13,488,000","25,261,000","15,291,000","-5,500,000","36,300,000","-235,200,000","28,300,000","31,900,000","17,600,000","59,600,000","65,500,000","69,200,000","61,900,000","56,200,000","52,100,000","53,600,000","51,200,000","44,900,000","40,400,000","39,800,000","38,100,000","32,600,000","29,500,000","29,000,000","27,700,000","24,200,000","22,500,000","22,600,000","20,900,000","17,600,000","15,400,000","18,500,000","15,500,000","13,900,000","12,600,000","14,200,000","13,600,000","10,200,000","8,200,000","9,900,000","9,500,000","8,100,000","6,000,000","7,600,000","6,600,000",,,,,,,,,,,,,,,,
NormalizedIncome,"7,897,375,000","1,699,001,070.664","1,917,750,000","1,934,267,000","2,348,886,000","2,525,640,387.275","1,947,586,000","1,167,064,000","824,176,000","1,029,994,219.653","788,644,000","730,348,000","825,973,072.215","911,310,276.68","685,375,000","767,895,000","620,096,214.511","531,729,357.239","563,360,000","634,227,500","565,500,000","679,577,450.529","506,440,000","551,916,800","450,420,600","634,740,000","486,600,000","523,840,000","404,300,000","625,905,000","373,567,400","318,085,000","134,977,800","364,164,989.407","329,054,400","298,906,500","362,171,000","406,080,000","310,190,000","313,521,859.296","289,442,295.082","306,363,163.033","278,235,000","232,753,677.621","259,601,337.793","327,427,695.693","267,808,005.569","258,080,995.64","249,000,000","315,020,220.719","234,638,639.125","217,864,541.146","159,230,382.775","315,384,815.185","233,420,704.012","242,935,902.439","231,213,976.945","255,913,720.93","226,589,630.259","193,309,626.631","143,658,418.829","44,972,400","51,978,338.542","51,519,995.871","45,736,427.184","57,817,762.238","45,469,269.209","36,581,999.543","43,126,526.485","87,227,400","44,252,089.77","42,676,598.69","43,818,928.462","60,131,661.439","41,898,790.703","48,276,470.013","33,462,110.074","43,579,373.575","37,271,739.335","35,749,476.894","31,835,683.379","28,928,000","26,051,759.364","23,013,198.331","29,725,187.067","52,884,943.548","-16,953,600","29,233,600","23,374,200","51,879,238.272","24,540,000","54,646,840.149","14,320,000","78,160,000","27,860,000","46,460,000","25,869,747.899","53,120,000","55,120,000","47,560,000","33,460,496.894","42,680,000","30,683,032.491","13,629,121.726","9,922,807.018","17,720,000","13,961,726.384","16,400,000","13,241,127.349","17,817,796.61","12,865,402.844","8,060,000","12,971,311.475","47,537,931.034","14,000,000","7,123,809.524","8,842,105.263","3,557,692.308","8,687,500","5,755,947.137","1,621,052.632","1,571,063.83","2,054,166.667","1,506,040.268","2,224,806.202","4,500,000","4,280,000","-2,905,434.783","1,120,000","-313,402.062","-543,529.412",,,,,,,,,,,,,,,,
InterestIncome,"43,000,000","11,000,000","9,000,000","11,000,000","12,000,000","12,000,000","9,000,000","8,000,000","36,000,000","45,000,000","52,000,000","60,000,000","67,000,000","45,000,000","41,000,000","31,000,000","20,000,000","20,300,000","24,400,000","17,800,000","18,500,000","14,000,000","10,400,000","13,200,000","10,800,000","8,700,000","7,200,000","7,700,000","7,000,000","9,300,000","10,500,000","16,000,000","11,900,000","6,600,000","7,100,000","7,100,000","7,200,000","6,200,000","5,900,000","6,700,000","6,400,000","8,500,000","6,800,000","6,600,000","5,000,000","3,800,000","3,400,000","2,900,000","2,400,000","3,600,000","2,500,000","4,700,000","5,300,000",,,,,,,,,,,,,,,,,,,,,,,,,,,,,,,,,,,,,,,,,,,,,,,,,,,,,,,,,,,,,,,,,,,,,,,,,,,,,,,,,,,,,,,,,,,,,,
InterestExpense,"536,000,000","161,000,000","128,000,000","122,000,000","125,000,000","146,000,000","144,000,000","137,000,000","126,000,000","142,000,000","164,000,000","181,000,000","189,000,000","172,000,000","162,000,000","170,000,000","163,000,000","166,300,000","156,700,000","133,600,000","135,400,000","131,300,000","113,300,000","118,800,000","106,200,000","103,000,000","100,600,000","102,900,000","108,400,000","116,200,000","116,800,000","129,100,000","117,800,000","69,000,000","64,300,000","64,400,000","64,400,000","66,200,000","60,300,000","57,400,000","57,700,000","59,100,000","49,500,000","38,900,000","27,800,000","19,500,000","19,100,000","23,800,000","22,300,000","29,100,000","29,200,000","29,600,000","30,200,000",,,,,,,,,,,,,,,,,,,,,,,,,,,,,,,,,,,,,,,,,,,,,,,,,,,,,,,,,,,,,,,,,,,,,,,,,,,,,,,,,,,,,,,,,,,,,,
NetInterestIncome,"-493,000,000","-150,000,000","-119,000,000","-111,000,000","-113,000,000","-134,000,000","-135,000,000","-129,000,000","-90,000,000","-97,000,000","-112,000,000","-121,000,000","-122,000,000","-127,000,000","-121,000,000","-139,000,000","-143,000,000","-146,000,000","-132,300,000","-115,800,000","-116,900,000","-117,300,000","-102,900,000","-105,600,000","-95,400,000","-94,300,000","-93,400,000","-95,200,000","-101,400,000","-106,900,000","-106,300,000","-113,100,000","-105,900,000","-62,400,000","-57,200,000","-57,300,000","-57,200,000","-60,000,000","-54,400,000","-50,700,000","-51,300,000","-50,600,000","-42,700,000","-32,300,000","-22,800,000","-15,700,000","-15,700,000","-20,900,000","-19,900,000","-25,500,000","-26,700,000","-24,900,000","-24,900,000",,,,,,,,,,,,,,,,,,,,,,,,,,,,,,,,,,,,,,,,,,,,,,,,,,,,,,,,,,,,,,,,,,,,,,,,,,,,,,,,,,,,,,,,,,,,,,
EBIT,"9,377,000,000","2,029,000,000","2,301,000,000","2,169,000,000","2,878,000,000","3,038,000,000","2,396,000,000","1,390,000,000","954,000,000","1,180,000,000","986,000,000","1,574,000,000","1,006,000,000","1,184,000,000","972,000,000","976,000,000","797,000,000","986,200,000","637,300,000","759,200,000","638,300,000","783,200,000","541,200,000","639,900,000","529,200,000","685,700,000","568,700,000","606,500,000","490,400,000","653,300,000","656,000,000","365,600,000","892,200,000","446,600,000","383,300,000","344,400,000","407,300,000","409,700,000","356,700,000","375,800,000","362,700,000","366,400,000","314,200,000","294,500,000","326,800,000","337,600,000","306,400,000","299,000,000","290,400,000","310,000,000","276,100,000","261,700,000","197,400,000","343,000,000","301,700,000","324,800,000","295,300,000","302,700,000","262,800,000","251,300,000","199,800,000","58,990,000","80,289,000","76,953,000","71,439,000","92,960,000","72,592,000","55,340,000","59,405,000","72,868,000","64,656,000","59,785,000","61,051,000","76,277,000","56,654,000","53,154,000","47,398,000","60,041,000","51,778,000","50,663,000","45,117,000","40,118,000","38,206,000","37,858,000","50,722,000","45,528,000","43,416,000","57,598,000","51,618,000","42,400,000","83,300,000","55,200,000","67,700,000","78,600,000","95,300,000","105,500,000","92,500,000","120,400,000","119,300,000","98,400,000","68,900,000","87,300,000","78,100,000","62,100,000","55,500,000","73,900,000","68,400,000","57,700,000","47,400,000","53,400,000","46,900,000","42,800,000","36,900,000","38,000,000","39,600,000","23,500,000","23,500,000","18,600,000","24,000,000","17,000,000","8,700,000","9,100,000","9,100,000","9,300,000","9,200,000","13,900,000","13,500,000","1,600,000","5,800,000","3,700,000","3,100,000","150,800,000","137,200,000","-331,100,000","125,600,000","121,400,000","103,200,000","-297,500,000","109,100,000","95,500,000","93,200,000","-230,800,000","85,200,000","79,700,000","78,300,000","-191,400,000","63,100,000"
EBITDA,"11,969,000,000"
ReconciledCostOfRevenue,"19,573,000,000","5,448,000,000","4,679,000,000","4,749,000,000","4,697,000,000","4,994,000,000","4,190,000,000","3,540,000,000","3,490,000,000","3,794,000,000","3,509,000,000","3,493,000,000","3,418,000,000","3,583,000,000","3,305,000,000","3,340,000,000","3,273,000,000","3,377,600,000","2,816,000,000","2,706,900,000","2,572,500,000","2,674,400,000","2,437,000,000","2,456,700,000","2,336,900,000","2,544,200,000","2,239,900,000","2,329,100,000","2,096,300,000","2,400,900,000","2,237,800,000","2,475,400,000","2,283,500,000","1,985,200,000","1,843,900,000","1,876,900,000","1,855,200,000","1,873,200,000","1,787,300,000","1,786,800,000","1,808,500,000","1,831,200,000","1,749,700,000","1,731,200,000","1,601,100,000","1,619,200,000","1,567,200,000","1,566,000,000","1,578,800,000","1,701,100,000","1,519,900,000","1,495,800,000","1,368,200,000","1,579,300,000","1,555,300,000","1,621,500,000","1,535,600,000","1,581,200,000","1,453,100,000","1,449,300,000","1,458,300,000","1,074,841,000","388,077,000","388,976,000","371,663,000","398,227,000","373,712,000","366,166,000","299,974,000","329,560,000","291,360,000","286,424,000","317,418,000","318,280,000","271,213,000","283,260,000","276,367,000","323,470,000","288,514,000","279,325,000","267,670,000","322,888,000","284,455,000","304,410,000","317,835,000","338,220,000","311,443,000","308,033,000","300,990,000","-435,200,000","566,600,000","596,600,000","537,000,000","535,800,000","513,300,000","484,000,000","495,600,000","523,400,000","467,600,000","481,900,000","430,800,000","333,200,000","409,200,000","428,000,000","364,700,000","265,300,000","314,500,000","286,400,000","258,400,000","189,900,000","235,300,000","232,900,000","208,100,000","156,600,000","188,500,000","185,300,000","169,400,000","157,000,000","150,300,000","134,600,000","137,900,000","129,600,000","125,400,000","126,800,000","126,000,000","122,600,000","112,000,000","110,000,000","84,200,000","103,700,000","86,800,000",,,,,,,,,,,,,,,,
ReconciledDepreciation,"2,592,000,000","683,000,000","628,000,000","660,000,000","621,000,000","602,000,000","575,000,000","574,000,000","574,000,000","576,000,000","575,000,000","571,000,000","555,000,000","558,000,000","563,000,000","571,000,000","575,000,000","573,500,000","516,800,000","478,200,000","464,500,000","473,800,000","433,000,000","435,100,000","416,100,000","424,500,000","427,700,000","419,700,000","416,300,000","428,700,000","455,700,000","434,800,000","365,600,000","249,300,000","250,400,000","249,200,000","251,000,000","254,400,000","245,200,000","240,300,000","243,800,000","246,900,000","229,700,000","202,600,000","184,300,000","190,600,000","188,500,000","191,200,000","199,700,000","207,200,000","195,500,000","194,300,000","190,300,000","194,400,000","199,700,000","199,800,000","198,800,000","196,800,000","187,600,000","187,100,000","185,300,000","124,511,000","39,825,000","39,117,000","37,320,000","37,928,000","37,909,000","29,869,000","17,566,000","18,748,000","16,283,000","13,597,000","17,513,000","14,962,000","14,532,000","15,020,000","14,034,000","14,177,000","13,827,000","13,836,000","14,536,000","24,441,000","25,544,000","24,594,000","23,942,000","19,985,000","27,578,000","25,730,000","24,193,000","-31,300,000","53,900,000","45,900,000","45,100,000","42,500,000","41,200,000","40,500,000","38,100,000","36,500,000","33,100,000",,,,,,,,,,,,,,,,,,"13,200,000",,,,,,,,,,,"5,000,000","3,500,000","3,300,000","3,100,000",,,,,,,,,,,,,,,,
NetIncomeFromContinuingOperationNetMinorityInterest,"7,725,000,000","1,658,000,000","1,902,000,000","1,828,000,000","2,337,000,000","2,498,000,000","1,933,000,000","1,156,000,000","788,000,000","1,002,000,000","760,000,000","1,119,000,000","815,000,000","898,000,000","709,000,000","752,000,000","579,000,000","530,500,000","533,900,000","612,200,000","551,400,000","632,700,000","473,500,000","516,800,000","402,300,000","606,300,000","477,300,000","511,600,000","385,100,000","604,000,000","469,900,000","278,500,000","543,100,000","343,000,000","317,700,000","277,600,000","340,800,000","385,800,000","299,400,000","292,400,000","277,000,000","289,500,000","265,300,000","217,600,000","247,200,000","297,500,000","258,800,000","237,300,000","229,800,000","274,300,000","221,200,000","206,900,000","148,900,000","290,700,000","218,300,000","246,300,000","233,400,000","234,300,000","218,600,000","187,900,000","138,800,000","24,921,000","48,833,000","48,943,000","43,619,000","55,361,000","40,597,000","56,760,000","45,583,000","85,482,000","42,641,000","50,579,000","43,122,000","49,170,000","38,997,000","53,139,000","31,391,000","42,476,000","38,983,000","49,490,000","64,381,000","-7,327,000","25,677,000","9,423,000","21,819,000","8,007,000","13,488,000","25,261,000","15,291,000","156,000,000","36,300,000","-235,200,000","28,300,000","31,900,000","17,600,000","59,600,000","65,500,000","69,200,000","61,900,000","56,200,000","52,100,000","53,600,000","51,200,000","44,900,000","40,400,000","39,800,000","38,100,000","32,600,000","29,500,000","29,000,000","27,700,000","24,200,000","22,500,000","22,600,000","20,900,000","17,600,000","15,400,000","18,500,000","15,500,000","13,900,000","12,600,000","14,200,000","13,600,000","10,200,000","8,200,000","9,900,000","9,500,000","8,100,000","6,000,000","7,600,000","6,600,000",,,,,,,,,,,,,,,,
TotalUnusualItemsExcludingGoodwill,"-197,000,000","-46,000,000","-18,000,000","-119,000,000","-14,000,000","-32,000,000","-17,000,000","-12,000,000","-38,000,000","-29,000,000","-31,000,000","484,000,000","-11,000,000","-15,000,000","27,000,000","-17,000,000","-45,000,000","-1,900,000","-49,100,000","-22,500,000","-23,500,000","-48,300,000","-54,900,000","-35,400,000","-50,600,000","-47,400,000","-15,500,000","-20,400,000","-32,000,000","-33,700,000","110,600,000","-60,900,000","582,200,000","-23,300,000","-11,400,000","-21,500,000","-21,500,000","-31,200,000","-16,600,000","-23,000,000","-13,700,000","-17,900,000","-19,900,000","-17,800,000","-15,000,000","-32,000,000","-10,000,000","-24,100,000","-22,400,000","-41,700,000","-15,000,000","-12,300,000","-11,600,000","-25,500,000","-18,300,000","4,200,000","2,600,000","-23,800,000","-8,600,000","-6,400,000","-5,800,000","-33,419,000","-4,468,000","-3,622,000","-3,110,000","-3,765,000","-7,124,000","27,984,000","3,394,000","-2,909,000","-2,346,000","10,880,000","-971,000","-13,504,000","-3,898,000","5,534,000","-2,982,000","-1,563,000","2,485,000","20,397,000","49,577,000","-60,425,000","-595,000","-22,135,000","-13,068,000","-70,195,000","50,736,000","-6,621,000","-13,472,000","143,700,000","19,600,000","-397,800,000","23,300,000","-77,100,000","-17,100,000","21,900,000","64,800,000","26,800,000","11,300,000","14,400,000","28,800,000","18,200,000","33,300,000","45,200,000","47,300,000","36,800,000","38,900,000","27,000,000","26,400,000","18,200,000","22,600,000","26,900,000","15,500,000","-28,800,000","11,500,000","15,000,000","8,900,000","18,900,000","10,900,000","13,300,000","14,900,000","20,900,000","16,300,000","12,700,000","9,400,000","9,000,000","8,700,000","12,500,000","6,100,000","10,100,000","9,200,000",,,,,,,,,,,,,,,,
TotalUnusualItems,"-197,000,000","-46,000,000","-18,000,000","-119,000,000","-14,000,000","-32,000,000","-17,000,000","-12,000,000","-38,000,000","-29,000,000","-31,000,000","484,000,000","-11,000,000","-15,000,000","27,000,000","-17,000,000","-45,000,000","-1,900,000","-49,100,000","-22,500,000","-23,500,000","-48,300,000","-54,900,000","-35,400,000","-50,600,000","-47,400,000","-15,500,000","-20,400,000","-32,000,000","-33,700,000","110,600,000","-60,900,000","582,200,000","-23,300,000","-11,400,000","-21,500,000","-21,500,000","-31,200,000","-16,600,000","-23,000,000","-13,700,000","-17,900,000","-19,900,000","-17,800,000","-15,000,000","-32,000,000","-10,000,000","-24,100,000","-22,400,000","-41,700,000","-15,000,000","-12,300,000","-11,600,000","-25,500,000","-18,300,000","4,200,000","2,600,000","-23,800,000","-8,600,000","-6,400,000","-5,800,000","-33,419,000","-4,468,000","-3,622,000","-3,110,000","-3,765,000","-7,124,000","27,984,000","3,394,000","-2,909,000","-2,346,000","10,880,000","-971,000","-13,504,000","-3,898,000","5,534,000","-2,982,000","-1,563,000","2,485,000","20,397,000","49,577,000","-60,425,000","-595,000","-22,135,000","-13,068,000","-70,195,000","50,736,000","-6,621,000","-13,472,000","143,700,000","19,600,000","-397,800,000","23,300,000","-77,100,000","-17,100,000","21,900,000","64,800,000","26,800,000","11,300,000","14,400,000","28,800,000","18,200,000","33,300,000","45,200,000","47,300,000","36,800,000","38,900,000","27,000,000","26,400,000","18,200,000","22,600,000","26,900,000","15,500,000","-28,800,000","11,500,000","15,000,000","8,900,000","18,900,000","10,900,000","13,300,000","14,900,000","20,900,000","16,300,000","12,700,000","9,400,000","9,000,000","8,700,000","12,500,000","6,100,000","10,100,000","9,200,000",,,,,,,,,,,,,,,,
NormalizedEBITDA,"12,166,000,000","2,758,000,000","2,947,000,000","2,948,000,000","3,513,000,000","3,672,000,000","2,988,000,000","1,976,000,000","1,566,000,000","1,785,000,000","1,592,000,000","1,661,000,000","1,572,000,000","1,757,000,000","1,508,000,000","1,564,000,000","1,417,000,000","1,561,600,000","1,203,200,000","1,259,900,000","1,126,300,000","1,305,300,000","1,029,100,000","1,110,400,000","995,900,000","1,157,600,000","1,011,900,000","1,046,600,000","938,700,000","1,115,700,000","1,001,100,000","861,300,000","675,600,000","719,200,000","645,100,000","615,100,000","679,800,000","695,300,000","618,500,000","639,100,000","620,200,000","631,200,000","563,800,000","514,900,000","526,100,000","560,200,000","504,900,000","514,300,000","512,500,000","558,900,000","486,600,000","468,300,000","399,300,000","562,900,000","519,700,000","520,400,000","491,500,000","523,300,000","459,000,000","444,800,000","390,900,000","216,920,000","124,582,000","119,692,000","111,869,000","134,653,000","117,625,000","57,225,000","73,577,000","94,525,000","83,285,000","62,502,000","79,535,000","104,743,000","75,084,000","62,640,000","64,414,000","75,781,000","63,120,000","44,102,000","10,076,000","124,984,000","64,345,000","84,587,000","87,732,000","135,708,000","20,258,000","89,949,000","89,283,000","-132,600,000","117,600,000","498,900,000","89,500,000","198,200,000","153,600,000","124,100,000","65,800,000","130,100,000","141,100,000","84,000,000","40,100,000","69,100,000","44,800,000","16,900,000","8,200,000","37,100,000","29,500,000","30,700,000","21,000,000","35,200,000","24,300,000","15,900,000","21,400,000","66,800,000","28,100,000","8,500,000","27,800,000","-300,000","13,100,000","3,700,000","-6,200,000","-11,800,000","-7,200,000","-3,400,000","-200,000","4,900,000","4,800,000","-5,900,000","3,200,000","-3,100,000","-3,000,000","150,800,000","137,200,000","-331,100,000","125,600,000","121,400,000","103,200,000","-297,500,000","109,100,000","95,500,000","93,200,000","-230,800,000","85,200,000","79,700,000","78,300,000","-191,400,000","63,100,000"
TaxRateForCalcs,"0.125","0.109","0.125","0.107","0.151","0.136","0.142","0.078","0.048","0.035","0.076","0.197","0.002","0.113","0.125","0.065","0.087","0.353","0.4","0.021","0.4","0.029","0.4","0.008","0.049","0.4","0.4","0.4","0.4","0.35","0.129","0.35","0.299","0.092","0.004","0.009","0.006","0.35","0.35","0.082","0.092","0.058","0.35","0.149","0.173","0.065","0.099","0.138","0.143","0.023","0.104","0.109","0.109","0.032","0.174","0.199","0.159","0.092","0.071","0.155","0.162","0.4","0.296","0.289","0.319","0.347","0.316","0.279","0.276","0.4","0.313","0.274","0.282","0.188","0.256","0.121","0.305","0.294","0.311","0.326","0.344","0.4","0.37","0.386","0.395","0.361","0.4","0.4","0.4","0.275","0.4","0.271","0.4","0.4","0.4","0.4","0.388","0.4","0.4","0.4","0.353","0.4","0.384","0.308","0.356","0.4","0.379","0.4","0.384","0.386","0.344","0.4","0.385","0.134","0.4","0.302","0.263","0.209","0.375","0.388","0.263","0.396","0.292","0.315","0.364","0.4","0.4","0.12","0.2","0.216","0.224",,,,,,,,,,,,,,,,
TaxEffectOfUnusualItems,"-24,625,000","-4,998,929.336","-2,250,000","-12,733,000","-2,114,000","-4,359,612.725","-2,414,000","-936,000","-1,824,000","-1,005,780.347","-2,356,000","95,348,000","-26,927.785","-1,689,723.32","3,375,000","-1,105,000","-3,903,785.489","-670,642.761","-19,640,000","-472,500","-9,400,000","-1,422,549.471","-21,960,000","-283,200","-2,479,400","-18,960,000","-6,200,000","-8,160,000","-12,800,000","-11,795,000","14,267,400","-21,315,000","174,077,800","-2,135,010.593","-45,600","-193,500","-129,000","-10,920,000","-5,810,000","-1,878,140.704","-1,257,704.918","-1,036,836.967","-6,965,000","-2,646,322.379","-2,598,662.207","-2,072,304.307","-991,994.431","-3,319,004.36","-3,200,000","-979,779.281","-1,561,360.875","-1,335,458.854","-1,269,617.225","-815,184.815","-3,179,295.988","835,902.439","413,976.945","-2,186,279.07","-610,369.741","-990,373.369","-941,581.171","-13,367,600","-1,322,661.458","-1,045,004.129","-992,572.816","-1,308,237.762","-2,251,730.791","7,805,999.543","937,526.485","-1,163,600","-734,910.23","2,977,598.69","-274,071.538","-2,542,338.561","-996,209.297","671,470.013","-910,889.926","-459,626.425","773,739.335","6,656,476.894","17,031,683.379","-24,170,000","-220,240.636","-8,544,801.669","-5,161,812.933","-25,317,056.452","20,294,400","-2,648,400","-5,388,800","39,579,238.272","7,840,000","-107,953,159.851","9,320,000","-30,840,000","-6,840,000","8,760,000","25,169,747.899","10,720,000","4,520,000","5,760,000","10,160,496.894","7,280,000","12,783,032.491","13,929,121.726","16,822,807.018","14,720,000","14,761,726.384","10,800,000","10,141,127.349","7,017,796.61","7,765,402.844","10,760,000","5,971,311.475","-3,862,068.966","4,600,000","4,523,809.524","2,342,105.263","3,957,692.308","4,087,500","5,155,947.137","3,921,052.632","8,271,063.83","4,754,166.667","4,006,040.268","3,424,806.202","3,600,000","3,480,000","1,494,565.217","1,220,000","2,186,597.938","2,056,470.588",,,,,,,,,,,,,,,,