name,ttm,12/31/2021,09/30/2021,06/30/2021,03/31/2021,12/31/2020,09/30/2020,06/30/2020,03/31/2020,12/31/2019,09/30/2019,06/30/2019,03/31/2019,12/31/2018,09/30/2018,06/30/2018,03/31/2018,12/31/2017,09/30/2017,06/30/2017,03/31/2017,12/31/2016,09/30/2016,06/30/2016,03/31/2016,12/31/2015,09/30/2015,06/30/2015,03/31/2015,12/31/2014,09/30/2014,06/30/2014,03/31/2014,12/31/2013,09/30/2013,06/30/2013,03/31/2013,12/31/2012,09/30/2012,06/30/2012,03/31/2012,12/31/2011,09/30/2011,06/30/2011,03/31/2011,12/31/2010,09/30/2010,06/30/2010,03/31/2010,12/31/2009,09/30/2009,06/30/2009,03/31/2009,12/31/2008,09/30/2008,06/30/2008,03/31/2008,12/31/2007,09/30/2007,06/30/2007,03/31/2007,12/31/2006,09/30/2006,06/30/2006,03/31/2006,12/31/2005,09/30/2005,06/30/2005,03/31/2005,12/31/2004,09/30/2004,06/30/2004,03/31/2004,12/31/2003,09/30/2003,06/30/2003,03/31/2003,12/31/2002,09/30/2002,06/30/2002,03/31/2002,12/31/2001,09/30/2001,06/30/2001,03/31/2001,12/31/2000,09/30/2000,06/30/2000,03/31/2000,12/31/1999,09/30/1999,06/30/1999,03/31/1999,12/31/1998,09/30/1998,06/30/1998,03/31/1998,12/31/1997,09/30/1997,06/30/1997,03/31/1997,12/31/1996,09/30/1996,06/30/1996,03/31/1996,12/31/1995,09/30/1995,06/30/1995,03/31/1995,12/31/1994,09/30/1994,06/30/1994,03/31/1994,12/31/1993,09/30/1993,06/30/1993,03/31/1993,12/31/1992,09/30/1992,06/30/1992,03/31/1992,12/31/1991,09/30/1991,06/30/1991,03/31/1991,12/31/1990,09/30/1990,06/30/1990,03/31/1990,12/31/1989,09/30/1989,06/30/1989,03/31/1989,12/31/1988,09/30/1988,06/30/1988,03/31/1988
TotalRevenue,"3,659,100,000","926,000,000","901,400,000","945,200,000","886,500,000","829,700,000","792,100,000","733,600,000","792,300,000","824,000,000","783,900,000","854,800,000","801,600,000","785,500,000","795,200,000","785,500,000","742,200,000","708,400,000","670,000,000","661,900,000","613,900,000","585,500,000","584,100,000","609,600,000","583,000,000","559,700,000","562,300,000","585,800,000","582,600,000","563,830,000","584,796,000","642,199,000","604,721,000","599,218,000","556,502,000","576,293,000","556,111,000","515,523,000","504,763,000","517,560,000","502,267,000","435,170,000","417,433,000","407,169,000","384,293,000","323,349,000","318,210,000","333,363,000","319,015,000","277,529,000","269,713,000","290,063,000","288,954,000","268,084,000","328,087,000","377,767,000","355,296,000","312,783,000","296,023,000","327,732,000","285,732,000","234,120,000","234,851,000","245,326,000","225,854,000","186,821,000","188,484,000","204,225,000","195,383,000","162,683,000","170,164,000","179,451,000","156,510,000","135,877,000","139,569,000","138,132,000","127,325,000","124,569,000","114,748,000","123,256,000","104,029,000","106,405,000","117,437,000","133,587,000","117,863,000","124,167,000","109,227,000","71,264,000","65,140,000","62,200,000","69,600,000","70,800,000","68,800,000","59,300,000","57,400,000","75,900,000","76,600,000","78,100,000","64,700,000","68,900,000","60,600,000","64,300,000","54,100,000","58,600,000","56,700,000","63,700,000","62,800,000","59,000,000","49,900,000","47,300,000","46,700,000","44,400,000","37,200,000","38,700,000","38,900,000","39,000,000","33,000,000","37,300,000","36,500,000","31,600,000","22,100,000","28,500,000","36,600,000","49,100,000","36,800,000","24,100,000","16,100,000","12,800,000","10,300,000","9,500,000","6,800,000","7,100,000","4,500,000","4,000,000","4,600,000","4,500,000","4,900,000"
	OperatingRevenue,"3,659,100,000","926,000,000","901,400,000","945,200,000","886,500,000","829,700,000","792,100,000","733,600,000","792,300,000","824,000,000","783,900,000","854,800,000","801,600,000","785,500,000","795,200,000","785,500,000","742,200,000","708,400,000","670,000,000","661,900,000","613,900,000","585,500,000","584,100,000","609,600,000","583,000,000","559,700,000","562,300,000","585,800,000","582,600,000","563,830,000","584,796,000","642,199,000","604,721,000","599,218,000","556,502,000","576,293,000","556,111,000","515,523,000","504,763,000","517,560,000","502,267,000","435,170,000","417,433,000","407,169,000","384,293,000","323,349,000","318,210,000","333,363,000","319,015,000","277,529,000","269,713,000","290,063,000","288,954,000","268,084,000","328,087,000","377,767,000","355,296,000","312,783,000","296,023,000","327,732,000","285,732,000","234,120,000","234,851,000","245,326,000","225,854,000","186,821,000","188,484,000","204,225,000","195,383,000","162,683,000","170,164,000","179,451,000","156,510,000","135,877,000","139,569,000","138,132,000","127,325,000","124,569,000","114,748,000","123,256,000","104,029,000","106,405,000","117,437,000","133,587,000","117,863,000","124,167,000","109,227,000","71,264,000","65,140,000","62,200,000","69,600,000","70,800,000","68,800,000","59,300,000","57,400,000","75,900,000","76,600,000","78,100,000","64,700,000","68,900,000","60,600,000","64,300,000","54,100,000","58,600,000","56,700,000","63,700,000","62,800,000","59,000,000","49,900,000","47,300,000","46,700,000","44,400,000","37,200,000","38,700,000","38,900,000","39,000,000","33,000,000","37,300,000","36,500,000","31,600,000","22,100,000","28,500,000","36,600,000","49,100,000","36,800,000","24,100,000","16,100,000","12,800,000","10,300,000","9,500,000","6,800,000","7,100,000","4,500,000","4,000,000","4,600,000","4,500,000","4,900,000"
CostOfRevenue,"1,624,400,000","414,500,000","396,900,000","419,800,000","393,200,000","361,200,000","352,400,000","327,900,000","351,300,000","364,000,000","361,900,000","394,200,000","363,300,000","350,300,000","368,300,000","362,800,000","346,000,000","338,400,000","320,500,000","315,400,000","287,300,000","272,700,000","275,100,000","294,000,000","282,400,000","266,600,000","264,300,000","281,900,000","275,400,000","271,222,000","268,023,000","287,628,000","277,829,000","279,764,000","261,449,000","273,892,000","269,197,000","259,059,000","241,895,000","249,864,000","243,117,000","217,412,000","205,874,000","198,435,000","192,763,000","160,019,000","158,462,000","169,937,000","160,018,000","146,877,000","137,255,000","147,263,000","144,996,000","146,046,000","162,464,000","190,668,000","180,920,000","157,117,000","149,083,000","160,563,000","142,602,000","118,348,000","118,660,000","123,670,000","118,391,000","94,522,000","91,192,000","101,818,000","97,576,000","85,324,000","86,792,000","91,132,000","80,750,000","69,809,000","70,457,000","67,037,000","65,570,000","63,002,000","57,167,000","62,305,000","49,696,000","52,516,000","57,122,000","68,056,000","60,363,000","49,032,000","59,217,000","29,379,000","28,095,000","18,900,000","32,700,000","33,200,000","33,200,000","20,000,000","32,600,000","39,600,000","38,600,000","28,100,000","30,500,000","32,300,000","29,000,000","22,000,000","27,500,000","27,000,000","26,000,000","23,400,000","27,500,000","23,500,000","20,100,000","10,900,000","18,100,000","17,000,000","15,800,000","9,300,000","17,600,000","18,200,000","15,200,000","10,200,000","18,900,000","18,500,000","13,700,000","8,800,000","16,700,000","21,900,000","17,400,000","9,500,000","6,800,000","5,700,000","4,400,000",,,,,,,,
GrossProfit,"2,034,700,000","511,500,000","504,500,000","525,400,000","493,300,000","468,500,000","439,700,000","405,700,000","441,000,000","460,000,000","422,000,000","460,600,000","438,300,000","435,200,000","426,900,000","422,700,000","396,200,000","370,000,000","349,500,000","346,500,000","326,600,000","312,800,000","309,000,000","315,600,000","300,600,000","293,100,000","298,000,000","303,900,000","307,200,000","292,608,000","316,773,000","354,571,000","326,892,000","319,454,000","295,053,000","302,401,000","286,914,000","256,464,000","262,868,000","267,696,000","259,150,000","217,758,000","211,559,000","208,734,000","191,530,000","163,330,000","159,748,000","163,426,000","158,997,000","130,652,000","132,458,000","142,800,000","143,958,000","122,038,000","165,623,000","187,099,000","174,376,000","155,666,000","146,940,000","167,169,000","143,130,000","115,772,000","116,191,000","121,656,000","107,463,000","92,299,000","97,292,000","102,407,000","97,807,000","77,359,000","83,372,000","88,319,000","75,760,000","66,068,000","69,112,000","71,095,000","61,755,000","61,567,000","57,581,000","60,951,000","54,333,000","53,889,000","60,315,000","65,531,000","57,500,000","75,135,000","50,010,000","41,885,000","37,045,000","43,300,000","36,900,000","37,600,000","35,600,000","39,300,000","24,800,000","36,300,000","38,000,000","50,000,000","34,200,000","36,600,000","31,600,000","42,300,000","26,600,000","31,600,000","30,700,000","40,300,000","35,300,000","35,500,000","29,800,000","36,400,000","28,600,000","27,400,000","21,400,000","29,400,000","21,300,000","20,800,000","17,800,000","27,100,000","17,600,000","13,100,000","8,400,000","19,700,000","19,900,000","27,200,000","19,400,000","14,600,000","9,300,000","7,100,000","5,900,000",,,,,,,,
OperatingExpense,"1,463,400,000","380,900,000","355,500,000","376,100,000","350,900,000","340,900,000","325,600,000","303,000,000","339,800,000","355,000,000","326,700,000","348,000,000","348,500,000","343,700,000","347,000,000","331,000,000","330,400,000","306,800,000","284,200,000","281,600,000","267,100,000","255,700,000","250,200,000","270,600,000","268,900,000","257,800,000","249,300,000","262,700,000","266,600,000","215,323,000","305,465,000","256,648,000","250,844,000","250,750,000","231,993,000","234,530,000","228,852,000","225,802,000","199,097,000","207,663,000","198,821,000","188,533,000","178,464,000","156,806,000","147,088,000","143,726,000","127,840,000","122,490,000","122,251,000","117,387,000","111,421,000","112,772,000","116,083,000","111,311,000","111,546,000","121,761,000","116,336,000","116,403,000","103,154,000","110,886,000","99,058,000","87,540,000","79,810,000","81,967,000","74,398,000","68,219,000","64,265,000","63,670,000","67,329,000","61,217,000","58,572,000","61,322,000","57,522,000","53,814,000","54,537,000","53,258,000","50,467,000","51,271,000","49,217,000","49,081,000","49,941,000","57,571,000","58,176,000","60,639,000","60,668,000","71,667,000","48,504,000","29,862,000","27,823,000","37,800,000","31,100,000","32,000,000","31,800,000","47,900,000","35,800,000","36,200,000","35,800,000","47,300,000","32,600,000","32,300,000","29,800,000","38,800,000","35,100,000","35,000,000","32,200,000","39,700,000","30,600,000","30,000,000","27,000,000","32,100,000","23,500,000","23,100,000","19,900,000","27,200,000","19,000,000","18,200,000","17,100,000","25,100,000","17,000,000","18,800,000","20,400,000","25,600,000","18,700,000","19,000,000","13,000,000","13,000,000","8,400,000","6,700,000","5,700,000",,,,,,,,
	SellingGeneralAndAdministration,"875,900,000","232,600,000","210,700,000","224,800,000","207,800,000","199,800,000","191,000,000","172,400,000","204,700,000","219,000,000","196,900,000","208,700,000","210,200,000","212,400,000","211,300,000","202,200,000","203,700,000","192,300,000","174,600,000","175,500,000","164,100,000","157,800,000","147,800,000","163,000,000","165,000,000","156,000,000","152,300,000","160,400,000","161,200,000","115,675,000","207,242,000","156,985,000","154,787,000","152,167,000","139,155,000","138,067,000","135,593,000","136,805,000","122,204,000","127,576,000","122,910,000","115,103,000","114,750,000","100,647,000","94,679,000","94,487,000","82,865,000","77,812,000","78,315,000","73,668,000","70,259,000","71,785,000","74,977,000","68,535,000","70,736,000","77,193,000","73,848,000","76,918,000","66,536,000","71,824,000","63,789,000","58,667,000","52,883,000","51,952,000","48,467,000","45,760,000","42,761,000","40,628,000","43,203,000","39,372,000","37,376,000","39,310,000","36,690,000","34,714,000","35,321,000","34,456,000","32,632,000","33,132,000","32,150,000","31,771,000","32,925,000","31,071,000","35,072,000","37,509,000","37,533,000","36,125,000","34,664,000","20,680,000","18,946,000","19,900,000","21,400,000","22,600,000","23,300,000","24,400,000","23,700,000","24,400,000","24,000,000","23,400,000","22,700,000","22,200,000","20,800,000","19,900,000","25,200,000","25,900,000","23,500,000","31,000,000","22,400,000","21,900,000","19,200,000","24,600,000","23,500,000","23,100,000","19,900,000","19,700,000","19,000,000","18,200,000","17,100,000","17,500,000","17,000,000","18,800,000","20,400,000","20,900,000","18,700,000","19,000,000","12,200,000","11,500,000","7,900,000","6,300,000","5,300,000",,,,,,,,
		GeneralAndAdministrativeExpense,"369,100,000","98,900,000","85,200,000","99,600,000","85,400,000","79,700,000","79,400,000","68,800,000","73,000,000","90,700,000","77,200,000","79,900,000","82,800,000","87,200,000","91,600,000","89,400,000","81,600,000","83,900,000","74,000,000","75,100,000","69,300,000","62,900,000","59,200,000","65,600,000","68,300,000","63,200,000","63,200,000","64,200,000","64,700,000","16,924,000","111,399,000","61,364,000","57,433,000","58,498,000","53,648,000","52,760,000","51,970,000","53,207,000","45,723,000","49,987,000","46,886,000","43,658,000","44,088,000","37,157,000","33,472,000","32,878,000","29,637,000","27,290,000","28,547,000","24,929,000","23,237,000","26,622,000","26,042,000",,,,,,,,,,,,,,,,,,,,,,,,,,,,,,,,,,,,,,,,,,,,,,,,,,,,,,,,,,,,,,,,,,,,,,,,,,,,,,,,,,,,
			OtherGandA,"369,100,000","98,900,000","85,200,000","99,600,000","85,400,000","79,700,000","79,400,000","68,800,000","73,000,000","90,700,000","77,200,000","79,900,000","82,800,000","87,200,000","91,600,000","89,400,000","81,600,000","83,900,000","74,000,000","75,100,000","69,300,000","62,900,000","59,200,000","65,600,000","68,300,000","63,200,000","63,200,000","64,200,000","64,700,000","16,924,000","111,399,000","61,364,000","57,433,000","58,498,000","53,648,000","52,760,000","51,970,000","53,207,000","45,723,000","49,987,000","46,886,000","43,658,000","44,088,000","37,157,000","33,472,000","32,878,000","29,637,000","27,290,000","28,547,000","24,929,000","23,237,000","26,622,000","26,042,000",,,,,,,,,,,,,,,,,,,,,,,,,,,,,,,,,,,,,,,,,,,,,,,,,,,,,,,,,,,,,,,,,,,,,,,,,,,,,,,,,,,,
		SellingAndMarketingExpense,"506,800,000","133,700,000","125,500,000","125,200,000","122,400,000","120,100,000","111,600,000","103,600,000","131,700,000","128,300,000","119,700,000","128,800,000","127,400,000","125,200,000","119,700,000","112,800,000","122,100,000","108,400,000","100,600,000","100,400,000","94,800,000","94,900,000","88,600,000","97,400,000","96,700,000","92,800,000","89,100,000","96,200,000","96,500,000","98,751,000","95,843,000","95,621,000","97,354,000","93,669,000","85,507,000","85,307,000","83,623,000","83,598,000","76,481,000","77,589,000","76,024,000","71,445,000","70,662,000","63,490,000","61,207,000","61,609,000","53,228,000","50,522,000","49,768,000","48,739,000","47,022,000","45,163,000","48,935,000",,,,,,,,,,,,,,,,,,,,,,,,,,,,,,,,,,,,,,,,,,,,,,,,,,,,,,,,,,,,,,,,,,,,,,,,,,,,,,,,,,,,
	ResearchAndDevelopment,"536,600,000","136,400,000","132,500,000","138,300,000","129,400,000","125,800,000","117,900,000","114,000,000","118,200,000","119,600,000","112,300,000","119,600,000","118,200,000","112,600,000","114,100,000","110,100,000","109,300,000","98,100,000","92,600,000","90,800,000","88,700,000","83,000,000","86,900,000","92,000,000","87,700,000","85,400,000","79,600,000","84,500,000","87,200,000","80,855,000","78,954,000","81,807,000","76,376,000","77,636,000","71,622,000","76,555,000","73,608,000","70,737,000","61,181,000","64,305,000","60,235,000","57,555,000","49,928,000","46,292,000","43,232,000","40,750,000","36,897,000","36,552,000","35,890,000","35,795,000","33,250,000","33,457,000","34,137,000","36,168,000","35,348,000","39,405,000","37,345,000","34,731,000","31,707,000","33,867,000","31,163,000","26,606,000","25,180,000","27,607,000","24,446,000","20,944,000","20,639,000","20,865,000","21,828,000","19,596,000","19,177,000","19,937,000","18,848,000","17,178,000","17,346,000","17,077,000","16,040,000","15,973,000","15,235,000","14,986,000","15,038,000","15,600,000","15,726,000","15,736,000","15,819,000","14,621,000","13,840,000","9,182,000","8,877,000","8,800,000","9,700,000","9,400,000","8,500,000","11,000,000","12,100,000","11,800,000","11,800,000","11,700,000","9,900,000","10,100,000","9,000,000","8,800,000","9,900,000","9,100,000","8,700,000","700,000","8,200,000","8,100,000","7,800,000",,,,,,,,,,,,,,,,,,,,,,,,,,,,
	DepreciationAmortizationDepletionIncomeStatement,"50,900,000","11,900,000","12,300,000","13,000,000","13,700,000","15,300,000","16,700,000","16,600,000","16,900,000","16,400,000","17,500,000","19,700,000","20,100,000","18,700,000","21,600,000","18,700,000","17,400,000","16,400,000","17,000,000","15,300,000","14,300,000","14,900,000","15,500,000","15,600,000","16,200,000","16,400,000","17,400,000","17,800,000","18,200,000","18,793,000","19,269,000","17,856,000","19,681,000","20,947,000","21,216,000","19,908,000","19,651,000","18,260,000","15,712,000","15,782,000","15,676,000","15,875,000","13,786,000","9,867,000","9,177,000","8,489,000","8,078,000","8,126,000","8,046,000","7,924,000","7,912,000","7,530,000","6,969,000","6,608,000","5,462,000","5,163,000","5,143,000","4,754,000","4,911,000","5,195,000","4,106,000","2,267,000","1,747,000","2,408,000","1,485,000","1,515,000","865,000","2,177,000","2,298,000","2,249,000","2,019,000","2,075,000","1,984,000","1,922,000","1,870,000","1,725,000","1,795,000","2,166,000","1,832,000","2,324,000","1,978,000","7,301,000","7,378,000","7,394,000","7,316,000",,,,,,,,,,,,,,,,,,,,,,,,,,,,,,,,,,,,,"4,700,000",,,"800,000","1,500,000","500,000","400,000","400,000",,,,,,,,
		DepreciationAndAmortizationInIncomeStatement,"50,900,000","11,900,000","12,300,000","13,000,000","13,700,000","15,300,000","16,700,000","16,600,000","16,900,000","16,400,000","17,500,000","19,700,000","20,100,000","18,700,000","21,600,000","18,700,000","17,400,000","16,400,000","17,000,000","15,300,000","14,300,000","14,900,000","15,500,000","15,600,000","16,200,000","16,400,000","17,400,000","17,800,000","18,200,000","18,793,000","19,269,000","17,856,000","19,681,000","20,947,000","21,216,000","19,908,000","19,651,000","18,260,000","15,712,000","15,782,000","15,676,000","15,875,000","13,786,000","9,867,000","9,177,000","8,489,000","8,078,000","8,126,000","8,046,000","7,924,000","7,912,000","7,530,000","6,969,000","6,608,000","5,462,000","5,163,000","5,143,000","4,754,000","4,911,000","5,195,000","4,106,000","2,267,000","1,747,000","2,408,000","1,485,000","1,515,000","865,000","2,177,000","2,298,000","2,249,000","2,019,000","2,075,000","1,984,000","1,922,000","1,870,000","1,725,000","1,795,000","2,166,000","1,832,000","2,324,000","1,978,000","7,301,000","7,378,000","7,394,000","7,316,000",,,,,,,,,,,,,,,,,,,,,,,,,,,,,,,,,,,,,"4,700,000",,,"800,000","1,500,000","500,000","400,000","400,000",,,,,,,,
			Amortization,"50,900,000","11,900,000","12,300,000","13,000,000","13,700,000","15,300,000","16,700,000","16,600,000","16,900,000","16,400,000","17,500,000","19,700,000","20,100,000","18,700,000","21,600,000","18,700,000","17,400,000","16,400,000","17,000,000","15,300,000","14,300,000","14,900,000","15,500,000","15,600,000","16,200,000","16,400,000","17,400,000","17,800,000","18,200,000","18,793,000","19,269,000","17,856,000","19,681,000","20,947,000","21,216,000","19,908,000","19,651,000","18,260,000","15,712,000","15,782,000","15,676,000","15,875,000","13,786,000","9,867,000","9,177,000","8,489,000","8,078,000","8,126,000","8,046,000","7,924,000","7,912,000","7,530,000","6,969,000","6,608,000","5,462,000","5,163,000","5,143,000","4,754,000","4,911,000","5,195,000","4,106,000","2,267,000","1,747,000","2,408,000","1,485,000","1,515,000","865,000","2,177,000","2,298,000","2,249,000","2,019,000","2,075,000","1,984,000","1,922,000","1,870,000","1,725,000","1,795,000","2,166,000","1,832,000","2,324,000","1,978,000","7,301,000","7,378,000","7,394,000","7,316,000",,,,,,,,,,,,,,,,,,,,,,,,,,,,,,,,,,,,,,,,,,,,,,,,,,,,
				AmortizationOfIntangiblesIncomeStatement,"50,900,000","11,900,000","12,300,000","13,000,000","13,700,000","15,300,000","16,700,000","16,600,000","16,900,000","16,400,000","17,500,000","19,700,000","20,100,000","18,700,000","21,600,000","18,700,000","17,400,000","16,400,000","17,000,000","15,300,000","14,300,000","14,900,000","15,500,000","15,600,000","16,200,000","16,400,000","17,400,000","17,800,000","18,200,000","18,793,000","19,269,000","17,856,000","19,681,000","20,947,000","21,216,000","19,908,000","19,651,000","18,260,000","15,712,000","15,782,000","15,676,000","15,875,000","13,786,000","9,867,000","9,177,000","8,489,000","8,078,000","8,126,000","8,046,000","7,924,000","7,912,000","7,530,000","6,969,000","6,608,000","5,462,000","5,163,000","5,143,000","4,754,000","4,911,000","5,195,000","4,106,000","2,267,000","1,747,000","2,408,000","1,485,000","1,515,000","865,000","2,177,000","2,298,000","2,249,000","2,019,000","2,075,000","1,984,000","1,922,000","1,870,000","1,725,000","1,795,000","2,166,000","1,832,000","2,324,000","1,978,000","7,301,000","7,378,000","7,394,000","7,316,000",,,,,,,,,,,,,,,,,,,,,,,,,,,,,,,,,,,,,,,,,,,,,,,,,,,,
OperatingIncome,"571,300,000","130,600,000","149,000,000","149,300,000","142,400,000","127,600,000","114,100,000","102,700,000","101,200,000","105,000,000","95,300,000","112,600,000","89,800,000","91,500,000","79,900,000","91,700,000","65,800,000","63,200,000","65,300,000","64,900,000","59,500,000","57,100,000","58,800,000","45,000,000","31,700,000","35,300,000","48,700,000","41,200,000","40,600,000","77,285,000","11,308,000","97,923,000","76,048,000","68,704,000","63,060,000","67,871,000","58,062,000","30,662,000","63,771,000","60,033,000","60,329,000","29,225,000","33,095,000","51,928,000","44,442,000","19,604,000","31,908,000","40,936,000","36,746,000","13,265,000","21,037,000","30,028,000","27,875,000","10,727,000","54,077,000","65,338,000","58,040,000","39,263,000","43,786,000","56,283,000","44,072,000","28,232,000","36,381,000","39,689,000","33,065,000","24,080,000","33,027,000","38,737,000","30,478,000","16,142,000","24,800,000","26,997,000","18,238,000","12,254,000","14,575,000","17,837,000","11,288,000","10,296,000","8,364,000","11,870,000","4,392,000","-3,682,000","2,139,000","4,892,000","-3,168,000","3,468,000","1,506,000","12,023,000","9,222,000","5,500,000","5,800,000","5,600,000","3,800,000","-8,600,000","-11,000,000","100,000","2,200,000","2,700,000","1,600,000","4,300,000","1,800,000","3,500,000","-8,500,000","-3,400,000","-1,500,000","600,000","4,700,000","5,500,000","2,800,000","4,300,000","5,100,000","4,300,000","1,500,000","2,200,000","2,300,000","2,600,000","700,000","2,000,000","600,000","-5,700,000","-12,000,000","-5,900,000","1,200,000","8,200,000","6,400,000","1,600,000","900,000","400,000","200,000","-20,700,000","6,800,000","7,100,000","4,500,000","-15,000,000","4,600,000","4,500,000","4,900,000"
NetNonOperatingInterestIncomeExpense,"-65,400,000","-16,000,000","-15,900,000","-16,600,000","-16,900,000","-17,900,000","-19,600,000","-19,600,000","-20,500,000","-20,200,000","-19,700,000","-20,600,000","-21,900,000","-22,400,000","-22,700,000","-18,600,000","-9,500,000","-6,600,000","-6,300,000","-6,000,000","-6,100,000","-6,100,000","-6,600,000","-6,600,000","-6,600,000","-6,500,000","-6,400,000","-6,300,000","-6,400,000","-8,859,000","-2,975,000","-3,164,000","-3,683,000","-4,134,000","-4,122,000","-4,255,000","-5,071,000","-4,796,000","-3,925,000","-3,773,000","-3,863,000","-3,093,000","-2,942,000","-1,031,000","-211,000","-148,000","-355,000","-167,000","1,000","-167,000","-326,000","-242,000","-294,000",,,,,,,,,,,,,,,,,,,,,,,,,,,,,,,,,,,,,,,,,,,,,,,,,,,,,,,,,,,,,,,,,,,,,,,,,,,,,,,,,,,,
	InterestIncomeNonOperating,,,,,,,,,,,,,,,,,,,,,,,,,,,,,,,,,,,,,,,,,"372,000","338,000","422,000","319,000","285,000","219,000","221,000","244,000","399,000","237,000","124,000","223,000","199,000",,,,,,,,,,,,,,,,,,,,,,,,,,,,,,,,,,,,,,,,,,,,,,,,,,,,,,,,,,,,,,,,,,,,,,,,,,,,,,,,,,,,
	InterestExpenseNonOperating,"65,400,000","16,000,000","15,900,000","16,600,000","16,900,000","17,900,000","19,600,000","19,600,000","20,500,000","20,200,000","19,700,000","20,600,000","21,900,000","22,400,000","22,700,000","18,600,000","9,500,000","6,600,000","6,300,000","6,000,000","6,100,000","6,100,000","6,600,000","6,600,000","6,600,000","6,500,000","6,400,000","6,300,000","6,400,000","8,859,000","2,975,000","3,164,000","3,683,000","4,134,000","4,122,000","4,255,000","5,071,000","4,796,000","3,925,000","3,773,000","4,235,000","3,431,000","3,364,000","1,350,000","496,000","367,000","576,000","411,000","398,000","404,000","450,000","465,000","493,000",,,,,,,,,,,,,,,,,,,,,,,,,,,,,,,,,,,,,,,,,,,,,,,,,,,,,,,,,,,,,,,,,,,,,,,,,,,,,,,,,,,,
	TotalOtherFinanceCost,"82,400,000",,,,,,,,,"20,200,000","19,700,000","20,600,000","21,900,000","22,400,000","22,700,000","18,600,000","9,500,000","6,600,000","6,300,000","6,000,000","6,100,000","6,100,000","6,600,000","6,600,000","6,600,000","6,500,000","6,400,000","6,300,000","6,400,000","8,859,000","2,975,000","3,164,000","3,683,000","4,134,000","4,122,000","4,255,000","5,071,000","4,796,000",,"3,773,000",,,,,,,,,,,,,,,,,,,,,,,,,,,,,,,,,,,,,,,,,,,,,,,,,,,,,,,,,,,,,,,,,,,,,,,,,,,,,,,,,,,,,,,,,,,,,,,,,
OtherIncomeExpense,"68,700,000","3,500,000","23,600,000","29,700,000","11,900,000","18,600,000","1,900,000","7,800,000","-1,300,000","-9,500,000","3,300,000","23,400,000","7,300,000","-1,100,000","6,900,000","6,100,000","10,400,000","-300,000","10,600,000","8,700,000","12,200,000","5,800,000",,"-100,000","4,300,000","-500,000","1,200,000","900,000","10,000,000","3,191,000","-1,178,000","4,009,000","16,110,000","1,722,000","4,574,000","5,075,000","1,378,000","13,118,000","6,976,000","7,031,000","3,861,000","4,958,000","-268,000","9,301,000","2,050,000","2,805,000","6,776,000","78,000","2,903,000","-415,000","850,000","-5,000","-3,985,000","-1,082,000","1,352,000","1,610,000","2,076,000","1,503,000","1,935,000","1,804,000","-1,790,000","2,913,000","1,292,000","907,000","2,373,000","7,399,000","-1,796,000","-2,198,000","-3,444,000","-2,243,000","-2,370,000","-1,033,000","-2,155,000","-2,838,000","-2,180,000","-2,318,000","-1,560,000","-2,886,000","-1,868,000","-2,129,000","-164,000","-3,542,000","450,000","-1,029,000","-145,000","-214,000","-228,000","840,000","30,000",,,"700,000","600,000","-7,200,000","-1,600,000","1,200,000","1,100,000","1,200,000","1,200,000","1,200,000","1,200,000","-900,000","1,100,000","1,200,000","1,100,000","1,300,000","1,300,000","600,000","400,000","800,000","-300,000","-900,000","300,000","-300,000",,"-1,400,000","-100,000","-100,000","300,000","-7,100,000","200,000","-300,000","-100,000","200,000","100,000",,"100,000",,,,,,,,,,
	GainOnSaleOfSecurity,,,,,,,,,,,"-1,500,000","-1,000,000","-900,000","-100,000","-100,000","-3,000,000","3,700,000","300,000","1,600,000",,"1,400,000","-300,000",,"-1,500,000","-100,000","-1,000,000","100,000",,"1,100,000","-1,275,000","-3,200,000","-454,000","-155,000","172,000","-157,000","600,000","-1,569,000","-683,000","174,000","196,000",,,"-4,022,000","6,496,000","306,000",,,,,,,,,,,,,,,,,,,,,,,,,,,,,,,,,,,,,,,,,,,,,,,,,,,,,,,,,,,,,,,,,,,,,,,,,,,,,,,,,,,,,,,,,,,,
	EarningsFromEquityInterest,"37,700,000","7,400,000","8,500,000","10,000,000","11,800,000","9,500,000","10,800,000","9,700,000","9,400,000","5,300,000","8,800,000","12,900,000","8,800,000","5,500,000","8,800,000","9,500,000","4,900,000","6,700,000","8,700,000","9,900,000","4,200,000","3,700,000","5,200,000","5,800,000","2,900,000","3,800,000","4,700,000","6,400,000","3,000,000","840,000","2,840,000","5,225,000","3,463,000","4,772,000","4,494,000","7,157,000","4,257,000","5,019,000","6,453,000","7,063,000","6,192,000","4,379,000","4,789,000","3,418,000","2,763,000","2,770,000","3,404,000","3,147,000","2,474,000","60,000","-151,000","352,000","168,000","1,185,000","2,163,000","2,618,000","2,015,000","1,932,000","1,943,000","2,080,000","2,422,000",,"1,047,000",,,,,,,,,,,,,,,,,,,,,,,,,,,,,,,,,,,,,,,,,,,,,,,,,,,,,,,,,,,,,,,,,,,,,,,,,,
	SpecialIncomeCharges,"-10,300,000","-2,800,000","-1,500,000","-4,500,000","-1,500,000","-5,700,000","-12,100,000","-5,100,000","-2,900,000","-16,800,000","-3,600,000","-2,900,000","-3,500,000","-1,900,000","-2,500,000","-2,200,000","-1,600,000","-400,000","-1,300,000","-2,300,000","-2,900,000","-1,800,000","-3,500,000","-4,500,000","-1,800,000","-2,400,000","-2,700,000","-5,200,000","-1,100,000","-396,000","-219,000","-789,000","-337,000","-1,358,000","-31,000","-2,966,000","-1,605,000","-2,230,000","349,000","-228,000","-2,331,000","579,000","-5,057,000","5,883,000","-713,000","35,000","3,372,000","-3,069,000","429,000","-475,000","1,001,000","-357,000","-4,153,000","-2,267,000","-811,000","-1,008,000","61,000","-429,000","-8,000","-276,000","-4,212,000","7,151,000","245,000","907,000","2,373,000","7,399,000","-1,796,000","-2,198,000","-3,444,000","-2,243,000","-2,370,000","-1,033,000","-2,155,000","-2,838,000","-2,180,000","-2,318,000","-1,560,000","-2,886,000","-1,868,000","-2,129,000","-164,000","-3,542,000","450,000","-1,029,000","-145,000","-214,000","-228,000","840,000","30,000",,,"700,000","600,000","-7,200,000","-1,600,000","1,200,000","1,100,000","1,200,000","1,200,000","1,200,000","1,200,000","-900,000","1,100,000","1,200,000","1,100,000","1,300,000","1,300,000","600,000","400,000","800,000","-300,000","-900,000","300,000","-300,000",,"-1,400,000","-100,000","-100,000","300,000","-7,100,000","200,000","-300,000","-100,000","200,000","100,000",,"100,000",,,,,,,,,,
		RestructuringAndMergernAcquisition,"10,300,000","2,800,000","1,500,000","4,500,000","1,500,000","5,700,000","12,100,000","5,100,000","2,900,000","16,800,000","3,600,000","2,900,000","3,500,000","1,900,000","2,500,000","2,200,000","1,600,000","400,000","1,300,000","2,300,000","2,900,000","1,800,000","3,500,000","4,500,000","1,800,000","2,400,000","2,700,000","5,200,000","1,100,000","396,000","219,000","789,000","337,000","1,358,000","31,000","2,966,000","1,605,000","333,000","301,000","1,112,000","481,000","513,000","647,000","361,000","767,000","348,000","238,000","375,000","631,000","588,000","872,000","1,302,000","3,623,000","287,000","21,000","2,414,000",,"0",,"333,000","2,692,000",,,,,"0",,,"278,000","225,000",,"327,000",,"286,000","627,000","716,000","390,000","453,000","154,000","188,000","304,000",,"363,000","910,000",,,,,,,,,,,,,,,,,,,,,,,,,,,,,,,,,,,,,,,,,,,,,,,,,,,,,
		OtherSpecialCharges,,,,,,,,,,,,,,,,,,,,,,,,,,,,,,,,,,,,,,,"-650,000","-884,000","1,850,000","-1,092,000","4,410,000","-6,244,000","-54,000","-383,000","-3,610,000","2,694,000","-1,060,000","-113,000","-1,873,000","-945,000","530,000","1,980,000","790,000","-1,406,000",,"429,000",,"-57,000","1,520,000",,,,,"-7,399,000",,,"3,166,000","2,018,000",,"706,000",,"2,552,000","1,553,000","1,602,000","1,170,000","2,433,000","1,714,000","1,941,000","-140,000",,"-813,000","119,000",,,,,,,,,,,,,,,,,,,,,,,,,,,,,,,,,,,,,,,,,,,,,,,,,,,,,
		GainOnSaleOfBusiness,,,,,,,,,,,,,,,,,,,,,,,,,,,,,,,,,,,,,,,,,,,,,,,,,,,"-151,000","352,000",,,,,,,,,,,,,,,,,,,,,,,,,,,,,,,,,,,,,,,,,,,,,,,,,,,,,,,,,,,,,,,,,,,,,,,,,,,,,,,,,,,,,
	OtherNonOperatingIncomeExpenses,"41,300,000","-1,100,000","16,600,000","24,200,000","1,600,000","14,800,000","3,200,000","3,200,000","-7,800,000","-1,400,000","-400,000","14,400,000","2,900,000","-4,600,000","700,000","1,800,000","3,400,000","-6,900,000","1,600,000","1,100,000","9,500,000","4,200,000","-1,700,000","100,000","3,300,000","-900,000","-900,000","-300,000","7,000,000","4,022,000","-599,000","27,000","13,139,000","-1,864,000","268,000","284,000","295,000","9,115,000",,,,,,,,,,,,,,,,,,,,,,,,,,,,,,,,,,,,,,,,,,,,,,,,,,,,,,,,,,,,,,,,,,,,,,,,,,,,,,,,,,,,,,,,,,,,,,,,,,,
PretaxIncome,"574,600,000","118,100,000","156,700,000","162,400,000","137,400,000","128,300,000","96,400,000","90,900,000","79,400,000","75,300,000","78,900,000","115,400,000","75,200,000","68,000,000","64,100,000","79,200,000","66,700,000","56,300,000","69,600,000","67,600,000","65,600,000","56,800,000","52,200,000","38,300,000","29,400,000","28,300,000","43,500,000","35,800,000","44,200,000","71,617,000","7,155,000","98,768,000","88,475,000","66,292,000","63,512,000","68,691,000","54,369,000","38,984,000","66,822,000","63,291,000","60,327,000","31,090,000","29,885,000","60,198,000","46,281,000","22,261,000","38,329,000","40,847,000","39,650,000","12,683,000","21,561,000","29,781,000","23,596,000","9,489,000","55,619,000","67,043,000","59,811,000","40,535,000","44,875,000","56,221,000","42,125,000","32,039,000","38,988,000","41,194,000","35,872,000","31,664,000","30,581,000","36,120,000","26,423,000","13,146,000","21,587,000","25,086,000","15,105,000","8,391,000","11,336,000","9,505,000","6,353,000","4,255,000","2,958,000","6,326,000","285,000","-7,045,000","-2,486,000","-974,000","-11,087,000","-2,908,000","-4,742,000","13,730,000","9,680,000","5,700,000","6,000,000","5,500,000","3,500,000","-17,800,000","-14,800,000","500,000","2,400,000","3,000,000","2,000,000","4,700,000","1,900,000","1,400,000","-8,400,000","-3,200,000","-1,400,000","900,000","5,000,000","5,700,000","2,500,000","3,500,000","4,300,000","3,000,000","1,400,000","1,400,000","1,900,000","800,000",,"1,300,000",,,"-12,100,000","-6,500,000",,"8,300,000","6,500,000","1,700,000","1,000,000",,,,,,,,,,
TaxProvision,"81,800,000","2,800,000","32,700,000","23,500,000","22,800,000","-52,400,000","11,600,000","27,700,000","17,500,000","-204,100,000","800,000","20,800,000","12,800,000","-18,800,000","-9,600,000","15,100,000","8,000,000","91,200,000","13,900,000","17,700,000","15,100,000","19,100,000","13,000,000","2,700,000","9,700,000","4,400,000","6,500,000","10,000,000","10,200,000","15,756,000","-4,720,000","20,741,000","20,350,000","6,631,000","8,892,000","13,738,000","5,437,000","6,305,000","13,022,000","10,126,000","10,255,000","2,427,000","2,689,000","6,020,000","7,409,000","-13,587,000","5,487,000","34,076,000","11,498,000","3,414,000","5,714,000","8,631,000","5,899,000","-4,250,000","16,552,000","18,444,000","19,744,000","14,244,000","17,501,000","21,195,000","13,442,000","8,054,000","13,646,000","12,691,000","10,044,000","8,271,000","10,345,000","12,333,000","8,984,000","-3,259,000","3,670,000","4,568,000","2,265,000","-6,700,000","1,400,000","1,400,000","1,000,000","250,000","250,000","2,000,000","1,000,000","200,000","200,000","1,000,000","500,000","-292,000","-474,000","1,373,000","968,000","-200,000","900,000","800,000","500,000","300,000","400,000","200,000","500,000","600,000","400,000","800,000","500,000","200,000","400,000","-600,000","-300,000","200,000","700,000","1,400,000","600,000","600,000","700,000","600,000","300,000","500,000","200,000","100,000",,"1,700,000",,,"-2,400,000","-2,300,000",,"2,100,000","2,200,000","300,000","400,000",,,,,,,,,,
NetIncomeCommonStockholders,"492,700,000","115,300,000","124,000,000","138,900,000","114,500,000","180,300,000","84,700,000","63,000,000","61,900,000","279,300,000","78,100,000","94,600,000","62,300,000","86,500,000","73,700,000","64,100,000","58,500,000","-35,000,000","55,700,000","49,900,000","50,500,000","37,700,000","39,200,000","35,700,000","19,800,000","24,000,000","37,100,000","25,900,000","34,100,000","55,828,000","11,832,000","77,834,000","68,624,000","59,997,000","54,469,000","54,581,000","49,808,000","33,186,000","53,364,000","53,692,000","50,818,000","29,403,000","27,971,000","53,678,000","39,703,000","36,564,000","32,845,000","6,353,000","27,898,000","9,547,000","15,577,000","20,857,000","17,465,000","13,739,000","39,067,000","48,599,000","40,067,000","26,291,000","27,374,000","35,026,000","28,683,000","23,985,000","25,342,000","28,503,000","25,828,000","23,393,000","20,236,000","23,787,000","17,439,000","16,405,000","17,917,000","20,518,000","12,840,000","15,091,000","9,936,000","8,105,000","5,353,000","4,005,000","2,708,000","4,326,000","-715,000","-6,632,000","-2,686,000","-1,974,000","-11,587,000","-2,616,000","-4,268,000","12,357,000","8,712,000","5,900,000","8,000,000","4,700,000","3,000,000","-18,100,000","-37,500,000","300,000","1,900,000","2,400,000","1,600,000","3,900,000","1,400,000","1,200,000","-8,800,000","-2,600,000","-1,100,000","700,000","4,300,000","4,300,000","1,900,000","2,900,000","3,600,000","2,400,000","1,100,000","900,000","1,700,000","700,000","100,000","-2,700,000","300,000","-13,300,000","-9,700,000","-4,200,000","700,000","6,200,000","4,300,000","1,400,000","600,000","100,000",,,,,,,,,
	NetIncome,"492,700,000","115,300,000","124,000,000","138,900,000","114,500,000","180,300,000","84,700,000","63,000,000","61,900,000","279,300,000","78,100,000","94,600,000","62,300,000","86,500,000","73,700,000","64,100,000","58,500,000","-35,000,000","55,700,000","49,900,000","50,500,000","37,700,000","39,200,000","35,700,000","19,800,000","24,000,000","37,100,000","25,900,000","34,100,000","55,828,000","11,832,000","77,834,000","68,624,000","59,997,000","54,469,000","54,581,000","49,808,000","33,186,000","53,364,000","53,692,000","50,818,000","29,403,000","27,971,000","53,678,000","39,703,000","36,564,000","32,845,000","6,353,000","27,898,000","9,547,000","15,577,000","20,857,000","17,465,000","13,739,000","39,067,000","48,599,000","40,067,000","26,291,000","27,374,000","35,026,000","28,683,000","23,985,000","25,342,000","28,503,000","25,828,000","23,393,000","20,236,000","23,787,000","17,439,000","16,405,000","17,917,000","20,518,000","12,840,000","15,091,000","9,936,000","8,105,000","5,353,000","4,005,000","2,708,000","4,326,000","-715,000","-6,632,000","-2,686,000","-1,974,000","-11,587,000","-2,616,000","-4,268,000","12,357,000","8,712,000","5,900,000","8,000,000","4,700,000","3,000,000","-18,100,000","-37,500,000","300,000","1,900,000","2,400,000","1,600,000","3,900,000","1,400,000","1,200,000","-8,800,000","-2,600,000","-1,100,000","700,000","4,300,000","4,300,000","1,900,000","2,900,000","3,600,000","2,400,000","1,100,000","900,000","1,700,000","700,000","100,000","-2,700,000","300,000","-13,300,000","-9,700,000","-4,200,000","700,000","6,200,000","4,300,000","1,400,000","600,000","100,000",,,,,,,,,
		NetIncomeIncludingNoncontrollingInterests,"492,800,000","115,300,000","124,000,000","138,900,000","114,600,000","180,700,000","84,800,000","63,200,000","61,900,000","279,400,000","78,100,000","94,600,000","62,400,000","86,800,000","73,700,000","64,100,000","58,700,000","-34,900,000","55,700,000","49,900,000","50,500,000","37,700,000","39,200,000","35,600,000","19,700,000","23,900,000","37,000,000","25,800,000","34,000,000","55,861,000","11,875,000","78,027,000","68,125,000","59,661,000","54,620,000","54,953,000","48,932,000","32,679,000","53,800,000","53,165,000","50,072,000","28,663,000","27,196,000","54,178,000","38,872,000","35,848,000","32,842,000","6,771,000","28,152,000","9,269,000","15,847,000","21,150,000","17,697,000","13,199,000","39,067,000","48,599,000","40,067,000","26,291,000","27,374,000","35,026,000","28,683,000","23,985,000","25,342,000","28,503,000","25,828,000","23,393,000","20,236,000","23,787,000","17,439,000","16,405,000","17,917,000","20,518,000","12,840,000","15,091,000","9,936,000","8,105,000","5,353,000","4,005,000","2,708,000","4,326,000","-715,000","-6,632,000","-2,686,000","-1,974,000","-11,587,000","-2,616,000","-4,268,000","12,357,000","8,712,000","5,900,000","8,000,000","4,700,000","3,000,000","-18,100,000","-37,500,000","300,000","1,900,000","2,400,000","1,600,000","3,900,000","1,400,000","1,200,000","-8,800,000","-2,600,000","-1,100,000","700,000","4,300,000","4,300,000","1,900,000","2,900,000","3,600,000","2,400,000","1,100,000","900,000","1,700,000","700,000","100,000","-2,700,000","300,000","-13,300,000","-9,700,000","-4,200,000","700,000","6,200,000","4,300,000","1,400,000","600,000","100,000",,"900,000","-200,000","-500,000","300,000",,"-400,000","100,000","400,000"
			NetIncomeContinuousOperations,"492,800,000","115,300,000","124,000,000","138,900,000","114,600,000","180,700,000","84,800,000","63,200,000","61,900,000","279,400,000","78,100,000","94,600,000","62,400,000","86,800,000","73,700,000","64,100,000","58,700,000","-34,900,000","55,700,000","49,900,000","50,500,000","37,700,000","39,200,000","35,600,000","19,700,000","23,900,000","37,000,000","25,800,000","34,000,000","55,861,000","11,875,000","78,027,000","68,125,000","59,661,000","54,620,000","54,953,000","48,932,000","32,679,000","53,800,000","53,165,000","50,072,000","28,663,000","27,196,000","54,178,000","38,872,000","35,848,000","32,842,000","6,771,000","28,152,000","9,269,000","15,847,000","21,150,000","17,697,000","13,739,000","39,067,000","48,599,000","40,067,000","26,291,000","27,374,000","35,026,000","28,683,000","23,985,000","25,342,000","28,503,000","25,828,000","23,393,000","20,236,000","23,787,000","17,439,000","16,405,000","17,917,000","20,518,000","12,840,000","15,091,000","9,936,000","8,105,000","5,353,000","4,005,000","2,708,000","4,326,000","-715,000","-7,245,000","-2,686,000","-1,974,000","-11,587,000","-2,616,000","-4,268,000","12,357,000","8,712,000","5,900,000","5,100,000","4,700,000","3,000,000","-18,100,000","-15,200,000","300,000","1,900,000","2,400,000","1,600,000","3,900,000","1,400,000","1,200,000","-8,800,000","-2,600,000","-1,100,000","700,000","4,300,000","4,300,000","1,900,000","2,900,000","3,600,000","2,400,000","1,100,000","900,000","1,700,000","700,000","100,000","-400,000","300,000","-13,300,000","-9,700,000","-4,200,000","700,000","6,200,000","4,300,000","1,400,000","600,000","100,000",,"900,000","-200,000","-500,000","300,000",,"-400,000","100,000","400,000"
			NetIncomeDiscontinuousOperations,,,,,,,,,,,,,,,,,,,,,,,,,,,,,,,,,,,,,,,,,,,,,,,,,,,,,,,,,,,,,,,,,,,,,,,,,,,,,,,,,,,,,,,,,,"0","2,900,000",,,"0","-22,300,000",,,,,,,,,,,,,,,,,,,,,,,,,,,,,,,,,,,,,,,,,,
		MinorityInterests,"-100,000","0","0","0","-100,000","-400,000","-100,000","-200,000","0","-100,000","0","0","-100,000","-300,000","0","0","-200,000","-100,000","0","0","0","0",,"100,000","100,000","100,000","100,000","100,000","100,000","-33,000","-43,000","-193,000","499,000","336,000","-151,000","-372,000","876,000","507,000","-436,000","527,000","746,000","740,000","775,000","-500,000","831,000","716,000","3,000","-418,000","-254,000","278,000","-270,000","-293,000","-232,000",,,,,,,,,,,,,,,,,,,,,,,,,,,,,,,,,,,,,,,,,,,,,,,,,,,,,,,,,,,,,,,,,,,,,,,,,,,,,,,,,,,,
DilutedNIAvailtoComStockholders,"492,700,000","115,300,000","124,000,000","138,900,000","114,500,000","180,300,000","84,700,000","63,000,000","61,900,000","279,300,000","78,100,000","94,600,000","62,300,000","86,500,000","73,700,000","64,100,000","58,500,000","-35,000,000","55,700,000","49,900,000","50,500,000","37,700,000","39,200,000","35,700,000","19,800,000","24,000,000","37,100,000","25,900,000","34,100,000","55,828,000","11,832,000","77,834,000","68,624,000","59,997,000","54,469,000","54,581,000","49,808,000","33,186,000","53,364,000","53,692,000","50,818,000","29,403,000","27,971,000","53,678,000","39,703,000","36,564,000","32,845,000","6,353,000","27,898,000","9,547,000","15,577,000","20,857,000","17,465,000","13,739,000","39,067,000","48,599,000","40,067,000","26,291,000","27,374,000","35,026,000","28,683,000","23,985,000","25,342,000","28,503,000","25,828,000","23,393,000","20,236,000","23,787,000","17,439,000","16,405,000","17,917,000","20,518,000","12,840,000","15,091,000","9,936,000","8,105,000","5,353,000","4,005,000","2,708,000","4,326,000","-715,000","-6,632,000","-2,686,000","-1,974,000","-11,587,000","-2,616,000","-4,268,000","12,357,000","8,712,000","5,900,000","8,000,000","4,700,000","3,000,000","-18,100,000","-37,500,000","300,000","1,900,000","2,400,000","1,600,000","3,900,000","1,400,000","1,200,000","-8,800,000","-2,600,000","-1,100,000","700,000","4,300,000","4,300,000","1,900,000","2,900,000","3,600,000","2,400,000","1,100,000","900,000","1,700,000","700,000","100,000","-2,700,000","300,000","-13,300,000","-9,700,000","-4,200,000","700,000","6,200,000","4,300,000","1,400,000","600,000","100,000",,,,,,,,,
BasicEPS,,"0.46","0.49","0.55","0.46","0.72","0.34","0.25","0.25","1.12","0.31","0.38","0.25","0.34","0.29","0.26","0.24","-0.14","0.22","0.2","0.2","0.15","0.16","0.14","0.08","0.1","0.15","0.1","0.13","0.22","0.05","0.3","0.26","0.23","0.21","0.21","0.2","0.13","0.21","0.215","0.205",,"0.115","0.22","0.165",,"0.135","0.025","0.115",,"0.065","0.085","0.075",,"0.16","0.2","0.165",,"0.115","0.145","0.125",,"0.115","0.13","0.12",,"0.095","0.113","0.083",,"0.088","0.1","0.063",,"0.05","0.043","0.03",,"0.015","0.025","-0.005",,"-0.018","-0.013","-0.08",,"-0.03","0.088","0.063",,"0.062","0.035","0.023",,"-0.28","0.002","0.013",,"0.012","0.03","0.01",,"-0.067","-0.02","-0.008",,"0.033","0.035","0.017",,"0.032","0.022","0.01",,"0.015","0.007","0.002",,"0.003","-0.133","-0.1",,"0.007","0.06","0.042",,"0.007","0.002",,,"-0.002","-0.007","0.005",,"-0.008","0.002","0.008"
DilutedEPS,,"0.45","0.49","0.55","0.45","0.71","0.34","0.25","0.25","1.11","0.31","0.37","0.25","0.34","0.29","0.25","0.23","-0.14","0.22","0.19","0.2","0.15","0.15","0.14","0.08","0.09","0.14","0.1","0.13","0.21","0.04","0.29","0.26","0.23","0.21","0.21","0.19","0.13","0.21","0.21","0.2",,"0.11","0.215","0.16",,"0.135","0.025","0.115",,"0.065","0.085","0.07",,"0.155","0.195","0.16",,"0.11","0.14","0.12",,"0.108","0.123","0.113",,"0.088","0.105","0.078",,"0.083","0.095","0.06",,"0.048","0.042","0.03",,"0.015","0.025","-0.005",,"-0.018","-0.013","-0.08",,"-0.03","0.08","0.058",,"0.058","0.033","0.023",,"-0.28","0.002","0.013",,"0.012","0.028","0.01",,"-0.067","-0.02","-0.008",,"0.033","0.035","0.017",,"0.032","0.022","0.01",,"0.015","0.007","0.002",,"0.003","-0.133","-0.1",,"0.007","0.06","0.042",,"0.007","0.002",,,"-0.002","-0.007","0.005",,"-0.008","0.002","0.008"
BasicAverageShares,,"251,200,000","251,800,000","251,500,000","251,100,000","250,800,000","250,700,000","250,000,000","249,900,000","249,500,000","250,400,000","251,700,000","251,500,000","251,400,000","250,500,000","249,500,000","248,800,000","250,900,000","252,600,000","253,000,000","252,000,000","250,700,000","249,700,000","250,500,000","251,000,000","250,500,000","254,800,000","258,400,000","259,400,000","259,217,000","260,329,000","261,075,000","259,789,000","258,187,000","257,037,000","256,186,000","255,181,000","253,314,000","251,742,000","250,732,000","248,740,000",,"245,938,000","245,334,000","243,638,000",,"238,948,000","241,308,000","241,520,000",,"240,094,000","239,102,000","238,520,000",,"241,206,000","243,046,000","242,934,000",,"241,182,000","239,242,000","230,898,000",,"221,356,000","219,388,000","216,968,000",,"214,368,000","211,836,000","210,004,000",,"205,648,000","203,268,000","201,672,000",,"196,434,000","188,844,000","176,071,964",,"180,533,333","173,040,000","167,670,164",,"146,509,091","148,050,000","145,241,380",,"140,466,000","138,942,000","137,094,000",,"129,664,897","134,218,605","128,507,175",,"133,861,641","142,428,786","142,428,786",,"137,074,320","129,935,032","139,930,035",,"131,934,033","129,935,032","131,934,033",,"128,935,532","122,795,745","113,943,028",,"113,627,397","110,713,874","109,945,027",,"113,276,695","104,947,526","105,043,480",,"89,955,022","99,700,150","96,951,524",,"104,947,526","103,281,692","103,148,426",,"89,955,022","88,365,816",,,,,,,,,
DilutedAverageShares,,"254,100,000","254,500,000","254,200,000","254,300,000","253,500,000","252,800,000","251,200,000","251,700,000","251,600,000","252,100,000","254,000,000","254,000,000","254,600,000","253,600,000","252,200,000","253,200,000","250,900,000","257,900,000","257,100,000","255,900,000","254,400,000","253,200,000","253,700,000","254,000,000","252,900,000","257,200,000","261,400,000","262,400,000","262,665,000","264,419,000","265,957,000","264,784,000","262,832,000","261,137,000","260,533,000","260,299,000","258,236,000","256,758,000","256,586,000","255,520,000",,"251,788,000","252,384,000","251,712,000",,"245,738,000","248,198,000","247,658,000",,"245,708,000","243,794,000","241,852,000",,"248,846,000","251,424,000","250,318,000",,"251,374,000","249,168,000","241,792,000",,"233,972,000","232,512,000","231,436,000",,"229,968,000","228,228,000","225,484,000",,"220,224,000","218,508,000","216,860,000",,"207,372,000","198,474,000","180,461,768",,"180,533,333","173,040,000","167,670,164",,"146,509,091","148,050,000","145,241,380",,"140,466,000","155,034,000","149,832,000",,"137,074,320","140,929,535","128,507,175",,"133,861,641","142,428,786","142,428,786",,"137,074,320","137,578,270","139,930,035",,"131,934,033","129,935,032","131,934,033",,"128,935,532","122,795,745","113,943,028",,"113,627,397","110,713,874","109,945,027",,"113,276,695","104,947,526","105,043,480",,"89,955,022","99,700,150","96,951,524",,"104,947,526","103,281,692","103,148,426",,"89,955,022","88,365,816",,,,,,,,,
TotalOperatingIncomeAsReported,"561,000,000","127,800,000","147,500,000","144,800,000","140,900,000","121,900,000","102,000,000","97,600,000","98,300,000","88,200,000","91,700,000","109,700,000","86,300,000","89,600,000","77,400,000","89,500,000","64,200,000","62,800,000","64,000,000","62,600,000","56,600,000","55,300,000","55,300,000","40,500,000","29,900,000","32,900,000","46,000,000","36,000,000","39,500,000","76,889,000","11,089,000","97,134,000","75,711,000","67,346,000","63,029,000","64,905,000","56,457,000","30,329,000","63,470,000","58,921,000","59,848,000","28,712,000","32,448,000","51,567,000","43,675,000","19,256,000","31,670,000","40,561,000","36,115,000","12,677,000","20,165,000","28,726,000","24,252,000","10,440,000","54,056,000","62,924,000","58,040,000","39,263,000","43,786,000","55,950,000","39,268,000","27,302,000","36,331,000","38,669,000","33,065,000","22,980,000","33,027,000","38,737,000","30,200,000","15,917,000","24,800,000","26,670,000","18,238,000","11,968,000","13,948,000","17,121,000","10,898,000","9,843,000","8,210,000","11,682,000","4,088,000","-2,409,000","1,776,000","3,982,000","-3,168,000","3,468,000","1,506,000","12,023,000","9,222,000","5,500,000","5,800,000","5,600,000","3,800,000","-8,600,000","-11,000,000","100,000","2,200,000","2,700,000","1,600,000","4,300,000","1,800,000","3,500,000","-8,500,000","-3,400,000","-1,500,000","600,000","4,700,000","5,500,000","2,800,000","4,300,000","5,100,000","4,300,000","1,500,000","2,200,000","2,300,000","2,600,000","700,000","2,000,000","600,000","-5,700,000","-12,000,000","-5,900,000","1,200,000","8,200,000","6,400,000","1,600,000","900,000","400,000","200,000",,,,,,,,
TotalExpenses,"3,087,800,000","795,400,000","752,400,000","795,900,000","744,100,000","702,100,000","678,000,000","630,900,000","691,100,000","719,000,000","688,600,000","742,200,000","711,800,000","694,000,000","715,300,000","693,800,000","676,400,000","645,200,000","604,700,000","597,000,000","554,400,000","528,400,000","525,300,000","564,600,000","551,300,000","524,400,000","513,600,000","544,600,000","542,000,000","486,545,000","573,488,000","544,276,000","528,673,000","530,514,000","493,442,000","508,422,000","498,049,000","484,861,000","440,992,000","457,527,000","441,938,000","405,945,000","384,338,000","355,241,000","339,851,000","303,745,000","286,302,000","292,427,000","282,269,000","264,264,000","248,676,000","260,035,000","261,079,000","257,357,000","274,010,000","312,429,000","297,256,000","273,520,000","252,237,000","271,449,000","241,660,000","205,888,000","198,470,000","205,637,000","192,789,000","162,741,000","155,457,000","165,488,000","164,905,000","146,541,000","145,364,000","152,454,000","138,272,000","123,623,000","124,994,000","120,295,000","116,037,000","114,273,000","106,384,000","111,386,000","99,637,000","110,087,000","115,298,000","128,695,000","121,031,000","120,699,000","107,721,000","59,241,000","55,918,000","56,700,000","63,800,000","65,200,000","65,000,000","67,900,000","68,400,000","75,800,000","74,400,000","75,400,000","63,100,000","64,600,000","58,800,000","60,800,000","62,600,000","62,000,000","58,200,000","63,100,000","58,100,000","53,500,000","47,100,000","43,000,000","41,600,000","40,100,000","35,700,000","36,500,000","36,600,000","36,400,000","32,300,000","35,300,000","35,900,000","37,300,000","34,100,000","34,400,000","35,400,000","40,900,000","30,400,000","22,500,000","15,200,000","12,400,000","10,100,000",,,,,,,,
NetIncomeFromContinuingAndDiscontinuedOperation,"492,700,000","115,300,000","124,000,000","138,900,000","114,500,000","180,300,000","84,700,000","63,000,000","61,900,000","279,300,000","78,100,000","94,600,000","62,300,000","86,500,000","73,700,000","64,100,000","58,500,000","-35,000,000","55,700,000","49,900,000","50,500,000","37,700,000","39,200,000","35,700,000","19,800,000","24,000,000","37,100,000","25,900,000","34,100,000","55,828,000","11,832,000","77,834,000","68,624,000","59,997,000","54,469,000","54,581,000","49,808,000","33,186,000","53,364,000","53,692,000","50,818,000","29,403,000","27,971,000","53,678,000","39,703,000","36,564,000","32,845,000","6,353,000","27,898,000","9,547,000","15,577,000","20,857,000","17,465,000","13,739,000","39,067,000","48,599,000","40,067,000","26,291,000","27,374,000","35,026,000","28,683,000","23,985,000","25,342,000","28,503,000","25,828,000","23,393,000","20,236,000","23,787,000","17,439,000","16,405,000","17,917,000","20,518,000","12,840,000","15,091,000","9,936,000","8,105,000","5,353,000","4,005,000","2,708,000","4,326,000","-715,000","-6,632,000","-2,686,000","-1,974,000","-11,587,000","-2,616,000","-4,268,000","12,357,000","8,712,000","5,900,000","8,000,000","4,700,000","3,000,000","-18,100,000","-37,500,000","300,000","1,900,000","2,400,000","1,600,000","3,900,000","1,400,000","1,200,000","-8,800,000","-2,600,000","-1,100,000","700,000","4,300,000","4,300,000","1,900,000","2,900,000","3,600,000","2,400,000","1,100,000","900,000","1,700,000","700,000","100,000","-400,000","300,000","-13,300,000","-9,700,000","-4,200,000","700,000","6,200,000","4,300,000","1,400,000","600,000","100,000",,,,,,,,,
NormalizedIncome,"501,537,400","118,033,615.58","125,186,500","142,747,500","115,751,000","184,461,000","95,348,000","66,544,500","64,162,000","289,082,000","83,149,000","97,798,000","65,952,000","87,960,000","75,910,000","68,312,000","56,652,000","-34,940,000","55,460,000","51,602,000","51,655,000","39,093,838.028","41,825,000","41,280,000","21,073,000","26,871,378.092","39,310,000","29,644,000","34,100,000","57,131,373.934","14,054,350","78,815,970","69,002,840","61,064,367.797","54,630,680","56,473,800","52,664,600","35,627,871.717","52,942,920.116","53,718,880.283","52,752,752.797","28,869,198.874","32,572,979.99","48,383,319.546","40,301,857.76","36,541,250","29,955,719.716","8,347,850","27,593,404.59","9,894,139.872","14,841,280.553","21,110,535.811","20,579,750","15,212,550","39,636,649.526","49,329,692.123","40,026,136.497","26,569,249.389","27,378,880.045","35,197,949.556","31,550,959.549","18,631,626.455","25,182,751.257","27,875,427.514","24,119,429.416","17,926,703.67","21,424,445.636","25,234,503.488","19,712,016.539","17,750,800","19,884,076.944","21,362,897.313","14,671,857.001","16,793,800","11,846,769.231","10,081,579.695","6,667,446.718","6,721,434.783","4,418,123.056","5,781,904.837","-616,600","-5,119,800","-2,956,000","-1,356,600","-11,500,000","-2,423,488.308","-4,062,790.384","11,601,000","8,685,000","5,900,000","5,100,000","4,101,818.182","2,485,714.286","-13,780,000","-14,240,000","-420,000","1,029,166.667","1,440,000","640,000","2,904,255.319","515,789.474","1,971,428.571","-9,460,000","-3,575,000","-1,964,285.714","-311,111.111","3,182,000","3,847,368.421","1,596,000","2,237,142.857","3,851,162.791","3,120,000","864,285.714","1,092,857.143","1,700,000","1,925,000","160,000","-340,000","120,000","-9,040,000","-9,860,330.579","-4,006,153.846","760,000","6,050,602.41","4,233,846.154","1,400,000","540,000","100,000",,,,,,,,,
InterestIncome,,,,,,,,,,,,,,,,,,,,,,,,,,,,,,,,,,,,,,,,,"372,000","338,000","422,000","319,000","285,000","219,000","221,000","244,000","399,000","237,000","124,000","223,000","199,000",,,,,,,,,,,,,,,,,,,,,,,,,,,,,,,,,,,,,,,,,,,,,,,,,,,,,,,,,,,,,,,,,,,,,,,,,,,,,,,,,,,,
InterestExpense,"65,400,000","16,000,000","15,900,000","16,600,000","16,900,000","17,900,000","19,600,000","19,600,000","20,500,000","20,200,000","19,700,000","20,600,000","21,900,000","22,400,000","22,700,000","18,600,000","9,500,000","6,600,000","6,300,000","6,000,000","6,100,000","6,100,000","6,600,000","6,600,000","6,600,000","6,500,000","6,400,000","6,300,000","6,400,000","8,859,000","2,975,000","3,164,000","3,683,000","4,134,000","4,122,000","4,255,000","5,071,000","4,796,000","3,925,000","3,773,000","4,235,000","3,431,000","3,364,000","1,350,000","496,000","367,000","576,000","411,000","398,000","404,000","450,000","465,000","493,000",,,,,,,,,,,,,,,,,,,,,,,,,,,,,,,,,,,,,,,,,,,,,,,,,,,,,,,,,,,,,,,,,,,,,,,,,,,,,,,,,,,,
NetInterestIncome,"-65,400,000","-16,000,000","-15,900,000","-16,600,000","-16,900,000","-17,900,000","-19,600,000","-19,600,000","-20,500,000","-20,200,000","-19,700,000","-20,600,000","-21,900,000","-22,400,000","-22,700,000","-18,600,000","-9,500,000","-6,600,000","-6,300,000","-6,000,000","-6,100,000","-6,100,000","-6,600,000","-6,600,000","-6,600,000","-6,500,000","-6,400,000","-6,300,000","-6,400,000","-8,859,000","-2,975,000","-3,164,000","-3,683,000","-4,134,000","-4,122,000","-4,255,000","-5,071,000","-4,796,000","-3,925,000","-3,773,000","-3,863,000","-3,093,000","-2,942,000","-1,031,000","-211,000","-148,000","-355,000","-167,000","1,000","-167,000","-326,000","-242,000","-294,000",,,,,,,,,,,,,,,,,,,,,,,,,,,,,,,,,,,,,,,,,,,,,,,,,,,,,,,,,,,,,,,,,,,,,,,,,,,,,,,,,,,,
EBIT,"640,000,000","134,100,000","172,600,000","179,000,000","154,300,000","146,200,000","116,000,000","110,500,000","99,900,000","95,500,000","98,600,000","136,000,000","97,100,000","90,400,000","86,800,000","97,800,000","76,200,000","62,900,000","75,900,000","73,600,000","71,700,000","62,900,000","58,800,000","44,900,000","36,000,000","34,800,000","49,900,000","42,100,000","50,600,000","80,476,000","10,130,000","101,932,000","92,158,000","70,426,000","67,634,000","72,946,000","59,440,000","43,780,000","70,747,000","67,064,000","64,562,000","34,521,000","33,249,000","61,548,000","46,777,000","22,628,000","38,905,000","41,258,000","40,048,000","13,087,000","22,011,000","30,246,000","24,089,000","10,727,000","54,077,000","65,338,000","58,040,000","39,263,000","43,786,000","56,283,000","44,072,000","28,232,000","36,381,000","39,689,000","33,065,000","24,080,000","33,027,000","38,737,000","30,478,000","16,142,000","24,800,000","26,997,000","18,238,000","12,254,000","14,575,000","17,837,000","11,288,000","10,296,000","8,364,000","11,870,000","4,392,000","-3,682,000","2,139,000","4,892,000","-3,168,000","3,468,000","1,506,000","12,023,000","9,222,000","5,500,000","5,800,000","5,600,000","3,800,000","-8,600,000","-11,000,000","100,000","2,200,000","2,700,000","1,600,000","4,300,000","1,800,000","3,500,000","-8,500,000","-3,400,000","-1,500,000","600,000","4,700,000","5,500,000","2,800,000","4,300,000","5,100,000","4,300,000","1,500,000","2,200,000","2,300,000","2,600,000","700,000","2,000,000","600,000","-5,700,000","-12,000,000","-5,900,000","1,200,000","8,200,000","6,400,000","1,600,000","900,000","400,000","200,000","-20,700,000","6,800,000","7,100,000","4,500,000","-15,000,000","4,600,000","4,500,000","4,900,000"
EBITDA,"819,900,000"
ReconciledCostOfRevenue,"1,495,400,000","382,500,000","364,800,000","387,300,000","360,800,000","328,600,000","319,200,000","295,000,000","318,000,000","331,500,000","329,200,000","360,300,000","328,900,000","312,900,000","331,100,000","330,200,000","314,400,000","306,900,000","288,800,000","286,100,000","259,400,000","244,900,000","244,200,000","260,300,000","249,200,000","233,100,000","231,900,000","249,700,000","244,200,000","240,211,000","239,519,000","259,509,000","249,421,000","251,477,000","234,271,000","247,376,000","243,323,000","234,146,000","220,557,000","230,830,000","224,434,000","199,048,000","190,046,000","187,154,000","181,272,000","148,146,000","147,534,000","159,862,000","149,796,000","136,243,000","126,677,000","137,135,000","135,204,000","135,827,000","151,669,000","180,052,000","170,644,000","147,207,000","139,409,000","150,848,000","134,693,000","112,809,000","113,975,000","118,838,000","114,392,000","91,650,000","87,165,000","99,286,000","94,901,000","82,533,000","84,545,000","88,990,000","78,386,000","67,352,000","68,052,000","61,315,000","63,171,000","59,532,000","54,967,000","59,602,000","47,215,000","48,133,000","57,122,000","68,056,000","60,363,000","49,032,000","59,217,000","29,379,000","28,095,000","18,900,000","32,700,000","33,200,000","33,200,000","20,000,000","32,600,000","39,600,000","38,600,000","28,100,000","30,500,000","32,300,000","29,000,000","22,000,000","27,500,000","27,000,000","26,000,000","23,400,000","27,500,000","23,500,000","20,100,000","10,900,000","18,100,000","17,000,000","15,800,000","9,300,000","17,600,000","18,200,000","15,200,000","10,200,000","18,900,000","18,500,000","13,700,000","8,800,000","16,700,000","21,900,000","17,400,000","9,500,000","6,700,000","5,800,000","4,400,000",,,,,,,,
ReconciledDepreciation,"179,900,000","43,900,000","44,400,000","45,500,000","46,100,000","47,900,000","49,900,000","49,500,000","50,200,000","48,900,000","50,200,000","53,600,000","54,500,000","56,100,000","58,800,000","51,300,000","49,000,000","47,900,000","48,700,000","44,600,000","42,200,000","42,700,000","46,400,000","49,300,000","49,400,000","49,900,000","49,800,000","50,000,000","49,400,000","49,804,000","47,773,000","45,975,000","48,089,000","49,234,000","48,394,000","46,424,000","45,525,000","43,173,000","37,050,000","34,816,000","34,359,000","34,239,000","29,614,000","21,148,000","20,668,000","20,362,000","19,006,000","18,201,000","18,268,000","18,558,000","18,490,000","17,658,000","16,761,000","16,827,000","16,257,000","15,779,000","15,419,000","14,664,000","14,585,000","14,910,000","12,015,000","7,806,000","6,432,000","7,240,000","5,484,000","4,387,000","4,892,000","4,709,000","4,973,000","5,040,000","4,266,000","4,217,000","4,348,000","4,379,000","4,275,000","7,447,000","4,194,000","5,636,000","4,032,000","5,027,000","4,459,000","11,684,000","7,378,000","7,394,000","7,316,000",,,,,,,,,,,,,,,,,,,,,,,,,,,,,,,,,,,,,"4,700,000","0","0","800,000","1,500,000","600,000","300,000","400,000",,,,,,,,
NetIncomeFromContinuingOperationNetMinorityInterest,"492,700,000","115,300,000","124,000,000","138,900,000","114,500,000","180,300,000","84,700,000","63,000,000","61,900,000","279,300,000","78,100,000","94,600,000","62,300,000","86,500,000","73,700,000","64,100,000","58,500,000","-35,000,000","55,700,000","49,900,000","50,500,000","37,700,000","39,200,000","35,700,000","19,800,000","24,000,000","37,100,000","25,900,000","34,100,000","55,828,000","11,832,000","77,834,000","68,624,000","59,997,000","54,469,000","54,581,000","49,808,000","33,186,000","53,364,000","53,692,000","50,818,000","29,403,000","27,971,000","53,678,000","39,703,000","36,564,000","32,845,000","6,353,000","27,898,000","9,547,000","15,577,000","20,857,000","17,465,000","13,739,000","39,067,000","48,599,000","40,067,000","26,291,000","27,374,000","35,026,000","28,683,000","23,985,000","25,342,000","28,503,000","25,828,000","23,393,000","20,236,000","23,787,000","17,439,000","16,405,000","17,917,000","20,518,000","12,840,000","15,091,000","9,936,000","8,105,000","5,353,000","4,005,000","2,708,000","4,326,000","-715,000","-7,245,000","-2,686,000","-1,974,000","-11,587,000","-2,616,000","-4,268,000","12,357,000","8,712,000","5,900,000","5,100,000","4,700,000","3,000,000","-18,100,000","-15,200,000","300,000","1,900,000","2,400,000","1,600,000","3,900,000","1,400,000","1,200,000","-8,800,000","-2,600,000","-1,100,000","700,000","4,300,000","4,300,000","1,900,000","2,900,000","3,600,000","2,400,000","1,100,000","900,000","1,700,000","700,000","100,000","-400,000","300,000","-13,300,000","-9,700,000","-4,200,000","700,000","6,200,000","4,300,000","1,400,000","600,000","100,000",,,,,,,,,
TotalUnusualItemsExcludingGoodwill,"-10,300,000","-2,800,000","-1,500,000","-4,500,000","-1,500,000","-5,700,000","-12,100,000","-5,100,000","-2,900,000","-13,400,000","-5,100,000","-3,900,000","-4,400,000","-2,000,000","-2,600,000","-5,200,000","2,100,000","-100,000","300,000","-2,300,000","-1,500,000","-2,100,000","-3,500,000","-6,000,000","-1,900,000","-3,400,000","-2,600,000","-5,200,000","0","-1,671,000","-3,419,000","-1,243,000","-492,000","-1,186,000","-188,000","-2,366,000","-3,174,000","-2,913,000","523,000","-32,000","-2,331,000","579,000","-5,057,000","5,883,000","-713,000","35,000","3,372,000","-3,069,000","429,000","-475,000","1,001,000","-357,000","-4,153,000","-2,267,000","-811,000","-1,008,000","61,000","-429,000","-8,000","-276,000","-4,212,000","7,151,000","245,000","907,000","2,373,000","7,399,000","-1,796,000","-2,198,000","-3,444,000","-2,243,000","-2,370,000","-1,033,000","-2,155,000","-2,838,000","-2,180,000","-2,318,000","-1,560,000","-2,886,000","-1,868,000","-2,129,000","-164,000","-3,542,000","450,000","-1,029,000","-145,000","-214,000","-228,000","840,000","30,000",,,"700,000","600,000","-7,200,000","-1,600,000","1,200,000","1,100,000","1,200,000","1,200,000","1,200,000","1,200,000","-900,000","1,100,000","1,200,000","1,100,000","1,300,000","1,300,000","600,000","400,000","800,000","-300,000","-900,000","300,000","-300,000",,"-1,400,000","-100,000","-100,000","300,000","-7,100,000","200,000","-300,000","-100,000","200,000","100,000",,"100,000",,,,,,,,,,
TotalUnusualItems,"-10,300,000","-2,800,000","-1,500,000","-4,500,000","-1,500,000","-5,700,000","-12,100,000","-5,100,000","-2,900,000","-13,400,000","-5,100,000","-3,900,000","-4,400,000","-2,000,000","-2,600,000","-5,200,000","2,100,000","-100,000","300,000","-2,300,000","-1,500,000","-2,100,000","-3,500,000","-6,000,000","-1,900,000","-3,400,000","-2,600,000","-5,200,000","0","-1,671,000","-3,419,000","-1,243,000","-492,000","-1,186,000","-188,000","-2,366,000","-3,174,000","-2,913,000","523,000","-32,000","-2,331,000","579,000","-5,057,000","5,883,000","-713,000","35,000","3,372,000","-3,069,000","429,000","-475,000","1,001,000","-357,000","-4,153,000","-2,267,000","-811,000","-1,008,000","61,000","-429,000","-8,000","-276,000","-4,212,000","7,151,000","245,000","907,000","2,373,000","7,399,000","-1,796,000","-2,198,000","-3,444,000","-2,243,000","-2,370,000","-1,033,000","-2,155,000","-2,838,000","-2,180,000","-2,318,000","-1,560,000","-2,886,000","-1,868,000","-2,129,000","-164,000","-3,542,000","450,000","-1,029,000","-145,000","-214,000","-228,000","840,000","30,000",,,"700,000","600,000","-7,200,000","-1,600,000","1,200,000","1,100,000","1,200,000","1,200,000","1,200,000","1,200,000","-900,000","1,100,000","1,200,000","1,100,000","1,300,000","1,300,000","600,000","400,000","800,000","-300,000","-900,000","300,000","-300,000",,"-1,400,000","-100,000","-100,000","300,000","-7,100,000","200,000","-300,000","-100,000","200,000","100,000",,"100,000",,,,,,,,,,
NormalizedEBITDA,"830,200,000","180,800,000","218,500,000","229,000,000","201,900,000","199,800,000","178,000,000","165,100,000","153,000,000","157,800,000","153,900,000","193,500,000","156,000,000","148,500,000","148,200,000","154,300,000","123,100,000","110,900,000","124,300,000","120,500,000","115,400,000","107,700,000","108,700,000","100,200,000","87,300,000","88,100,000","102,300,000","97,300,000","100,000,000","131,951,000","61,322,000","149,150,000","140,739,000","120,846,000","116,216,000","121,736,000","108,139,000","89,866,000","107,274,000","101,912,000","101,252,000","68,181,000","67,920,000","76,813,000","68,158,000","42,955,000","54,539,000","62,528,000","57,887,000","32,120,000","39,500,000","48,261,000","45,003,000","29,821,000","71,145,000","82,125,000","73,398,000","54,356,000","58,379,000","71,469,000","60,299,000","28,887,000","42,568,000","46,022,000","36,176,000","21,068,000","39,715,000","45,644,000","38,895,000","23,425,000","31,436,000","32,247,000","24,741,000","19,471,000","21,030,000","27,602,000","17,042,000","18,818,000","14,264,000","19,026,000","9,015,000","11,544,000","9,067,000","13,315,000","4,293,000","3,682,000","1,734,000","11,183,000","9,192,000","5,500,000","5,800,000","4,900,000","3,200,000","-1,400,000","-9,400,000","-1,100,000","1,100,000","1,500,000","400,000","3,100,000","600,000","4,400,000","-9,600,000","-4,600,000","-2,600,000","-700,000","3,400,000","4,900,000","2,400,000","3,500,000","5,400,000","5,200,000","1,200,000","2,500,000","2,300,000","4,000,000","800,000","2,100,000","300,000","1,400,000","-12,200,000","-900,000","1,300,000","8,000,000","7,100,000","3,100,000","1,400,000","800,000","600,000","-20,700,000","6,800,000","7,100,000","4,500,000","-15,000,000","4,600,000","4,500,000","4,900,000"
TaxRateForCalcs,"0.142","0.024","0.209","0.145","0.166","0.27","0.12","0.305","0.22","0.27","0.01","0.18","0.17","0.27","0.15","0.19","0.12","0.4","0.2","0.26","0.23","0.336","0.25","0.07","0.33","0.155","0.15","0.28","0.23","0.22","0.35","0.21","0.23","0.1","0.14","0.2","0.1","0.162","0.195","0.16","0.17","0.078","0.09","0.1","0.16","0.35","0.143","0.35","0.29","0.269","0.265","0.29","0.25","0.35","0.298","0.275","0.33","0.351","0.39","0.377","0.319","0.251","0.35","0.308","0.28","0.261","0.338","0.341","0.34","0.4","0.17","0.182","0.15","0.4","0.124","0.147","0.157","0.059","0.085","0.316","0.4","0.4","0.4","0.4","0.4","0.1","0.1","0.1","0.1","0.4","0.15","0.145","0.143","0.4","0.4","0.4","0.208","0.2","0.2","0.17","0.263","0.143","0.4","0.188","0.214","0.222","0.14","0.246","0.24","0.171","0.163","0.2","0.214","0.357","0.105","0.125","0.4","0.4","0.4","0.4","0.198","0.354","0.4","0.253","0.338","0.176","0.4","0.4",,,,,,,,,
TaxEffectOfUnusualItems,"-1,462,600","-66,384.42","-313,500","-652,500","-249,000","-1,539,000","-1,452,000","-1,555,500","-638,000","-3,618,000","-51,000","-702,000","-748,000","-540,000","-390,000","-988,000","252,000","-40,000","60,000","-598,000","-345,000","-706,161.972","-875,000","-420,000","-627,000","-528,621.908","-390,000","-1,456,000","0","-367,626.066","-1,196,650","-261,030","-113,160","-118,632.203","-26,320","-473,200","-317,400","-471,128.283","101,920.116","-5,119.717","-396,247.203","45,198.874","-455,020.01","588,319.546","-114,142.24","12,250","482,719.716","-1,074,150","124,404.59","-127,860.128","265,280.553","-103,464.189","-1,038,250","-793,450","-241,350.474","-277,307.877","20,136.497","-150,750.611","-3,119.955","-104,050.444","-1,344,040.451","1,797,626.455","85,751.257","279,427.514","664,429.416","1,932,703.67","-607,554.364","-750,496.512","-1,170,983.461","-897,200","-402,923.056","-188,102.687","-323,142.999","-1,135,200","-269,230.769","-341,420.305","-245,553.282","-169,565.217","-157,876.944","-673,095.163","-65,600","-1,416,800","180,000","-411,600","-58,000","-21,488.308","-22,790.384","84,000","3,000","0","0","101,818.182","85,714.286","-2,880,000","-640,000","480,000","229,166.667","240,000","240,000","204,255.319","315,789.474","-128,571.429","440,000","225,000","235,714.286","288,888.889","182,000","147,368.421","96,000","137,142.857","-48,837.209","-180,000","64,285.714","-107,142.857","0","-175,000","-40,000","-40,000","120,000","-2,840,000","39,669.421","-106,153.846","-40,000","50,602.41","33,846.154","0","40,000","0",,,,,,,,,