name,ttm,12/31/2021,09/30/2021,06/30/2021,03/31/2021,12/31/2020,09/30/2020,06/30/2020,03/31/2020,12/31/2019,09/30/2019,06/30/2019,03/31/2019,12/31/2018,09/30/2018,06/30/2018,03/31/2018,12/31/2017,09/30/2017,06/30/2017,03/31/2017,12/31/2016,09/30/2016,06/30/2016,03/31/2016,12/31/2015,09/30/2015,06/30/2015,03/31/2015,12/31/2014,09/30/2014,06/30/2014,03/31/2014,12/31/2013,09/30/2013,06/30/2013,03/31/2013,12/31/2012,09/30/2012,06/30/2012,03/31/2012,12/31/2011,09/30/2011,06/30/2011,03/31/2011,12/31/2010,09/30/2010,06/30/2010,03/31/2010,12/31/2009,09/30/2009,06/30/2009,03/31/2009,12/31/2008,09/30/2008,06/30/2008,03/31/2008,12/31/2007,09/30/2007,06/30/2007,03/31/2007,12/31/2006,09/30/2006,06/30/2006,03/31/2006,12/31/2005,09/30/2005,06/30/2005,03/31/2005,12/31/2004,09/30/2004,06/30/2004,03/31/2004,12/31/2003,09/30/2003,06/30/2003,03/31/2003,12/31/2002,09/30/2002,06/30/2002,03/31/2002,12/31/2001,09/30/2001,06/30/2001,03/31/2001,12/31/2000,09/30/2000,06/30/2000,03/31/2000,12/31/1999,09/30/1999,06/30/1999,03/31/1999,12/31/1998,09/30/1998,06/30/1998,03/31/1998,12/31/1997,09/30/1997,06/30/1997,03/31/1997,12/31/1996,09/30/1996,06/30/1996,03/31/1996,12/31/1995,09/30/1995,06/30/1995,03/31/1995,12/31/1994,09/30/1994,06/30/1994,03/31/1994,12/31/1993,09/30/1993,06/30/1993,03/31/1993,12/31/1992,09/30/1992,06/30/1992,03/31/1992,12/31/1991,09/30/1991,06/30/1991,03/31/1991,12/31/1990,09/30/1990,06/30/1990,03/31/1990,12/31/1989,09/30/1989,06/30/1989,03/31/1989,12/31/1988,09/30/1988,06/30/1988,03/31/1988,12/31/1987,09/30/1987,06/30/1987,03/31/1987,12/31/1986,09/30/1986,06/30/1986,03/31/1986,12/31/1985,09/30/1985
TotalRevenue,"7,671,900,000","1,961,700,000","1,954,100,000","1,929,300,000","1,826,800,000","1,732,900,000","1,595,800,000","1,415,400,000","1,462,600,000","1,468,700,000","1,426,700,000","1,395,200,000","1,327,300,000","1,305,000,000","1,394,600,000","1,345,000,000","1,328,000,000","1,286,100,000","1,221,700,000","1,171,600,000","1,113,600,000","1,091,200,000","1,092,900,000","1,044,700,000","994,100,000","1,052,200,000","1,049,000,000","1,072,400,000","1,027,000,000","1,022,400,000","1,020,800,000","984,300,000","954,600,000","929,800,000","884,400,000","854,300,000","815,700,000","787,300,000","769,700,000","736,800,000","728,700,000","671,600,000","679,400,000","713,700,000","682,400,000","647,500,000","586,100,000","577,400,000","556,200,000","547,100,000","498,100,000","442,200,000","384,500,000","415,900,000","554,800,000","586,500,000","559,100,000","597,800,000","571,000,000","551,100,000","508,400,000","489,056,000","450,628,000","445,995,000","429,321,000","402,844,000","388,703,000","363,546,000","357,071,000","345,498,000","316,228,000","309,672,000","306,476,000","281,961,000","259,100,000","238,280,000","219,514,000","227,261,000","220,296,000","236,123,000","242,149,000","241,266,000","243,618,000","262,130,000","280,482,000","291,610,000","303,704,000","300,682,000","316,331,000","284,900,000","259,900,000","245,800,000","245,800,000","234,800,000","218,600,000","222,300,000","210,400,000","207,200,000","199,800,000","180,100,000","168,000,000","159,800,000","150,200,000","143,700,000","132,400,000","123,400,000","113,200,000","104,800,000","97,800,000","101,100,000","96,900,000","92,500,000","91,900,000","89,800,000","78,800,000","72,700,000","68,700,000","65,400,000","62,200,000","59,000,000","58,500,000","55,900,000","52,600,000","51,100,000","45,600,000","40,000,000","44,600,000","43,200,000","42,200,000","42,600,000","40,300,000","39,000,000","37,700,000","36,800,000","36,200,000","35,700,000","33,400,000","33,000,000","33,800,000","34,300,000","31,300,000","29,000,000","29,400,000","28,600,000","24,200,000","21,300,000","21,300,000"
	OperatingRevenue,"7,671,900,000","1,961,700,000","1,954,100,000","1,929,300,000","1,826,800,000","1,732,900,000","1,595,800,000","1,415,400,000","1,462,600,000","1,468,700,000","1,426,700,000","1,395,200,000","1,327,300,000","1,305,000,000","1,394,600,000","1,345,000,000","1,328,000,000","1,286,100,000","1,221,700,000","1,171,600,000","1,113,600,000","1,091,200,000","1,092,900,000","1,044,700,000","994,100,000","1,052,200,000","1,049,000,000","1,072,400,000","1,027,000,000","1,022,400,000","1,020,800,000","984,300,000","954,600,000","929,700,000","884,200,000","854,200,000","815,400,000","785,500,000","769,700,000","736,800,000","728,700,000","671,600,000","679,400,000","714,500,000","683,200,000","647,500,000","586,100,000","577,400,000","556,200,000","547,100,000","498,100,000","442,200,000","384,500,000","415,900,000","554,800,000","586,500,000","559,100,000","638,000,000","590,100,000","564,000,000","521,400,000","513,576,000","468,758,000","445,734,000","437,861,000","416,780,000","393,974,000","369,980,000","360,016,000","352,250,000","318,555,000","311,411,000","307,629,000","283,345,000","259,688,000","240,128,000","219,514,000","218,988,000","220,296,000","236,123,000","242,149,000","241,266,000","243,618,000","262,130,000","280,482,000","291,610,000","303,704,000","300,682,000","316,331,000","284,900,000","259,900,000","245,800,000","245,800,000","234,800,000","218,600,000","222,300,000","210,400,000","207,200,000","199,800,000","180,100,000","168,000,000","159,800,000","150,200,000","143,700,000","132,400,000","123,400,000","113,200,000","104,800,000","97,800,000","101,100,000","96,900,000","92,500,000","91,900,000","89,800,000","78,800,000","72,700,000","68,700,000","65,400,000","62,200,000","59,000,000","58,500,000","55,900,000","52,600,000","51,100,000","45,600,000","40,000,000","44,600,000","43,200,000","42,200,000","42,600,000","40,300,000","39,000,000","37,700,000","36,800,000","36,200,000","35,700,000","33,400,000","33,000,000","33,800,000","34,300,000","31,300,000","29,000,000","29,400,000","28,600,000","24,200,000","21,300,000","21,300,000"
CostOfRevenue,"2,993,200,000","812,400,000","730,900,000","739,800,000","710,100,000","755,200,000","662,600,000","650,600,000","548,000,000","633,000,000","568,800,000","581,000,000","602,100,000","564,800,000","563,600,000","564,700,000","553,800,000","484,300,000","454,800,000","440,200,000","432,600,000","417,100,000","422,900,000","406,600,000","389,100,000","394,100,000","417,500,000","399,500,000","384,000,000","375,000,000","383,800,000","361,800,000","352,600,000","330,600,000","321,800,000","316,400,000","305,300,000","1,143,700,000","0","55,100,000","52,300,000","189,600,000","0","0","0","29,300,000","28,300,000","25,800,000","25,700,000","26,600,000","26,000,000","24,400,000","25,400,000","26,100,000","25,700,000","24,900,000","25,100,000",,,,,,,,,,,,,,,,,,,,,,,,,,,,,,,,,,,,,,,,,,,,,,,,,,,,,,,,,,,,,,,,,,,,,,,,,,,,,,,,,,,,,,,,,,
GrossProfit,"4,678,700,000","1,149,300,000","1,223,200,000","1,189,500,000","1,116,700,000","977,700,000","933,200,000","764,800,000","914,600,000","835,700,000","857,900,000","814,200,000","725,200,000","740,200,000","831,000,000","780,300,000","774,200,000","801,800,000","766,900,000","731,400,000","681,000,000","674,100,000","670,000,000","638,100,000","605,000,000","658,100,000","631,500,000","672,900,000","643,000,000","647,400,000","637,000,000","622,500,000","602,000,000","599,200,000","562,600,000","537,900,000","510,400,000","-356,400,000","769,700,000","681,700,000","676,400,000","482,000,000","679,400,000","713,700,000","682,400,000","618,200,000","557,800,000","551,600,000","530,500,000","520,500,000","472,100,000","417,800,000","359,100,000","389,800,000","529,100,000","561,600,000","534,000,000",,,,,,,,,,,,,,,,,,,,,,,,,,,,,,,,,,,,,,,,,,,,,,,,,,,,,,,,,,,,,,,,,,,,,,,,,,,,,,,,,,,,,,,,,,
OperatingExpense,"968,700,000","286,800,000","227,000,000","231,400,000","223,500,000","221,800,000","204,300,000","211,100,000","207,400,000","255,400,000","198,800,000","199,100,000","192,700,000","213,100,000","190,400,000","185,600,000","190,400,000","270,800,000","218,400,000","223,800,000","209,300,000","210,800,000","194,300,000","188,400,000","194,100,000","203,100,000","173,200,000","165,100,000","165,200,000","167,400,000","148,300,000","149,400,000","152,900,000","159,100,000","136,700,000","139,100,000","137,800,000","-717,600,000","410,800,000","353,700,000","360,200,000","188,400,000","384,200,000","358,200,000","343,200,000","335,400,000","295,900,000","298,500,000","291,800,000","286,200,000","264,800,000","263,900,000","248,500,000","268,800,000","290,300,000","303,000,000","303,900,000","335,200,000","307,200,000","300,000,000","289,500,000","274,118,000","250,109,000","253,076,000","250,797,000","230,470,000","208,851,000","208,025,000","209,790,000","202,008,000","185,314,000","181,658,000","183,615,000","168,423,000","153,570,000","153,464,000","155,070,000","147,158,000","148,629,000","151,346,000","155,858,000","163,783,000","155,924,000","171,396,000","193,112,000","949,328,000","-71,125,000","-66,448,000","-67,463,000","-63,300,000","-54,800,000","-51,100,000","-48,900,000","-55,700,000","-48,100,000","-123,600,000","-114,700,000","-98,200,000","-27,300,000","-23,100,000","-42,000,000","-44,000,000","-42,600,000","-18,700,000","-17,100,000","-32,300,000","-29,900,000","-27,500,000","-27,700,000","-82,300,000","-6,200,000","-38,800,000","-37,300,000","-33,800,000","-34,100,000","-5,300,000","-17,000,000","-41,600,000","-23,400,000","-23,100,000","-23,100,000","-22,300,000","-20,800,000","-19,900,000","-19,400,000","-17,300,000","-17,500,000","-23,400,000","-16,000,000","-15,800,000","-15,300,000",,,,,,,,,,,,,,,,
	SellingGeneralAndAdministration,"968,700,000","286,800,000","227,000,000","231,400,000","223,500,000","221,800,000","204,300,000","211,100,000","207,400,000","255,400,000","198,800,000","199,100,000","192,700,000","213,100,000","190,400,000","185,600,000","190,400,000","87,500,000","63,000,000","65,400,000","71,000,000","72,500,000","60,000,000","55,700,000","64,500,000","67,700,000","53,500,000","54,100,000","63,600,000","62,700,000","48,600,000","50,600,000","58,000,000","63,600,000","48,300,000","54,300,000","58,300,000","-797,400,000","336,700,000","281,300,000","286,500,000","166,500,000","299,800,000","269,400,000","268,300,000","248,100,000","232,800,000","235,200,000","231,200,000","225,800,000","209,300,000","213,400,000","198,100,000","210,000,000","227,600,000","238,200,000","243,900,000","35,800,000","18,400,000","21,900,000","31,800,000","30,786,000","17,464,000","21,062,000","27,988,000","28,437,000","15,394,000","18,823,000","23,471,000","24,140,000","12,952,000","16,117,000","21,059,000","20,383,000","9,885,000","12,392,000","16,345,000","16,943,000","10,766,000","14,436,000","16,911,000","17,201,000","10,315,000","15,595,000","21,527,000","-258,057,000","114,459,000","113,736,000","118,077,000","105,800,000","96,800,000","99,200,000","101,700,000","102,100,000","92,000,000","17,000,000","20,100,000","36,200,000","97,900,000","93,900,000","71,600,000","64,100,000","58,000,000","77,800,000","76,400,000","52,300,000","43,100,000","41,800,000","41,000,000","-13,000,000","58,200,000","24,200,000","27,300,000","27,800,000","21,600,000","46,400,000","33,100,000","7,200,000","20,300,000","20,500,000","22,400,000","19,400,000","16,200,000","17,600,000","16,100,000","15,700,000","14,300,000","13,600,000","14,600,000","14,900,000","12,000,000",,,,,,,,,,,,,,,,
		GeneralAndAdministrativeExpense,"868,500,000","248,000,000","204,900,000","211,000,000","204,600,000","190,600,000","190,100,000","197,700,000","182,500,000","217,100,000","181,700,000","179,300,000","171,100,000","177,300,000","170,200,000","166,600,000","165,800,000","53,700,000","49,000,000","46,800,000","45,400,000","45,300,000","45,300,000","40,800,000","41,400,000","40,700,000","40,300,000","39,900,000","38,300,000","36,600,000","35,900,000","36,000,000","35,400,000","34,800,000","32,900,000","35,100,000","33,000,000","-753,800,000","294,800,000","261,500,000","260,700,000","140,700,000","280,800,000","248,800,000","242,900,000","223,400,000","214,200,000","215,100,000","207,700,000","202,000,000","196,300,000","199,700,000","175,400,000","179,300,000","210,900,000","218,000,000","207,400,000",,,,,,,,,,,,,,,,,,,,,,,,,,,,,,"98,912,000","92,665,000","92,967,000","81,500,000","83,500,000","82,900,000","81,500,000","79,900,000","78,200,000",,,"13,800,000","84,500,000","80,200,000","54,100,000","47,600,000","46,700,000","63,400,000","60,300,000","38,600,000","36,000,000","35,700,000","33,100,000","-21,000,000","52,200,000","17,300,000","16,900,000","18,500,000","14,800,000","40,200,000","26,000,000","600,000","15,100,000","14,800,000","13,800,000","13,300,000","13,000,000","13,700,000","12,100,000","12,100,000","11,500,000","10,500,000","10,000,000","11,100,000","9,400,000",,,,,,,,,,,,,,,,
			SalariesAndWages,,,,,,,,,,,,,,,,,,,,,,,,,,,,,,,,,,,,,,,"263,800,000","261,500,000","260,700,000",,"280,800,000","248,800,000","242,900,000","223,400,000","214,200,000","215,100,000","207,700,000","202,000,000","196,300,000","199,700,000","175,400,000","179,300,000","210,900,000","218,000,000","207,400,000","207,200,000","208,800,000","197,000,000","184,200,000","163,931,000","168,750,000","165,722,000","159,997,000","133,098,000","132,011,000","130,123,000","127,142,000","117,086,000","117,955,000","113,084,000","109,780,000","99,025,000","97,441,000","94,343,000","92,147,000","83,886,000","88,621,000","90,713,000","94,366,000","92,867,000","91,219,000","96,214,000","104,643,000","96,092,000","98,912,000","92,665,000","92,967,000","81,500,000","83,500,000","82,900,000","81,500,000","79,900,000","78,200,000",,,"13,800,000","84,500,000","80,200,000","54,100,000","47,600,000","46,700,000","63,400,000","60,300,000","38,600,000","36,000,000","35,700,000","33,100,000","-21,000,000","52,200,000","17,300,000","16,900,000","18,500,000","14,800,000","40,200,000","26,000,000","600,000","15,100,000","14,800,000","13,800,000","13,300,000","13,000,000","13,700,000","12,100,000","12,100,000","11,500,000","10,500,000","10,000,000","11,100,000","9,400,000",,,,,,,,,,,,,,,,
			RentAndLandingFees,,,,,,,,,,,,,,,,,,"53,700,000","49,000,000","46,800,000","45,400,000","45,300,000","45,300,000","40,800,000","41,400,000","40,700,000","40,300,000","39,900,000","38,300,000","36,600,000","35,900,000","36,000,000","35,400,000","34,800,000","32,900,000","35,100,000","33,000,000",,,,,,,,,,,,,,,,,,,,,,,,,,,,,,,,,,,,,,,,,,,,,,,,,,,,,,,,,,,,,,,,,,,,,,,,,,,,,,,,,,,,,,,,,,,,,,,,,,,,,,,,,,,,,,
			OtherGandA,"868,500,000","248,000,000","204,900,000","211,000,000","204,600,000","190,600,000","190,100,000","197,700,000","182,500,000","217,100,000","181,700,000","179,300,000","171,100,000","177,300,000","170,200,000","166,600,000","165,800,000",,,,,,,,,,,,,,,,,,,,,,"31,000,000",,,,,,,,,,,,,,,,,,,"-207,200,000","-208,800,000","-197,000,000","-184,200,000","-163,931,000","-168,750,000","-165,722,000","-159,997,000","-133,098,000","-132,011,000","-130,123,000","-127,142,000","-117,086,000","-117,955,000","-113,084,000","-109,780,000","-99,025,000","-97,441,000","-94,343,000","-92,147,000","-83,886,000","-88,621,000","-90,713,000","-94,366,000","-92,867,000","-91,219,000","-96,214,000","-104,643,000",,,,,,,,,,,,,,,,,,,,,,,,,,,,,,,,,,,,,,,,,,,,,,,,,,,,,,,,,,,,,,
		SellingAndMarketingExpense,"100,200,000","38,800,000","22,100,000","20,400,000","18,900,000","31,200,000","14,200,000","13,400,000","24,900,000","38,300,000","17,100,000","19,800,000","21,600,000","35,800,000","20,200,000","19,000,000","24,600,000","33,800,000","14,000,000","18,600,000","25,600,000","27,200,000","14,700,000","14,900,000","23,100,000","27,000,000","13,200,000","14,200,000","25,300,000","26,100,000","12,700,000","14,600,000","22,600,000","28,800,000","15,400,000","19,200,000","25,300,000","-43,600,000","41,900,000","19,800,000","25,800,000","25,800,000","19,000,000","20,600,000","25,400,000","24,700,000","18,600,000","20,100,000","23,500,000","23,800,000","13,000,000","13,700,000","22,700,000","30,700,000","16,700,000","20,200,000","36,500,000","35,800,000","18,400,000","21,900,000","31,800,000","30,786,000","17,464,000","21,062,000","27,988,000","28,437,000","15,394,000","18,823,000","23,471,000","24,140,000","12,952,000","16,117,000","21,059,000","20,383,000","9,885,000","12,392,000","16,345,000","16,943,000","10,766,000","14,436,000","16,911,000","17,201,000","10,315,000","15,595,000","21,527,000","26,487,000","15,547,000","21,071,000","25,110,000","24,300,000","13,300,000","16,300,000","20,200,000","22,200,000","13,800,000","17,000,000","20,100,000","22,400,000","13,400,000","13,700,000","17,500,000","16,500,000","11,300,000","14,400,000","16,100,000","13,700,000","7,100,000","6,100,000","7,900,000","8,000,000","6,000,000","6,900,000","10,400,000","9,300,000","6,800,000","6,200,000","7,100,000","6,600,000","5,200,000","5,700,000","8,600,000","6,100,000","3,200,000","3,900,000","4,000,000","3,600,000","2,800,000","3,100,000","4,600,000","3,800,000","2,600,000",,,,,,,,,,,,,,,,
	DepreciationAmortizationDepletionIncomeStatement,,,,,,,,,,,,,,,,,,"36,700,000","35,000,000","36,300,000","35,600,000","33,400,000","34,000,000","33,800,000","32,200,000","31,900,000","33,100,000","32,200,000","29,100,000","28,300,000","28,300,000","28,000,000","27,100,000","25,100,000","22,100,000","21,900,000","21,500,000","21,300,000","20,600,000","19,900,000","19,100,000","19,000,000","18,500,000","17,900,000","16,600,000","15,800,000","15,900,000","15,500,000","15,400,000","15,500,000","16,400,000","16,600,000","16,700,000","15,800,000","15,300,000","15,600,000","15,000,000","13,700,000","12,000,000","14,000,000","13,700,000","13,336,000","11,088,000","10,962,000","11,114,000","11,203,000","10,795,000","10,502,000","9,772,000","9,964,000","10,083,000","9,843,000","10,128,000","10,446,000","11,287,000","11,705,000","11,851,000","50,578,000","0","0","0","7,231,000","7,230,000","7,230,000","7,230,000",,,,,,,,,,,,,,,,,,,,,,,,,,,,,,,,,,,,,,,,,,,,,,,,,,,,,,,,,,,,,,
		DepreciationAndAmortizationInIncomeStatement,,,,,,,,,,,,,,,,,,"36,700,000","35,000,000","36,300,000","35,600,000","33,400,000","34,000,000","33,800,000","32,200,000","31,900,000","33,100,000","32,200,000","29,100,000","28,300,000","28,300,000","28,000,000","27,100,000","25,100,000","22,100,000","21,900,000","21,500,000","21,300,000","20,600,000","19,900,000","19,100,000","19,000,000","18,500,000","17,900,000","16,600,000","15,800,000","15,900,000","15,500,000","15,400,000","15,500,000","16,400,000","16,600,000","16,700,000","15,800,000","15,300,000","15,600,000","15,000,000","13,700,000","12,000,000","14,000,000","13,700,000","13,336,000","11,088,000","10,962,000","11,114,000","11,203,000","10,795,000","10,502,000","9,772,000","9,964,000","10,083,000","9,843,000","10,128,000","10,446,000","11,287,000","11,705,000","11,851,000","50,578,000","0","0","0","7,231,000","7,230,000","7,230,000","7,230,000",,,,,,,,,,,,,,,,,,,,,,,,,,,,,,,,,,,,,,,,,,,,,,,,,,,,,,,,,,,,,,
			DepreciationIncomeStatement,,,,,,,,,,,,,,,,,,,,,,,,,,,,,,,,,,,,,,,"20,600,000","19,900,000","19,100,000",,,"17,900,000","16,600,000","15,800,000","15,900,000","15,500,000",,,,,,,,,,,,,,,,,,,,,,,,,,,,,,,,,,,,,,,,,,,,,,,,,,,,,,,,,,,,,,,,,,,,,,,,,,,,,,,,,,,,,,,,,,,,,,,,,,,
			Amortization,,,,,,,,,,,,,,,,,,,,,,,,,,,,,,,,,,,,,,,,,,,,,,,,,,,,,,,,,,,,,,,,,,,,,,,,,,,,,,"0","0","0","0","7,231,000","7,230,000","7,230,000","7,230,000",,,,,,,,,,,,,,,,,,,,,,,,,,,,,,,,,,,,,,,,,,,,,,,,,,,,,,,,,,,,,,
				AmortizationOfIntangiblesIncomeStatement,,,,,,,,,,,,,,,,,,,,,,,,,,,,,,,,,,,,,,,,,,,,,,,,,,,,,,,,,,,,,,,,,,,,,,,,,,,,,,"0","0","0","0","7,231,000","7,230,000","7,230,000","7,230,000",,,,,,,,,,,,,,,,,,,,,,,,,,,,,,,,,,,,,,,,,,,,,,,,,,,,,,,,,,,,,,
	OtherTaxes,,,,,,,,,,,,,,,,,,,,,,,,,,,,,,,,,,,,,,,,,,,,,,,,,,,,,,,,,,"-335,200,000","-307,200,000","-300,000,000","-289,500,000","-274,138,000","-250,109,000",,"-250,797,000","-230,470,000","-208,851,000","-208,025,000","-209,790,000","-202,008,000","-185,314,000","-181,658,000","-182,790,000","-170,869,000","-152,738,000","-152,646,000","-155,919,000","-147,158,000","-148,629,000","-151,346,000","-155,858,000","-163,783,000","-155,924,000","-171,396,000","-193,112,000","-193,228,000","-185,584,000","-180,184,000","-185,540,000","-169,100,000","-151,600,000","-150,300,000","-150,600,000","-157,800,000","-140,100,000","-140,600,000","-134,800,000","-134,400,000","-125,200,000","-117,000,000","-113,600,000","-108,100,000","-100,600,000","-96,500,000","-93,500,000","-84,600,000","-73,000,000","-69,300,000","-68,700,000","-69,300,000","-64,400,000","-63,000,000","-64,600,000","-61,600,000","-55,700,000","-51,700,000","-50,100,000","-48,800,000","-43,700,000","-43,600,000","-45,500,000","-41,700,000","-37,000,000","-37,500,000","-35,500,000","-33,000,000","-31,800,000","-37,000,000","-30,600,000","-30,700,000","-27,300,000",,,,,,,,,,,,,,,,
	OtherOperatingExpenses,,,,,,,,,,,,,,,,,,"146,600,000","120,400,000","122,100,000","102,700,000","104,900,000","100,300,000","98,900,000","97,400,000","103,500,000","86,600,000","78,800,000","72,500,000","76,400,000","71,400,000","70,800,000","67,800,000","70,400,000","66,300,000","62,900,000","58,000,000","58,500,000","53,500,000","52,500,000","54,600,000","2,900,000","65,900,000","70,900,000","58,300,000","71,500,000","47,200,000","47,800,000","45,200,000","44,900,000","39,100,000","33,900,000","33,700,000","43,000,000","47,400,000","49,200,000","45,000,000","620,900,000","584,000,000","564,100,000","533,500,000","504,134,000","471,666,000","221,052,000","462,492,000","421,300,000","391,513,000","386,725,000","386,337,000","369,912,000","347,593,000","337,356,000","335,218,000","308,463,000","285,136,000","282,013,000","282,793,000","226,795,000","286,492,000","288,256,000","294,805,000","303,134,000","294,303,000","319,967,000","357,467,000",,,,,,,,,,,,,,,,,,,,,,,,,,,,,,,,,,,,,,,,,,,,,,,,,,,,,,,,,,,,,,
OperatingIncome,"3,710,000,000","862,500,000","996,200,000","958,100,000","893,200,000","755,900,000","728,900,000","553,700,000","707,200,000","580,300,000","659,100,000","615,100,000","532,500,000","527,100,000","640,600,000","594,700,000","583,800,000","531,000,000","548,500,000","507,600,000","471,700,000","463,300,000","475,700,000","449,700,000","410,900,000","455,000,000","458,300,000","507,800,000","477,800,000","480,000,000","488,700,000","473,100,000","449,100,000","440,100,000","425,900,000","398,800,000","372,600,000","361,200,000","358,900,000","328,000,000","316,200,000","293,600,000","295,200,000","355,500,000","339,200,000","282,800,000","261,900,000","253,100,000","238,700,000","234,300,000","207,300,000","153,900,000","110,600,000","121,000,000","238,800,000","258,600,000","230,100,000","262,600,000","263,800,000","251,100,000","218,900,000","214,938,000","200,519,000","192,919,000","178,524,000","172,374,000","179,852,000","155,521,000","147,281,000","143,490,000","130,914,000","128,014,000","122,861,000","113,538,000","105,530,000","84,816,000","64,444,000","80,103,000","71,667,000","84,777,000","86,291,000","77,483,000","87,694,000","90,734,000","87,370,000","-657,718,000","374,829,000","367,130,000","383,794,000","348,200,000","314,700,000","296,900,000","294,700,000","290,500,000","266,700,000","345,900,000","325,100,000","305,400,000","227,100,000","203,200,000","210,000,000","203,800,000","192,800,000","162,400,000","149,500,000","155,700,000","143,100,000","132,300,000","125,500,000","183,400,000","103,100,000","131,300,000","129,200,000","123,600,000","112,900,000","78,000,000","85,700,000","107,000,000","85,600,000","82,100,000","81,600,000","78,200,000","73,400,000","71,000,000","65,000,000","57,300,000","62,100,000","66,600,000","58,200,000","58,400,000","55,600,000","39,000,000","37,700,000","133,600,000","36,200,000","35,700,000","33,400,000","127,400,000","33,800,000","34,300,000","31,300,000","109,300,000","29,400,000","28,600,000","24,200,000","88,900,000","21,300,000"
OtherIncomeExpense,"284,600,000","50,100,000","-11,500,000","143,900,000","102,100,000","390,100,000","191,600,000","415,100,000","-500,300,000","170,000,000","43,000,000","124,500,000","202,800,000","-136,700,000","124,900,000","34,100,000","16,100,000","102,000,000","67,300,000","112,000,000","165,000,000","112,200,000","88,300,000","-124,700,000","85,100,000","43,400,000","300,000","33,000,000","26,800,000","38,800,000","5,200,000","26,100,000","42,100,000","31,700,000","11,600,000","1,400,000","18,300,000","16,900,000","41,400,000","7,400,000","5,100,000","12,900,000","1,300,000","-23,300,000","-23,800,000","15,400,000","8,900,000","3,900,000","5,300,000","10,200,000","5,200,000","7,900,000","-36,000,000","-80,100,000","5,700,000","7,800,000","14,300,000","39,000,000","17,900,000","11,700,000","11,800,000","23,344,000","17,007,000","23,491,000","7,558,000","12,608,000","4,369,000","5,426,000","1,960,000","3,353,000","2,234,000","1,271,000","821,000","997,000","256,000","1,368,000","-1,349,000",,,,"358,000","1,828,000","3,168,000","10,406,000","17,392,000",,,,,,,,,,,,,,,,,,,,,,,,,,,,,,,,,,,,,,,,,,,,,,,,,,,,,,,,,,,,,,
	GainOnSaleOfSecurity,"290,500,000","49,800,000","-8,400,000","143,200,000","105,800,000","384,600,000","185,800,000","413,100,000","-484,900,000","163,000,000","43,700,000","124,600,000","202,000,000","-150,200,000","124,800,000","36,500,000","15,200,000","101,300,000","66,400,000","110,800,000","113,700,000","14,000,000","88,300,000","41,700,000","85,100,000","43,400,000","300,000","33,000,000","26,800,000","38,800,000","5,200,000","26,100,000","42,100,000","31,700,000","11,600,000","1,400,000","18,300,000","16,900,000","41,400,000",,,,"1,300,000","5,600,000","3,900,000",,,,,,,,,,,,,,,,,,,,,,,,,,,,,,,,,,,,,,,,,,,,,,,,,,,,,,,,,,,,,,,,,,,,,,,,,,,,,,,,,,,,,,,,,,,,,,,,,,,,,,
	SpecialIncomeCharges,,,,,,,,,,"0",,,,"15,200,000","0","0","0","0","0","0","50,000,000","100,000,000","0","-166,200,000",,,,,,,,,,,,,,,,"7,400,000","5,100,000",,,"-28,900,000","-27,700,000","15,400,000","8,900,000","3,900,000","5,300,000","10,200,000","5,200,000","7,900,000","-36,000,000","-80,100,000","5,700,000","7,800,000","14,300,000","39,000,000","17,900,000","11,700,000","11,800,000","23,344,000","17,007,000","23,491,000","7,558,000","12,608,000","4,369,000","5,426,000","1,960,000","3,353,000","2,234,000","1,271,000","821,000","997,000","256,000","1,368,000","-1,349,000","-8,580,000","0","0","358,000","1,828,000","3,168,000","10,406,000","17,392,000",,,,,,,,,,,,,,,,,,,,,,,,,,,,,,,,,,,,,,,,,,,,,,,,,,,,,,,,,,,,,,
		OtherSpecialCharges,,,,,,,,,,,,,,"-15,200,000",,,,"0",,,"-50,000,000","-100,000,000",,"166,200,000",,,,,,,,,,,,,,,,,,,,,,,,,,,,,,,,,,,,,,,,,,,,,,,,,,,,,,,,,,,,,,,,,,,,,,,,,,,,,,,,,,,,,,,,,,,,,,,,,,,,,,,,,,,,,,,,,,,,,,,,,,,
	OtherNonOperatingIncomeExpenses,"-5,900,000","300,000","-3,100,000","700,000","-3,700,000","5,500,000","5,800,000","2,000,000","-15,400,000","7,000,000","-700,000","-100,000","800,000","-1,700,000","100,000","-2,400,000","900,000","700,000","900,000","1,200,000","1,300,000","-1,800,000",,"-200,000",,,,,,,,,,,,,,,,,,,,,,,,,,,,,,,,,,,,,,,,,,,,,,,,,,,,,,,,,,,,,,,,,,,,,,,,,,,,,,,,,,,,,,,,,,,,,,,,,,,,,,,,,,,,,,,,,,,,,,,,,,,
PretaxIncome,"3,994,600,000","912,600,000","984,700,000","1,102,000,000","995,300,000","1,146,000,000","920,500,000","968,800,000","206,900,000","750,300,000","702,100,000","739,600,000","735,300,000","390,400,000","765,500,000","628,800,000","599,900,000","633,000,000","615,800,000","619,600,000","636,700,000","575,500,000","564,000,000","325,000,000","496,000,000","498,400,000","458,600,000","540,800,000","504,600,000","518,800,000","493,900,000","499,200,000","491,200,000","471,800,000","437,500,000","400,200,000","390,900,000","378,100,000","400,300,000","335,400,000","321,300,000","306,500,000","296,500,000","332,200,000","315,400,000","298,200,000","270,800,000","257,000,000","244,000,000","240,000,000","212,500,000","161,800,000","74,600,000","40,900,000","244,500,000","266,400,000","244,400,000","301,600,000","281,700,000","262,800,000","230,700,000","238,282,000","217,526,000","216,410,000","186,082,000","184,982,000","184,221,000","160,947,000","149,241,000","149,276,000","132,340,000","128,485,000","123,682,000","111,247,000","105,786,000","86,184,000","62,299,000","70,476,000","70,330,000","83,592,000","85,206,000","76,047,000","85,256,000","86,838,000","82,448,000","107,041,000","111,983,000","114,930,000","124,238,000","111,800,000","102,700,000","90,400,000","89,700,000","73,100,000","73,100,000","76,500,000","70,200,000","68,600,000","69,300,000","58,000,000","49,600,000","47,500,000","45,100,000","42,900,000","35,600,000","36,000,000","36,500,000","32,000,000","26,300,000","27,900,000","28,900,000","26,500,000","24,500,000","25,700,000","21,400,000","19,500,000","17,700,000","15,500,000","17,500,000","14,300,000","12,400,000","13,500,000","14,800,000","12,800,000","9,400,000","6,700,000","11,700,000","5,800,000","11,100,000","11,600,000","12,400,000",,,,,,,,,,,,,,,,
TaxProvision,"896,100,000","179,000,000","227,300,000","259,300,000","230,500,000","216,400,000","221,900,000","240,300,000","40,300,000","156,400,000","157,000,000","183,700,000","181,300,000","118,400,000","183,900,000","169,200,000","144,400,000","246,400,000","211,600,000","229,600,000","236,300,000","208,700,000","201,300,000","121,800,000","191,600,000","195,200,000","181,500,000","207,600,000","195,100,000","202,900,000","190,300,000","193,400,000","186,900,000","184,100,000","167,200,000","152,400,000","149,000,000","146,100,000","153,000,000","128,600,000","123,800,000","118,100,000","111,000,000","127,500,000","120,800,000","106,600,000","101,700,000","98,500,000","91,000,000","87,500,000","79,600,000","61,800,000","26,400,000","16,600,000","91,700,000","104,200,000","92,900,000","110,900,000","106,900,000","100,600,000","87,800,000","89,277,000","89,336,000","80,699,000","69,388,000","67,434,000","67,886,000","58,198,000","54,944,000","52,144,000","49,815,000","48,221,000","46,343,000","42,600,000","39,495,000","32,408,000","23,525,000","24,310,000","27,120,000","31,738,000","32,182,000","31,041,000","34,858,000","35,682,000","33,497,000","37,223,000","42,800,000","45,591,000","49,204,000","41,700,000","40,500,000","36,700,000","36,300,000","28,100,000","30,100,000","31,600,000","28,900,000","27,900,000","28,000,000","24,200,000","21,100,000","19,800,000","19,200,000","18,400,000","15,200,000","14,300,000","14,900,000","13,800,000","11,300,000","11,800,000","12,600,000","11,500,000","10,700,000","10,900,000","9,400,000","8,000,000","7,100,000","5,800,000","7,200,000","5,900,000","5,000,000","5,100,000","6,100,000","5,100,000","3,800,000","2,800,000","5,000,000","2,400,000","4,200,000","4,200,000","4,700,000",,,,,,,,,,,,,,,,
NetIncomeCommonStockholders,"3,002,400,000","721,700,000","757,700,000","793,500,000","729,500,000","762,200,000","625,300,000","586,200,000","333,700,000","530,700,000","532,000,000","513,700,000","499,600,000","386,700,000","569,300,000","438,400,000","443,100,000","347,100,000","390,900,000","373,900,000","385,900,000","379,800,000","327,800,000","195,300,000","295,200,000","303,200,000","277,100,000","333,200,000","309,500,000","315,900,000","303,600,000","305,800,000","304,300,000","287,700,000","270,300,000","247,800,000","241,900,000","232,000,000","247,300,000","205,600,000","197,500,000","184,900,000","185,500,000","204,700,000","194,600,000","188,800,000","169,100,000","158,500,000","153,000,000","152,500,000","132,900,000","100,000,000","48,200,000","24,300,000","152,800,000","162,200,000","151,500,000","190,700,000","174,800,000","162,200,000","142,900,000","149,005,000","128,190,000","135,711,000","116,694,000","117,548,000","116,335,000","102,749,000","94,297,000","97,132,000","82,525,000","80,264,000","77,339,000","68,647,000","66,291,000","53,776,000","38,774,000","46,166,000","43,210,000","51,854,000","53,024,000","45,006,000","50,398,000","51,156,000","49,308,000","55,473,000","69,183,000","69,339,000","75,034,000","70,100,000","62,200,000","53,700,000","53,400,000","45,000,000","43,000,000","44,900,000","41,300,000","40,700,000","41,300,000","33,800,000","28,500,000","27,700,000","25,900,000","24,500,000","20,400,000","21,700,000","20,600,000","18,200,000","15,000,000","16,100,000","16,300,000","15,000,000","13,800,000","14,800,000","12,000,000","11,500,000","10,300,000","9,700,000","10,300,000","8,400,000","7,400,000","8,400,000","8,700,000","7,700,000","5,600,000","3,900,000","6,700,000","3,400,000","6,900,000","7,400,000","7,700,000","7,600,000","6,900,000","9,200,000","6,400,000","5,800,000","5,100,000","4,100,000","6,800,000","4,900,000","4,000,000","3,300,000","4,800,000","4,000,000","2,600,000","2,100,000","2,100,000"
	NetIncome,"3,082,900,000","740,600,000","777,200,000","815,700,000","749,400,000","783,400,000","643,200,000","603,000,000","343,100,000","545,300,000","545,900,000","527,500,000","512,600,000","351,900,000","583,000,000","448,900,000","453,700,000","347,100,000","390,900,000","373,900,000","385,900,000","379,800,000","327,800,000","195,300,000","295,200,000","303,200,000","277,100,000","333,200,000","309,500,000","315,900,000","303,600,000","305,800,000","304,300,000","287,700,000","270,300,000","247,800,000","241,900,000","232,000,000","247,300,000","206,800,000","197,500,000","188,400,000","185,500,000","204,700,000","194,600,000","191,600,000","169,100,000","158,500,000","153,000,000","152,500,000","132,900,000","100,000,000","48,200,000","24,300,000","152,800,000","162,200,000","151,500,000","190,700,000","174,800,000","162,200,000","142,900,000","149,005,000","128,190,000","135,711,000","116,694,000","117,548,000","116,335,000","102,749,000","94,297,000","97,132,000","82,525,000","80,264,000","77,339,000","68,647,000","66,291,000","53,776,000","38,774,000","46,166,000","43,210,000","51,854,000","53,024,000","45,006,000","50,398,000","51,156,000","49,308,000","55,473,000","69,183,000","69,339,000","75,034,000","70,100,000","62,200,000","53,700,000","53,400,000","45,000,000","43,000,000","44,900,000","41,300,000","40,700,000","41,300,000","33,800,000","28,500,000","27,700,000","25,900,000","24,500,000","20,400,000","21,700,000","20,600,000","18,200,000","15,000,000","16,100,000","16,300,000","15,000,000","13,800,000","14,800,000","12,000,000","11,500,000","10,300,000","9,700,000","10,300,000","8,400,000","7,400,000","8,400,000","8,700,000","7,700,000","5,600,000","3,900,000","6,700,000","3,400,000","6,900,000","7,400,000","7,700,000","7,600,000","6,900,000","9,200,000","6,400,000","5,800,000","5,100,000","4,100,000","6,800,000","4,900,000","4,000,000","3,300,000","4,800,000","4,000,000","2,600,000","2,100,000","2,100,000"
		NetIncomeIncludingNoncontrollingInterests,"3,098,500,000","733,600,000","757,400,000","842,700,000","764,800,000","929,600,000","698,600,000","728,500,000","166,600,000","593,900,000","545,100,000","555,900,000","554,000,000","272,000,000","581,600,000","459,600,000","455,500,000","386,600,000","404,200,000","390,000,000","400,400,000","366,800,000","362,700,000","203,200,000","304,400,000","303,200,000","277,100,000","333,200,000","309,500,000","315,900,000","303,600,000","305,800,000","304,300,000","287,700,000","270,300,000","247,800,000","241,900,000","232,000,000","247,300,000","206,800,000","197,500,000","188,400,000","185,500,000","204,700,000","194,600,000","191,600,000","169,100,000","158,500,000","153,000,000","152,500,000","132,900,000","100,000,000","48,200,000","24,300,000","152,800,000","162,200,000","151,500,000","190,700,000","174,800,000","162,200,000","142,900,000","149,005,000","128,190,000","135,711,000","116,694,000","117,548,000","116,335,000","102,749,000","94,297,000","97,132,000","82,525,000","80,264,000","77,339,000","68,647,000","66,291,000","53,776,000","38,774,000","46,166,000","43,210,000","51,854,000","53,024,000","45,006,000","50,398,000","51,156,000","49,665,000","84,468,000","66,654,000","63,771,000","68,481,000","66,200,000","56,600,000","48,600,000","47,900,000","41,100,000","37,600,000","39,600,000","35,900,000","36,600,000","36,000,000","28,700,000","23,800,000","23,400,000","21,500,000","20,100,000","17,000,000","18,900,000","16,800,000","14,800,000","12,200,000","12,200,000","12,600,000","12,000,000","10,900,000","12,100,000","10,300,000","10,100,000","9,300,000","8,500,000","9,300,000","7,300,000","6,700,000","7,600,000","7,800,000","6,900,000","5,000,000","3,500,000","5,500,000","2,900,000","6,500,000","7,100,000","7,200,000","7,600,000","6,900,000","9,200,000","6,400,000","5,800,000","5,100,000","4,100,000","6,800,000","4,900,000","4,000,000","3,300,000","4,800,000","4,000,000","2,600,000","2,100,000","2,100,000"
			NetIncomeContinuousOperations,"3,098,500,000","733,600,000","757,400,000","842,700,000","764,800,000","929,600,000","698,600,000","728,500,000","166,600,000","593,900,000","545,100,000","555,900,000","554,000,000","272,000,000","581,600,000","459,600,000","455,500,000","386,600,000","404,200,000","390,000,000","400,400,000","366,800,000","362,700,000","203,200,000","304,400,000","303,200,000","277,100,000","333,200,000","309,500,000","315,900,000","303,600,000","305,800,000","304,300,000","287,700,000","270,300,000","247,800,000","241,900,000","232,000,000","247,300,000","206,800,000","197,500,000","188,400,000","185,500,000","204,700,000","194,600,000","191,600,000","169,100,000","158,500,000","153,000,000","152,500,000","132,900,000","100,000,000","48,200,000","24,300,000","152,800,000","162,200,000","151,500,000","190,700,000","174,800,000","162,200,000","142,900,000","149,005,000","128,190,000","135,711,000","116,694,000","117,548,000","116,335,000","102,749,000","94,297,000","97,132,000","82,525,000","80,264,000","77,339,000","68,647,000","66,291,000","53,776,000","38,774,000","46,166,000","43,210,000","51,854,000","53,024,000","45,006,000","50,398,000","51,156,000","49,308,000","55,473,000","69,183,000","69,339,000","75,034,000","70,100,000","62,200,000","53,700,000","53,400,000","45,000,000","43,000,000","44,900,000","41,300,000","40,700,000","41,300,000","33,800,000","28,500,000","27,700,000","25,900,000","24,500,000","20,400,000","21,700,000","21,600,000","18,200,000","15,000,000","16,100,000","16,300,000","15,000,000","13,800,000","14,800,000","12,000,000","11,500,000","10,600,000","9,700,000","10,300,000","8,400,000","7,400,000","8,400,000","8,700,000","7,700,000","5,600,000","3,900,000","6,700,000","3,400,000","6,900,000","7,400,000","7,700,000","7,600,000","6,900,000","9,200,000","6,400,000","5,800,000","5,100,000","4,100,000","6,800,000","4,900,000","4,000,000","3,300,000","4,800,000","4,000,000","2,600,000","2,100,000","2,100,000"
			NetIncomeExtraordinary,,,,,,,,,,,,,,,,,,,,,,,,,,,,,,,,,,,,,,,,,,,,,,,,,,,,,,,,,,,,,,,,,,,,,,,,,,,,,,,,,,,,,,,,,,,,,,,,,,,,,,,,,,,,,,,,,,"0",,,"-300,000",,,,,,,,,,,,,,,,,,,,,,,,,,,,,,
			NetIncomeFromTaxLossCarryforward,,,,,,,,,,,,,,,,,,,,,,,,,,,,,,,,,,,,,,,,,,,,,,,,,,,,,,,,,,,,,,,,,,,,,,,,,,,,,,,,,,,,,,,,,,,,,,,,,,,,,,,,,,"0","-1,000,000",,,,,,,,,,,,,,,,,,,,,,,,,,,,,,,,,,,,,,,,
		MinorityInterests,"-15,600,000","7,000,000","19,800,000","-27,000,000","-15,400,000","-146,200,000","-55,400,000","-125,500,000","176,500,000","-48,600,000","800,000","-28,400,000","-41,400,000","79,900,000","1,400,000","-10,700,000","-1,800,000","-39,500,000","-13,300,000","-16,100,000","-14,500,000","13,000,000","-34,900,000","-7,900,000","-9,200,000",,,,,,,,,,,,,,,,,,,,,,,,,,,,,,,,,,,,,,,,,,,,,,,,,,,,,"0","0","0","0","0","0","0","-357,000","-28,995,000","2,529,000","5,568,000","6,553,000","3,900,000","5,600,000","5,100,000","5,500,000","3,900,000","5,400,000","5,300,000","5,400,000","4,100,000","5,300,000","5,100,000","4,700,000","4,300,000","4,400,000","4,400,000","3,400,000","2,800,000","3,800,000","3,400,000","2,800,000","3,900,000","3,700,000","3,000,000","2,900,000","2,700,000","1,700,000","1,400,000","1,000,000","1,200,000","1,000,000","1,100,000","700,000","800,000","900,000","800,000","600,000","400,000","1,200,000","500,000","400,000","300,000","500,000",,,,,,,,,,,,,,,,
	OtherunderPreferredStockDividend,"80,500,000","18,900,000","19,500,000","22,200,000","19,900,000","21,200,000","17,900,000","16,800,000","9,400,000","14,600,000","13,900,000","13,800,000","13,000,000","8,800,000","13,700,000","10,500,000","10,600,000",,,,,,,,,,,,,,,,,,,,,,,"1,200,000",,,,,,,,,,,,,,,,,,,,,,,,,,,,,,,,,,,,,,,,,,,,,,,,,,,,,,,,,,,,,,,,,,,,,,,,,,,,,,,,,,,,,,,,,,,,,,,,,,,,,,,,,,,
DilutedNIAvailtoComStockholders,"3,002,400,000","721,700,000","757,700,000","793,500,000","729,500,000","762,200,000","625,300,000","586,200,000","333,700,000","530,700,000","532,000,000","513,700,000","499,600,000","386,700,000","569,300,000","438,400,000","443,100,000","347,100,000","390,900,000","373,900,000","385,900,000","379,800,000","327,800,000","195,300,000","295,200,000","303,200,000","277,100,000","333,200,000","309,500,000","315,900,000","303,600,000","305,800,000","304,300,000","287,700,000","270,300,000","247,800,000","241,900,000","232,000,000","247,300,000","205,600,000","197,500,000","184,900,000","185,500,000","204,700,000","194,600,000","188,800,000","169,100,000","158,500,000","153,000,000","152,500,000","132,900,000","100,000,000","48,200,000","24,300,000","152,800,000","162,200,000","151,500,000","190,700,000","174,800,000","162,200,000","142,900,000","149,005,000","128,190,000","135,711,000","116,694,000","117,548,000","116,335,000","102,749,000","94,297,000","97,132,000","82,525,000","80,264,000","77,339,000","68,647,000","66,291,000","53,776,000","38,774,000","46,166,000","43,210,000","51,854,000","53,024,000","45,006,000","50,398,000","51,156,000","49,308,000","55,473,000","69,183,000","69,339,000","75,034,000","70,100,000","62,200,000","53,700,000","53,400,000","45,000,000","43,000,000","44,900,000","41,300,000","40,700,000","41,300,000","33,800,000","28,500,000","27,700,000","25,900,000","24,500,000","20,400,000","21,700,000","20,600,000","18,200,000","15,000,000","16,100,000","16,300,000","15,000,000","13,800,000","14,800,000","12,000,000","11,500,000","10,300,000","9,700,000","10,300,000","8,400,000","7,400,000","8,400,000","8,700,000","7,700,000","5,600,000","3,900,000","6,700,000","3,400,000","6,900,000","7,400,000","7,700,000","7,600,000","6,900,000","9,200,000","6,400,000","5,800,000","5,100,000","4,100,000","6,800,000","4,900,000","4,000,000","3,300,000","4,800,000","4,000,000","2,600,000","2,100,000","2,100,000"
BasicEPS,,"3.21","3.34","3.5","3.2","3.36","2.75","2.58","1.43","2.27","2.26","2.18","2.11","1.43","2.34","1.81","1.81",,"1.59","1.52","1.56",,"1.3","0.78","1.17",,"1.08","1.28","1.16",,"1.15","1.16","1.16",,"1.03","0.95","0.93",,"0.97","0.81","0.78",,"0.73","0.79","0.75",,"0.66","0.61","0.59",,"0.52","0.39","0.19",,"0.59","0.62","0.58",,"0.66","0.61","0.54",,"0.49","0.51","0.44",,"0.445","0.395","0.36",,"0.325","0.315","0.305",,"0.265","0.22","0.16",,"0.175","0.21","0.215",,"0.205","0.21","0.2",,"0.285","0.285","0.31",,"0.255","0.22","0.22",,"0.18","0.19","0.175",,"0.18","0.145","0.125",,"0.115","0.11","0.09",,"0.085","0.075","0.065",,"0.07","0.065","0.055",,"0.1","0.05","0.04",,"0.045","0.035","0.035",,"0.04","0.035","0.025",,"0.03","0.015","0.03",,"0.035","0.035","0.03",,"0.03","0.025","0.025",,"0.03","0.025","0.02",,"0.025","0.02","0.015",,"0.01"
DilutedEPS,,"3.18","3.31","3.46","3.17","3.33","2.73","2.55","1.41","2.24","2.23","2.15","2.09","1.41","2.3","1.77","1.77",,"1.56","1.5","1.54",,"1.28","0.76","1.15",,"1.06","1.24","1.13",,"1.12","1.13","1.12",,"1","0.92","0.91",,"0.94","0.79","0.75",,"0.71","0.76","0.72",,"0.64","0.59","0.57",,"0.5","0.38","0.19",,"0.56","0.6","0.55",,"0.63","0.58","0.51",,"0.46","0.49","0.42",,"0.425","0.38","0.345",,"0.31","0.3","0.29",,"0.255","0.21","0.155",,"0.17","0.2","0.205",,"0.195","0.2","0.19",,"0.265","0.27","0.29",,"0.24","0.205","0.205",,"0.165","0.17","0.16",,"0.16","0.135","0.115",,"0.105","0.1","0.085",,"0.085","0.075","0.065",,"0.07","0.065","0.055",,"0.1","0.05","0.04",,"0.045","0.035","0.035",,"0.04","0.035","0.025",,"0.03","0.015","0.03",,"0.035","0.035","0.03",,"0.03","0.025","0.025",,"0.03","0.025","0.02",,"0.025","0.02","0.015",,"0.01"
BasicAverageShares,,"224,900,000","226,900,000","226,900,000","227,700,000","226,800,000","227,000,000","227,400,000","234,100,000","234,100,000","234,900,000","235,900,000","236,600,000","239,700,000","242,800,000","242,200,000","244,300,000",,"240,300,000","239,800,000","242,100,000",,"245,600,000","246,900,000","246,700,000",,"252,700,000","257,700,000","258,700,000",,"259,700,000","260,700,000","260,400,000",,"258,700,000","258,200,000","256,900,000",,"253,000,000","253,400,000","258,700,000",,"253,700,000","258,000,000","258,200,000",,"255,500,000","258,200,000","258,200,000",,"256,100,000","255,200,000","255,400,000",,"258,700,000","259,600,000","261,700,000",,"264,200,000","265,400,000","265,400,000",,"262,343,000","264,767,000","264,030,000",,"260,012,000","259,630,000","260,532,000",,"254,858,000","253,952,000","252,192,000",,"248,026,000","245,014,000","244,884,000",,"244,792,000","246,272,000","247,062,000",,"246,566,000","246,164,000","245,502,000",,"242,850,000","241,860,000","240,838,000",,"243,921,569","244,090,909","242,727,273",,"238,888,889","236,315,789","236,000,000",,"229,444,444","233,103,448","228,000,000",,"225,217,391","222,727,273","226,666,667",,"242,352,941","242,666,667","230,769,231",,"232,857,143","230,769,231","250,909,091",,"242,222,222","230,000,000","257,500,000",,"228,888,889","240,000,000","211,428,571",,"217,500,000","220,000,000","224,000,000",,"223,333,333","226,666,667","230,000,000",,"220,000,000","217,142,857","230,000,000",,"213,333,333","232,000,000","204,000,000",,"226,666,667","196,000,000","200,000,000",,"192,000,000","200,000,000","173,333,333",,"210,000,000"
DilutedAverageShares,,"226,900,000","229,100,000","229,200,000","230,000,000","229,200,000","229,400,000","229,500,000","236,800,000","237,400,000","238,200,000","239,200,000","239,600,000","242,900,000","247,500,000","247,400,000","249,800,000",,"244,400,000","243,000,000","245,500,000",,"250,100,000","252,100,000","251,500,000",,"258,600,000","264,600,000","265,700,000",,"267,400,000","268,700,000","268,600,000",,"266,500,000","266,200,000","264,900,000",,"260,300,000","260,600,000","268,500,000",,"260,000,000","266,700,000","266,200,000",,"261,800,000","265,700,000","266,200,000",,"263,600,000","261,700,000","259,000,000",,"270,800,000","272,400,000","273,500,000",,"278,200,000","280,000,000","279,800,000",,"277,630,000","279,684,000","277,962,000",,"272,864,000","271,430,000","273,484,000",,"266,610,000","267,026,000","267,554,000",,"260,144,000","253,688,000","251,038,000",,"252,102,000","257,360,000","260,376,000",,"258,568,000","258,116,000","258,952,000",,"261,000,000","258,670,000","256,798,000",,"259,166,667","261,951,220","260,487,805",,"260,606,061","264,117,647","258,125,000",,"258,125,000","250,370,370","247,826,087",,"246,666,667","245,000,000","240,000,000",,"242,352,941","242,666,667","230,769,231",,"232,857,143","230,769,231","250,909,091",,"242,222,222","230,000,000","257,500,000",,"228,888,889","240,000,000","211,428,571",,"217,500,000","220,000,000","224,000,000",,"223,333,333","226,666,667","230,000,000",,"220,000,000","217,142,857","230,000,000",,"213,333,333","232,000,000","204,000,000",,"226,666,667","196,000,000","200,000,000",,"192,000,000","200,000,000","173,333,333",,"210,000,000"
TotalOperatingIncomeAsReported,"3,710,000,000","862,500,000","996,200,000","958,100,000","893,200,000","755,900,000","728,900,000","553,700,000","707,200,000","580,300,000","659,100,000","615,100,000","532,500,000","542,300,000","640,600,000","594,700,000","583,800,000","531,000,000","548,500,000","507,600,000","521,700,000","563,300,000","475,700,000","283,500,000","410,900,000","455,000,000","458,300,000","507,800,000","477,800,000","480,000,000","488,700,000","473,100,000","449,100,000","440,100,000","425,900,000","398,800,000","372,600,000","361,200,000","358,900,000","328,000,000","316,200,000","293,600,000","295,200,000","326,600,000","311,500,000","282,800,000","261,900,000","253,100,000","238,700,000","229,800,000","207,300,000","153,900,000","110,600,000","121,000,000","238,800,000","258,600,000","230,100,000","262,600,000","263,800,000","251,100,000","218,900,000","214,938,000","200,519,000","192,919,000","178,524,000","172,374,000","179,852,000","155,521,000","147,281,000","143,490,000","130,914,000","128,014,000","122,861,000","110,250,000","105,530,000","84,816,000","64,444,000","77,776,000","71,667,000","84,777,000","86,291,000","77,483,000","87,694,000","90,734,000","87,370,000",,,,,,,,,,,,,,,,,,,,,,,,,,,,,,,,,,,,,,,,,,,,,,,,,,,,,,,,,,,,,,
RentExpenseSupplemental,,,,,,,,,,,,,,,,,,"53,700,000","49,000,000","46,800,000","45,400,000","45,300,000","45,300,000","40,800,000","41,400,000","40,700,000","40,300,000","39,900,000","38,300,000","36,600,000","35,900,000","36,000,000","35,400,000","34,800,000","32,900,000","35,100,000","33,000,000",,,,,,,,,,,,,,,,,,,,,,,,,,,,,,,,,,,,,,,,,,,,,,,,,,,,,,,,,,,,,,,,,,,,,,,,,,,,,,,,,,,,,,,,,,,,,,,,,,,,,,,,,,,,,,
TotalExpenses,"3,961,900,000","1,099,200,000","957,900,000","971,200,000","933,600,000","977,000,000","866,900,000","861,700,000","755,400,000","888,400,000","767,600,000","780,100,000","794,800,000","777,900,000","754,000,000","750,300,000","744,200,000","755,100,000","673,200,000","664,000,000","641,900,000","627,900,000","617,200,000","595,000,000","583,200,000","597,200,000","590,700,000","564,600,000","549,200,000","542,400,000","532,100,000","511,200,000","505,500,000","489,700,000","458,500,000","455,500,000","443,100,000","426,100,000","410,800,000","408,800,000","412,500,000","378,000,000","384,200,000","358,200,000","343,200,000","364,700,000","324,200,000","324,300,000","317,500,000","312,800,000","290,800,000","288,300,000","273,900,000","294,900,000","316,000,000","327,900,000","329,000,000","335,200,000","307,200,000","300,000,000","289,500,000","274,118,000","250,109,000","253,076,000","250,797,000","230,470,000","208,851,000","208,025,000","209,790,000","202,008,000","185,314,000","181,658,000","183,615,000","168,423,000","153,570,000","153,464,000","155,070,000","147,158,000","148,629,000","151,346,000","155,858,000","163,783,000","155,924,000","171,396,000","193,112,000","949,328,000","-71,125,000","-66,448,000","-67,463,000","-63,300,000","-54,800,000","-51,100,000","-48,900,000","-55,700,000","-48,100,000","-123,600,000","-114,700,000","-98,200,000","-27,300,000","-23,100,000","-42,000,000","-44,000,000","-42,600,000","-18,700,000","-17,100,000","-32,300,000","-29,900,000","-27,500,000","-27,700,000","-82,300,000","-6,200,000","-38,800,000","-37,300,000","-33,800,000","-34,100,000","-5,300,000","-17,000,000","-41,600,000","-23,400,000","-23,100,000","-23,100,000","-22,300,000","-20,800,000","-19,900,000","-19,400,000","-17,300,000","-17,500,000","-23,400,000","-16,000,000","-15,800,000","-15,300,000",,,,,,,,,,,,,,,,
NetIncomeFromContinuingAndDiscontinuedOperation,"3,082,900,000","740,600,000","777,200,000","815,700,000","749,400,000","783,400,000","643,200,000","603,000,000","343,100,000","545,300,000","545,900,000","527,500,000","512,600,000","351,900,000","583,000,000","448,900,000","453,700,000","347,100,000","390,900,000","373,900,000","385,900,000","379,800,000","327,800,000","195,300,000","295,200,000","303,200,000","277,100,000","333,200,000","309,500,000","315,900,000","303,600,000","305,800,000","304,300,000","287,700,000","270,300,000","247,800,000","241,900,000","232,000,000","247,300,000","206,800,000","197,500,000","188,400,000","185,500,000","204,700,000","194,600,000","191,600,000","169,100,000","158,500,000","153,000,000","152,500,000","132,900,000","100,000,000","48,200,000","24,300,000","152,800,000","162,200,000","151,500,000","190,700,000","174,800,000","162,200,000","142,900,000","149,005,000","128,190,000","135,711,000","116,694,000","117,548,000","116,335,000","102,749,000","94,297,000","97,132,000","82,525,000","80,264,000","77,339,000","68,647,000","66,291,000","53,776,000","38,774,000","46,166,000","43,210,000","51,854,000","53,024,000","45,006,000","50,398,000","51,156,000","49,308,000","55,473,000","69,183,000","69,339,000","75,034,000","70,100,000","62,200,000","53,700,000","53,400,000","45,000,000","43,000,000","44,900,000","41,300,000","40,700,000","41,300,000","33,800,000","28,500,000","27,700,000","25,900,000","24,500,000","20,400,000","21,700,000","21,600,000","18,200,000","15,000,000","16,100,000","16,300,000","15,000,000","13,800,000","14,800,000","12,000,000","11,500,000","10,600,000","9,700,000","10,300,000","8,400,000","7,400,000","8,400,000","8,700,000","7,700,000","5,600,000","3,900,000","6,700,000","3,400,000","6,900,000","7,400,000","7,700,000","7,600,000","6,900,000","9,200,000","6,400,000","5,800,000","5,100,000","4,100,000","6,800,000","4,900,000","4,000,000","3,300,000","4,800,000","4,000,000","2,600,000","2,100,000","2,100,000"
NormalizedIncome,"2,857,472,000","700,567,915.845","783,659,600","706,152,000","668,145,600","471,424,293.194","502,177,800","292,348,800","733,444,500","416,277,342.396","511,988,800","433,800,800","360,494,000","445,957,377.049","488,152,000","422,218,500","442,163,200","285,231,785.15","347,341,600","304,206,800","282,932,700","307,141,094.7","271,023,100","273,112,500","242,948,600","276,797,752.809","276,918,500","312,872,000","293,071,600","292,274,479.568","300,402,000","289,800,700","278,198,000","268,369,584.57","263,131,200","246,933,400","230,572,300","221,630,256.546","221,723,632.276","202,237,328.563","194,365,079.365","180,470,603.589","184,686,677.909","219,057,344.973","209,284,464.172","181,705,164.319","163,542,429.838","156,094,747.082","149,676,639.344","146,018,750","129,647,858.824","95,117,428.925","71,460,053.619","76,365,000","149,237,791.411","157,450,900.901","142,635,638.298","166,040,517.241","163,692,722.755","154,978,767.123","135,590,853.923","134,407,285.024","117,985,800","120,979,762.529","111,954,297.869","109,536,165.422","113,575,989.817","99,285,026.928","93,058,586.159","94,950,245.425","81,131,915.143","79,470,012.033","76,825,624.416","68,031,782.88","66,130,577.109","52,922,412.698","39,613,598.164","51,786,413.758","43,210,000","51,854,000","52,801,215.313","43,909,200","48,497,200","44,912,400","38,872,800","55,473,000","69,183,000","69,339,000","75,034,000","70,100,000","62,200,000","53,700,000","53,400,000","45,000,000","43,000,000","44,900,000","41,300,000","40,700,000","41,300,000","33,800,000","28,500,000","27,700,000","25,900,000","24,500,000","20,400,000","21,700,000","21,600,000","18,200,000","15,000,000","16,100,000","16,300,000","15,000,000","13,800,000","14,800,000","12,000,000","11,500,000","10,600,000","9,700,000","10,300,000","8,400,000","7,400,000","8,400,000","8,700,000","7,700,000","5,600,000","3,900,000","6,700,000","3,400,000","6,900,000","7,400,000","7,700,000","7,600,000","6,900,000","9,200,000","6,400,000","5,800,000","5,100,000","4,100,000","6,800,000","4,900,000","4,000,000","3,300,000","4,800,000","4,000,000","2,600,000","2,100,000","2,100,000"
EBIT,"3,710,000,000","862,500,000","996,200,000","958,100,000","893,200,000","755,900,000","728,900,000","553,700,000","707,200,000","580,300,000","659,100,000","615,100,000","532,500,000","527,100,000","640,600,000","594,700,000","583,800,000","531,000,000","548,500,000","507,600,000","471,700,000","463,300,000","475,700,000","449,700,000","410,900,000","455,000,000","458,300,000","507,800,000","477,800,000","480,000,000","488,700,000","473,100,000","449,100,000","440,100,000","425,900,000","398,800,000","372,600,000","361,200,000","358,900,000","328,000,000","316,200,000","293,600,000","295,200,000","355,500,000","339,200,000","282,800,000","261,900,000","253,100,000","238,700,000","234,300,000","207,300,000","153,900,000","110,600,000","121,000,000","238,800,000","258,600,000","230,100,000","262,600,000","263,800,000","251,100,000","218,900,000","214,938,000","200,519,000","192,919,000","178,524,000","172,374,000","179,852,000","155,521,000","147,281,000","143,490,000","130,914,000","128,014,000","122,861,000","113,538,000","105,530,000","84,816,000","64,444,000","80,103,000","71,667,000","84,777,000","86,291,000","77,483,000","87,694,000","90,734,000","87,370,000","-657,718,000","374,829,000","367,130,000","383,794,000","348,200,000","314,700,000","296,900,000","294,700,000","290,500,000","266,700,000","345,900,000","325,100,000","305,400,000","227,100,000","203,200,000","210,000,000","203,800,000","192,800,000","162,400,000","149,500,000","155,700,000","143,100,000","132,300,000","125,500,000","183,400,000","103,100,000","131,300,000","129,200,000","123,600,000","112,900,000","78,000,000","85,700,000","107,000,000","85,600,000","82,100,000","81,600,000","78,200,000","73,400,000","71,000,000","65,000,000","57,300,000","62,100,000","66,600,000","58,200,000","58,400,000","55,600,000","39,000,000","37,700,000","133,600,000","36,200,000","35,700,000","33,400,000","127,400,000","33,800,000","34,300,000","31,300,000","109,300,000","29,400,000","28,600,000","24,200,000","88,900,000","21,300,000"
EBITDA,"3,914,800,000"
ReconciledCostOfRevenue,"2,993,200,000","812,400,000","730,900,000","739,800,000","710,100,000","755,200,000","662,600,000","650,600,000","548,000,000","633,000,000","568,800,000","581,000,000","602,100,000","564,800,000","563,600,000","564,700,000","553,800,000","484,300,000","454,800,000","440,200,000","432,600,000","417,100,000","422,900,000","406,600,000","389,100,000","394,100,000","417,500,000","399,500,000","384,000,000","375,000,000","383,800,000","361,800,000","352,600,000","330,500,000","321,700,000","316,300,000","305,200,000","1,143,600,000","0","55,000,000","52,200,000","189,500,000","0","0","0","29,200,000","28,200,000","25,700,000","25,600,000","26,400,000","25,900,000","24,300,000","25,300,000","26,000,000","25,500,000","24,800,000","24,900,000",,,,,,,,,,,,,,,,,,,,,,,,,,,,,,,,,,,,,,,,,,,,,,,,,,,,,,,,,,,,,,,,,,,,,,,,,,,,,,,,,,,,,,,,,,
ReconciledDepreciation,"204,800,000","53,700,000","51,700,000","50,400,000","49,000,000","45,600,000","49,700,000","48,200,000","46,100,000","59,100,000","45,700,000","44,100,000","41,900,000","44,600,000","40,200,000","37,800,000","36,900,000","36,700,000","35,000,000","36,300,000","35,600,000","33,400,000","34,000,000","33,800,000","32,200,000","31,900,000","33,100,000","32,200,000","29,100,000","28,300,000","28,300,000","28,000,000","27,100,000","25,200,000","22,200,000","22,000,000","21,600,000","21,400,000","20,700,000","20,000,000","19,200,000","19,100,000","18,600,000","18,000,000","16,700,000","15,900,000","16,000,000","15,600,000","15,500,000","15,700,000","16,500,000","16,700,000","16,800,000","15,900,000","15,500,000","15,700,000","15,200,000","13,700,000","12,000,000","14,000,000","13,700,000","13,336,000","11,088,000","10,962,000","11,114,000","11,203,000","10,795,000","10,502,000","9,772,000","9,964,000","10,083,000","9,843,000","10,128,000","10,446,000","11,287,000","11,705,000","11,851,000","12,124,000","12,712,000","12,991,000","12,751,000","20,358,000","20,220,000","20,524,000","19,386,000","19,077,000","14,964,000","10,177,000","9,474,000","9,100,000","8,100,000","7,800,000","7,600,000","8,300,000","8,400,000","8,000,000","7,900,000","9,600,000","8,300,000","6,000,000","5,100,000","5,000,000","5,500,000","4,100,000","3,500,000","4,900,000","3,400,000","3,200,000","3,100,000","1,500,000","3,000,000","2,800,000","2,800,000","900,000","3,500,000","1,800,000","1,800,000","1,800,000","2,000,000","1,800,000","1,800,000","1,700,000","1,900,000","1,900,000","1,600,000","1,400,000","1,700,000","1,600,000","1,500,000","1,600,000",,,,,,,,,,,,,,,,,
NetIncomeFromContinuingOperationNetMinorityInterest,"3,082,900,000","740,600,000","777,200,000","815,700,000","749,400,000","783,400,000","643,200,000","603,000,000","343,100,000","545,300,000","545,900,000","527,500,000","512,600,000","351,900,000","583,000,000","448,900,000","453,700,000","347,100,000","390,900,000","373,900,000","385,900,000","379,800,000","327,800,000","195,300,000","295,200,000","303,200,000","277,100,000","333,200,000","309,500,000","315,900,000","303,600,000","305,800,000","304,300,000","287,700,000","270,300,000","247,800,000","241,900,000","232,000,000","247,300,000","206,800,000","197,500,000","188,400,000","185,500,000","204,700,000","194,600,000","191,600,000","169,100,000","158,500,000","153,000,000","152,500,000","132,900,000","100,000,000","48,200,000","24,300,000","152,800,000","162,200,000","151,500,000","190,700,000","174,800,000","162,200,000","142,900,000","149,005,000","128,190,000","135,711,000","116,694,000","117,548,000","116,335,000","102,749,000","94,297,000","97,132,000","82,525,000","80,264,000","77,339,000","68,647,000","66,291,000","53,776,000","38,774,000","46,166,000","43,210,000","51,854,000","53,024,000","45,006,000","50,398,000","51,156,000","49,308,000","55,473,000","69,183,000","69,339,000","75,034,000","70,100,000","62,200,000","53,700,000","53,400,000","45,000,000","43,000,000","44,900,000","41,300,000","40,700,000","41,300,000","33,800,000","28,500,000","27,700,000","25,900,000","24,500,000","20,400,000","21,700,000","21,600,000","18,200,000","15,000,000","16,100,000","16,300,000","15,000,000","13,800,000","14,800,000","12,000,000","11,500,000","10,600,000","9,700,000","10,300,000","8,400,000","7,400,000","8,400,000","8,700,000","7,700,000","5,600,000","3,900,000","6,700,000","3,400,000","6,900,000","7,400,000","7,700,000","7,600,000","6,900,000","9,200,000","6,400,000","5,800,000","5,100,000","4,100,000","6,800,000","4,900,000","4,000,000","3,300,000","4,800,000","4,000,000","2,600,000","2,100,000","2,100,000"
TotalUnusualItemsExcludingGoodwill,"290,500,000","49,800,000","-8,400,000","143,200,000","105,800,000","384,600,000","185,800,000","413,100,000","-484,900,000","163,000,000","43,700,000","124,600,000","202,000,000","-135,000,000","124,800,000","36,500,000","15,200,000","101,300,000","66,400,000","110,800,000","163,700,000","114,000,000","88,300,000","-124,500,000","85,100,000","43,400,000","300,000","33,000,000","26,800,000","38,800,000","5,200,000","26,100,000","42,100,000","31,700,000","11,600,000","1,400,000","18,300,000","16,900,000","41,400,000","7,400,000","5,100,000","12,900,000","1,300,000","-23,300,000","-23,800,000","15,400,000","8,900,000","3,900,000","5,300,000","10,200,000","5,200,000","7,900,000","-36,000,000","-80,100,000","5,700,000","7,800,000","14,300,000","39,000,000","17,900,000","11,700,000","11,800,000","23,344,000","17,007,000","23,491,000","7,558,000","12,608,000","4,369,000","5,426,000","1,960,000","3,353,000","2,234,000","1,271,000","821,000","997,000","256,000","1,368,000","-1,349,000","-8,580,000","0","0","358,000","1,828,000","3,168,000","10,406,000","17,392,000",,,,,,,,,,,,,,,,,,,,,,,,,,,,,,,,,,,,,,,,,,,,,,,,,,,,,,,,,,,,,,
TotalUnusualItems,"290,500,000","49,800,000","-8,400,000","143,200,000","105,800,000","384,600,000","185,800,000","413,100,000","-484,900,000","163,000,000","43,700,000","124,600,000","202,000,000","-135,000,000","124,800,000","36,500,000","15,200,000","101,300,000","66,400,000","110,800,000","163,700,000","114,000,000","88,300,000","-124,500,000","85,100,000","43,400,000","300,000","33,000,000","26,800,000","38,800,000","5,200,000","26,100,000","42,100,000","31,700,000","11,600,000","1,400,000","18,300,000","16,900,000","41,400,000","7,400,000","5,100,000","12,900,000","1,300,000","-23,300,000","-23,800,000","15,400,000","8,900,000","3,900,000","5,300,000","10,200,000","5,200,000","7,900,000","-36,000,000","-80,100,000","5,700,000","7,800,000","14,300,000","39,000,000","17,900,000","11,700,000","11,800,000","23,344,000","17,007,000","23,491,000","7,558,000","12,608,000","4,369,000","5,426,000","1,960,000","3,353,000","2,234,000","1,271,000","821,000","997,000","256,000","1,368,000","-1,349,000","-8,580,000","0","0","358,000","1,828,000","3,168,000","10,406,000","17,392,000",,,,,,,,,,,,,,,,,,,,,,,,,,,,,,,,,,,,,,,,,,,,,,,,,,,,,,,,,,,,,,
NormalizedEBITDA,"3,624,300,000","866,400,000","1,056,300,000","865,300,000","836,400,000","416,900,000","592,800,000","188,800,000","1,238,200,000","476,400,000","661,100,000","534,600,000","372,400,000","706,700,000","556,000,000","596,000,000","605,500,000","466,400,000","517,100,000","433,100,000","343,600,000","382,700,000","421,400,000","608,000,000","358,000,000","443,500,000","491,100,000","507,000,000","480,100,000","469,500,000","511,800,000","475,000,000","434,100,000","433,600,000","436,500,000","419,400,000","375,900,000","365,700,000","338,200,000","340,600,000","330,300,000","299,800,000","312,500,000","396,800,000","379,700,000","283,300,000","269,000,000","264,800,000","248,900,000","239,800,000","218,600,000","162,700,000","163,400,000","217,000,000","248,600,000","266,500,000","231,000,000","237,300,000","257,900,000","253,400,000","220,800,000","204,930,000","194,600,000","180,390,000","182,080,000","170,969,000","186,278,000","160,597,000","155,093,000","150,101,000","138,763,000","136,586,000","132,168,000","122,987,000","116,561,000","95,153,000","77,644,000","139,261,000","84,379,000","97,768,000","98,684,000","96,013,000","104,746,000","100,852,000","89,364,000","-638,641,000","389,793,000","377,307,000","393,268,000","357,300,000","322,800,000","304,700,000","302,300,000","298,800,000","275,100,000","353,900,000","333,000,000","315,000,000","235,400,000","209,200,000","215,100,000","208,800,000","198,300,000","166,500,000","153,000,000","160,600,000","146,500,000","135,500,000","128,600,000","184,900,000","106,100,000","134,100,000","132,000,000","124,500,000","116,400,000","79,800,000","87,500,000","108,800,000","87,600,000","83,900,000","83,400,000","79,900,000","75,300,000","72,900,000","66,600,000","58,700,000","63,800,000","68,200,000","59,700,000","60,000,000","55,600,000","39,000,000","37,700,000","133,600,000","36,200,000","35,700,000","33,400,000","127,400,000","33,800,000","34,300,000","31,300,000","109,300,000","29,400,000","28,600,000","24,200,000","88,900,000","21,300,000"
TaxRateForCalcs,"0.224","0.196","0.231","0.235","0.232","0.189","0.241","0.248","0.195","0.208","0.224","0.248","0.247","0.303","0.24","0.269","0.241","0.389","0.344","0.371","0.371","0.363","0.357","0.375","0.386","0.392","0.395","0.384","0.387","0.391","0.385","0.387","0.38","0.39","0.382","0.381","0.381","0.386","0.382","0.383","0.385","0.385","0.374","0.384","0.383","0.357","0.376","0.383","0.373","0.365","0.375","0.382","0.354","0.35","0.375","0.391","0.38","0.368","0.379","0.383","0.381","0.375","0.4","0.373","0.373","0.365","0.369","0.362","0.368","0.349","0.376","0.375","0.375","0.383","0.373","0.376","0.378","0.345","0.386","0.38","0.378","0.4","0.4","0.4","0.4","0.348","0.382","0.397","0.396","0.373","0.394","0.4","0.4","0.384","0.4","0.4","0.4","0.4","0.4","0.4","0.4","0.4","0.4","0.4","0.4","0.397","0.4","0.4","0.4","0.4","0.4","0.4","0.4","0.4","0.4","0.4","0.4","0.374","0.4","0.4","0.4","0.378","0.4","0.398","0.4","0.4","0.4","0.4","0.378","0.362","0.379","0.4","0.4","0.4","0.4","0.4","0.4","0.4","0.4","0.4","0.4","0.4","0.4","0.4","0.4","0.4","0.4"
TaxEffectOfUnusualItems,"65,072,000","9,767,915.845","-1,940,400","33,652,000","24,545,600","72,624,293.194","44,777,800","102,448,800","-94,555,500","33,977,342.396","9,788,800","30,900,800","49,894,000","-40,942,622.951","29,952,000","9,818,500","3,663,200","39,431,785.15","22,841,600","41,106,800","60,732,700","41,341,094.7","31,523,100","-46,687,500","32,848,600","16,997,752.809","118,500","12,672,000","10,371,600","15,174,479.568","2,002,000","10,100,700","15,998,000","12,369,584.57","4,431,200","533,400","6,972,300","6,530,256.546","15,823,632.276","2,837,328.563","1,965,079.365","4,970,603.589","486,677.909","-8,942,655.027","-9,115,535.828","5,505,164.319","3,342,429.838","1,494,747.082","1,976,639.344","3,718,750","1,947,858.824","3,017,428.925","-12,739,946.381","-28,035,000","2,137,791.411","3,050,900.901","5,435,638.298","14,340,517.241","6,792,722.755","4,478,767.123","4,490,853.923","8,746,285.024","6,802,800","8,759,762.529","2,818,297.869","4,596,165.422","1,609,989.817","1,962,026.928","721,586.159","1,171,245.425","840,915.143","477,012.033","307,624.416","381,782.88","95,577.109","514,412.698","-509,401.836","-2,959,586.242","0","0","135,215.313","731,200","1,267,200","4,162,400","6,956,800","0","0","0","0","0","0","0","0","0","0","0","0","0","0","0","0","0","0","0","0","0","0","0","0","0","0","0","0","0","0","0","0","0","0","0","0","0","0","0","0","0","0","0","0","0","0","0","0","0","0","0","0","0","0","0","0","0","0","0","0","0","0"