name,ttm,12/31/2021,09/30/2021,06/30/2021,03/31/2021,12/31/2020,09/30/2020,06/30/2020,03/31/2020,12/31/2019,09/30/2019,06/30/2019,03/31/2019,12/31/2018,09/30/2018,06/30/2018,03/31/2018,12/31/2017,09/30/2017,06/30/2017,03/31/2017,12/31/2016,09/30/2016,06/30/2016,03/31/2016,12/31/2015,09/30/2015,06/30/2015,03/31/2015,12/31/2014,09/30/2014,06/30/2014,03/31/2014,12/31/2013,09/30/2013,06/30/2013,03/31/2013,12/31/2012,09/30/2012,06/30/2012,03/31/2012,12/31/2011,09/30/2011,06/30/2011,03/31/2011,12/31/2010,09/30/2010,06/30/2010,03/31/2010,12/31/2009,09/30/2009,06/30/2009,03/31/2009,12/31/2008,09/30/2008,06/30/2008,03/31/2008,12/31/2007,09/30/2007,06/30/2007,03/31/2007,12/31/2006,09/30/2006,06/30/2006,03/31/2006,12/31/2005,09/30/2005,06/30/2005,03/31/2005,12/31/2004,09/30/2004,06/30/2004,03/31/2004,12/31/2003,09/30/2003,06/30/2003,03/31/2003,12/31/2002,09/30/2002,06/30/2002,03/31/2002,12/31/2001,09/30/2001,06/30/2001,03/31/2001,12/31/2000,09/30/2000,06/30/2000,03/31/2000,12/31/1999,09/30/1999,06/30/1999,03/31/1999,12/31/1998,09/30/1998,06/30/1998,03/31/1998,12/31/1997,09/30/1997,06/30/1997,03/31/1997,12/31/1996,09/30/1996,06/30/1996,03/31/1996,12/31/1995,09/30/1995,06/30/1995,03/31/1995,12/31/1994,09/30/1994,06/30/1994,03/31/1994,12/31/1993,09/30/1993,06/30/1993,03/31/1993,12/31/1992,09/30/1992,06/30/1992,03/31/1992,12/31/1991,09/30/1991,06/30/1991,03/31/1991,12/31/1990,09/30/1990,06/30/1990,03/31/1990,12/31/1989,09/30/1989,06/30/1989,03/31/1989,12/31/1988,09/30/1988,06/30/1988,03/31/1988,12/31/1987,09/30/1987,06/30/1987,03/31/1987,12/31/1986,09/30/1986,06/30/1986,03/31/1986,12/31/1985,09/30/1985
TotalRevenue,"34,816,000,000","9,011,000,000","8,805,000,000","8,687,000,000","8,313,000,000","8,397,000,000","8,275,000,000","7,401,000,000","7,908,000,000","8,063,000,000","8,013,000,000","7,834,000,000","7,671,000,000","7,796,000,000","7,723,000,000","7,477,000,000","7,286,000,000","7,451,000,000","7,325,000,000","7,184,000,000","6,942,000,000","7,193,000,000","6,961,000,000","6,785,000,000","6,686,000,000","6,674,000,000","6,794,000,000","6,706,000,000","6,626,000,000","6,783,000,000","6,886,000,000","6,785,000,000","6,708,000,000","6,737,000,000","6,452,000,000","6,674,000,000","6,328,000,000","6,477,000,000","6,512,000,000","6,359,000,000","6,392,000,000","6,373,000,000","6,407,000,000","6,388,000,000","6,278,000,000","6,332,000,000","6,482,000,000","6,179,000,000","6,119,000,000","6,456,000,000","6,327,000,000","6,162,000,000","5,735,000,000","5,805,000,000","6,145,000,000","6,295,000,000","6,232,000,000","6,491,000,000","6,526,000,000","6,573,000,000","6,427,000,000","6,469,000,000","6,316,000,000","6,255,000,000","6,050,000,000","6,181,000,000","6,042,000,000","6,037,000,000","6,105,000,000","6,365,000,000","6,261,000,000","6,181,000,000","4,127,500,000","2,323,000,000","2,246,000,000","2,171,000,000","2,113,000,000","2,012,000,000","2,288,000,000","2,314,000,000","2,317,000,000","2,388,000,000","2,230,000,000","2,166,000,000","2,165,000,000","2,220,000,000","2,031,000,000","2,105,000,000","2,253,000,000","1,741,000,000","1,856,000,000","1,998,000,000","2,244,000,000","2,196,101,000","2,211,300,000","2,376,800,000","1,467,200,000","1,544,273,000","1,497,000,000","1,620,700,000","1,557,200,000","1,308,656,000","1,565,600,000","1,451,100,000","1,408,700,000","1,446,530,000","1,364,900,000","1,330,700,000","1,267,500,000","1,173,285,000","1,199,100,000","1,165,100,000","1,163,800,000","1,171,900,000","1,105,000,000","1,069,300,000","1,114,000,000","1,101,400,000","1,125,100,000","1,173,000,000","1,099,200,000","1,141,200,000","1,125,800,000","1,063,500,000","1,021,200,000","1,073,900,000","1,005,100,000","979,300,000","947,000,000","971,200,000","944,900,000","924,300,000","948,200,000","987,100,000","898,800,000","900,500,000","847,700,000","844,800,000","859,700,000","822,800,000","838,500,000","843,000,000","804,600,000","755,700,000","778,400,000","749,400,000","663,100,000"
	OperatingRevenue,"34,816,000,000","9,011,000,000","8,805,000,000","8,687,000,000","8,313,000,000","8,397,000,000","8,275,000,000","7,401,000,000","7,908,000,000","8,063,000,000","8,013,000,000","7,834,000,000","7,671,000,000","7,796,000,000","7,723,000,000","7,477,000,000","7,286,000,000","7,451,000,000","7,325,000,000","7,184,000,000","6,942,000,000","7,193,000,000","6,961,000,000","6,785,000,000","6,686,000,000","6,674,000,000","6,794,000,000","6,706,000,000","6,626,000,000","6,783,000,000","6,886,000,000","6,785,000,000","6,708,000,000","6,737,000,000","6,452,000,000","6,674,000,000","6,328,000,000","6,477,000,000","6,512,000,000","6,359,000,000","6,392,000,000","6,373,000,000","6,407,000,000","6,388,000,000","6,278,000,000","6,332,000,000","6,482,000,000","6,179,000,000","6,119,000,000","6,456,000,000","6,327,000,000","6,162,000,000","5,735,000,000","5,805,000,000","6,145,000,000","6,295,000,000","6,232,000,000","6,491,000,000","6,526,000,000","6,573,000,000","6,427,000,000","6,469,000,000","6,316,000,000","6,255,000,000","6,050,000,000","6,181,000,000","6,042,000,000","6,037,000,000","6,105,000,000","6,365,000,000","6,261,000,000","6,181,000,000","4,127,500,000","2,323,000,000","2,246,000,000","2,171,000,000","2,113,000,000","2,012,000,000","2,288,000,000","2,314,000,000","2,317,000,000","2,388,000,000","2,230,000,000","2,166,000,000","2,165,000,000","2,220,000,000","2,031,000,000","2,105,000,000","2,253,000,000","1,741,000,000","1,856,000,000","1,998,000,000","2,244,000,000","2,196,101,000","2,211,300,000","2,376,800,000","1,467,200,000","1,544,273,000","1,497,000,000","1,620,700,000","1,557,200,000","1,308,656,000","1,565,600,000","1,451,100,000","1,408,700,000","1,446,530,000","1,364,900,000","1,330,700,000","1,267,500,000","1,173,285,000","1,199,100,000","1,165,100,000","1,163,800,000","1,171,900,000","1,105,000,000","1,069,300,000","1,114,000,000","1,101,400,000","1,125,100,000","1,173,000,000","1,099,200,000","1,141,200,000","1,125,800,000","1,063,500,000","1,021,200,000","1,073,900,000","1,005,100,000","979,300,000","947,000,000","971,200,000","944,900,000","924,300,000","948,200,000","987,100,000","898,800,000","900,500,000","847,700,000","844,800,000","859,700,000","822,800,000","838,500,000","843,000,000","804,600,000","755,700,000","778,400,000","749,400,000","663,100,000"
NetNonOperatingInterestIncomeExpense,"-340,000,000","-88,000,000","-87,000,000","-83,000,000","-82,000,000","-83,000,000","-87,000,000","-85,000,000","-84,000,000","-83,000,000","-84,000,000","-89,000,000","-88,000,000","-87,000,000","-86,000,000","-90,000,000","-89,000,000","-93,000,000","-95,000,000","-92,000,000","-89,000,000","-90,000,000","-89,000,000","-93,000,000","-91,000,000","-95,000,000","-94,000,000","-92,000,000","-92,000,000","-92,000,000","-93,000,000","-92,000,000","-92,000,000","-92,000,000","-91,000,000","-86,000,000","-92,000,000","-93,000,000","-93,000,000","-96,000,000","-96,000,000","-96,000,000","-97,000,000","-97,000,000","-96,000,000","-98,000,000","-95,000,000","-97,000,000","-98,000,000","-98,000,000","-98,000,000","-94,000,000","-92,000,000","-94,000,000","-95,000,000","-91,000,000","-90,000,000","-91,000,000","-94,000,000","-85,000,000","-76,000,000","-82,000,000","-88,000,000","-78,000,000","-76,000,000","-75,000,000","-70,000,000","-70,000,000","-71,000,000","-73,000,000","-69,000,000","-66,000,000","-36,300,000",,,,,,,,,,,,,,,,,,,,,,,,,,,,,,,,,,,,,,,,,,,,,,,,,,,,,,,,,,,,,,,,,,,,,,,,,,
	InterestExpenseNonOperating,"340,000,000","88,000,000","87,000,000","83,000,000","82,000,000","83,000,000","87,000,000","85,000,000","84,000,000","83,000,000","84,000,000","89,000,000","88,000,000","87,000,000","86,000,000","90,000,000","89,000,000","93,000,000","95,000,000","92,000,000","89,000,000","90,000,000","89,000,000","93,000,000","91,000,000","95,000,000","94,000,000","92,000,000","92,000,000","92,000,000","93,000,000","92,000,000","92,000,000","92,000,000","91,000,000","86,000,000","92,000,000","93,000,000","93,000,000","96,000,000","96,000,000","96,000,000","97,000,000","97,000,000","96,000,000","98,000,000","95,000,000","97,000,000","98,000,000","98,000,000","98,000,000","94,000,000","92,000,000","94,000,000","95,000,000","91,000,000","90,000,000","91,000,000","94,000,000","85,000,000","76,000,000","82,000,000","88,000,000","78,000,000","76,000,000","75,000,000","70,000,000","70,000,000","71,000,000","73,000,000","69,000,000","66,000,000","36,300,000",,,,,,,,,,,,,,,,,,,,,,,,,,,,,,,,,,,,,,,,,,,,,,,,,,,,,,,,,,,,,,,,,,,,,,,,,,
OtherIncomeExpense,"355,000,000","86,000,000","100,000,000","88,000,000","81,000,000","84,000,000","86,000,000","51,000,000","58,000,000","72,000,000","68,000,000","57,000,000","72,000,000","53,000,000","57,000,000","39,000,000","54,000,000","49,000,000","40,000,000","39,000,000","31,000,000","148,000,000","31,000,000","31,000,000","53,000,000","31,000,000","21,000,000","22,000,000","25,000,000","36,000,000","34,000,000","34,000,000","41,000,000","64,000,000","44,000,000","135,000,000","34,000,000","20,000,000","34,000,000","29,000,000","37,000,000","27,000,000","31,000,000","34,000,000","34,000,000","-29,000,000","35,000,000","32,000,000","32,000,000","39,000,000","42,000,000","49,000,000","33,000,000","32,000,000","31,000,000","34,000,000","34,000,000","52,000,000","33,000,000","1,000,000","38,000,000","98,000,000","36,000,000","37,000,000","40,000,000","40,000,000","45,000,000","-12,000,000","50,000,000","180,000,000","188,000,000","159,000,000","212,000,000","196,000,000","155,000,000","129,000,000","142,000,000","133,000,000","136,000,000","141,000,000","127,000,000","126,000,000","162,000,000","116,000,000","126,000,000","127,000,000","121,000,000","115,000,000","125,000,000","-1,259,000,000","547,000,000","586,000,000","568,000,000","-1,302,645,000","512,500,000","624,600,000","352,400,000","-875,106,000","342,300,000","455,400,000","385,700,000","-910,522,000","396,700,000","395,700,000","378,100,000","-449,783,000","371,600,000","338,900,000","321,400,000","-421,164,000","336,300,000","319,100,000","318,400,000","322,000,000","324,300,000","322,400,000","313,100,000","321,800,000","337,900,000","393,600,000","302,200,000","316,300,000","322,200,000","289,800,000","277,200,000","307,400,000","283,500,000","278,000,000","242,400,000",,,,,,,,,,,,,,,,,,
	SecuritiesAmortization,,,,,,,,,,,,,,,,,,,,,,,,,,,,,,,,,,,,,,,,,"971,000,000",,,,,,,,,,,,,,,,,,,,,,,,,,,,,,,,,,,,,,,,,,,,,,,,,,,,,,,,,,,,,,,,,,,,,,,,,,,,,,,,,,,,,,,,,,,,,,,,,,,,,,,,,,
PretaxIncome,"4,458,000,000","1,650,000,000","786,000,000","1,131,000,000","891,000,000","1,616,000,000","986,000,000","-85,000,000","720,000,000","1,074,000,000","432,000,000","665,000,000","967,000,000","746,000,000","806,000,000","631,000,000","778,000,000","860,000,000","320,000,000","790,000,000","760,000,000","1,302,000,000","947,000,000","887,000,000","917,000,000","1,209,000,000","1,307,000,000","1,076,000,000","1,148,000,000","1,460,000,000","1,258,000,000","901,000,000","1,470,000,000","1,371,000,000","1,177,000,000","1,177,000,000","1,220,000,000","311,000,000","1,170,000,000","608,000,000","1,077,000,000","778,000,000","332,000,000","-727,000,000","969,000,000","1,197,000,000","1,371,000,000","881,000,000","857,000,000","1,793,000,000","1,250,000,000","941,000,000","727,000,000","927,000,000","188,000,000","1,287,000,000","1,314,000,000","1,441,000,000","1,674,000,000","1,641,000,000","1,460,000,000","1,589,000,000","1,454,000,000","1,344,000,000","1,338,000,000","197,000,000","-8,000,000","1,294,000,000","1,188,000,000","371,000,000","425,000,000","-485,000,000","817,400,000","-54,000,000","331,000,000","308,000,000","251,000,000","249,000,000","95,000,000","-364,000,000","196,000,000","-985,000,000","-877,000,000","133,000,000","298,000,000","283,000,000","331,000,000","301,000,000","538,000,000","1,017,000,000","0","0","0","-46,287,000","0","0","0","1,018,733,000","0","0","0","699,136,000","0","0","0","656,233,000","0","0","0","563,578,000","0","0","0","0","0","0","0","0","0","0","0","0","0","0","0","0","0","0","0",,,,,,,,,,,,,,,,,,
TaxProvision,"796,000,000","317,000,000","124,000,000","197,000,000","158,000,000","306,000,000","159,000,000","-45,000,000","120,000,000","201,000,000","36,000,000","108,000,000","171,000,000","125,000,000","97,000,000","107,000,000","109,000,000","309,000,000","27,000,000","195,000,000","143,000,000","359,000,000","231,000,000","223,000,000","226,000,000","343,000,000","379,000,000","264,000,000","315,000,000","422,000,000","339,000,000","218,000,000","418,000,000","383,000,000","313,000,000","252,000,000","324,000,000","7,000,000","306,000,000","109,000,000","271,000,000","160,000,000","-1,000,000","-363,000,000","130,000,000","303,000,000","366,000,000","211,000,000","210,000,000","508,000,000","315,000,000","201,000,000","65,000,000","126,000,000","-26,000,000","345,000,000","347,000,000","378,000,000","476,000,000","387,000,000","374,000,000","400,000,000","411,000,000","374,000,000","332,000,000","19,000,000","-83,000,000","363,000,000","311,000,000","56,000,000","72,000,000","-217,000,000","226,600,000","-120,000,000","94,000,000","93,000,000","70,000,000","-1,000,000","26,000,000","-146,000,000","48,000,000","-266,000,000","-282,000,000","37,000,000","89,000,000","81,000,000","101,000,000","82,000,000","176,000,000","65,000,000","39,000,000","69,000,000","63,000,000","-10,135,000","-31,800,000","-149,400,000","39,200,000","75,610,000","39,100,000","77,900,000","52,900,000","333,078,000","-265,500,000","38,400,000","35,300,000","31,524,000","35,700,000","30,300,000","37,600,000","36,350,000","35,400,000","31,400,000","17,600,000","25,300,000","17,000,000","30,900,000","21,800,000","-35,500,000","-44,800,000","58,300,000","29,500,000","43,000,000","32,200,000","26,700,000","21,200,000","20,300,000","32,100,000","39,200,000","21,000,000",,,,,,,,,,,,,,,,,,
EarningsFromEquityInterestNetOfTax,,,,,,,,,,,,,,,,,,,,,,,,,,,,,,,,,,,,,,,,,,,,,,,,,,,,,,,,,,,,,,,,,,,,,,,,,"-3,600,000","0","-21,000,000",,,"0",,,,,,,,,,,,,"180,000,000","290,000,000","258,000,000",,"32,000,000","-446,700,000","193,200,000",,"202,500,000","308,400,000","245,200,000",,"-136,600,000","168,500,000","164,100,000",,"178,100,000","143,300,000","148,200,000",,"165,200,000","159,200,000","82,000,000","115,000,000","158,400,000","139,400,000","109,800,000","-453,000,000","-108,700,000","201,400,000","135,200,000","152,500,000","139,900,000","130,400,000","105,400,000","113,700,000","139,300,000","153,000,000","97,900,000",,,,,,,,,,,,,,,,,,
NetIncomeCommonStockholders,"3,635,000,000","1,323,000,000","657,000,000","927,000,000","728,000,000","1,300,000,000","821,000,000","-41,000,000","595,000,000","866,000,000","393,000,000","553,000,000","791,000,000","616,000,000","704,000,000","520,000,000","664,000,000","547,000,000","291,000,000","590,000,000","613,000,000","937,000,000","710,000,000","659,000,000","686,000,000","859,000,000","922,000,000","806,000,000","827,000,000","1,030,000,000","912,000,000","678,000,000","1,045,000,000","981,000,000","858,000,000","918,000,000","890,000,000","285,000,000","864,000,000","499,000,000","806,000,000","606,000,000","333,000,000","-364,000,000","839,000,000","894,000,000","1,005,000,000","670,000,000","647,000,000","1,285,000,000","935,000,000","740,000,000","662,000,000","801,000,000","214,000,000","942,000,000","967,000,000","1,063,000,000","1,198,000,000","1,254,000,000","1,086,000,000","1,189,000,000","1,043,000,000","970,000,000","1,006,000,000","179,000,000","162,000,000","1,069,000,000","212,000,000","303,000,000","340,000,000","-275,000,000","587,200,000","49,000,000","210,000,000","210,000,000","177,000,000","240,000,000","60,000,000","-227,000,000","134,000,000","-747,000,000","-661,000,000","102,000,000","200,000,000","191,000,000","229,000,000","210,000,000","356,000,000","138,000,000","327,000,000","204,000,000","165,000,000","119,648,000","63,800,000","-297,300,000","154,000,000","187,073,000","163,400,000","230,500,000","124,500,000","53,599,000","128,900,000","130,100,000","128,800,000","153,009,000","140,200,000","113,000,000","108,500,000","118,728,000","127,700,000","125,700,000","62,300,000","87,500,000","139,400,000","106,400,000","85,900,000","-419,500,000","-66,000,000","141,000,000","180,100,000","107,500,000","105,700,000","101,700,000","82,200,000","91,400,000","105,200,000","111,800,000","75,400,000","126,600,000","78,800,000","102,600,000","90,200,000","91,000,000","102,500,000","75,900,000","83,300,000","63,000,000","95,000,000","77,900,000","70,000,000","55,500,000","48,200,000","25,800,000","24,400,000","43,700,000","-20,600,000"
	NetIncome,"3,662,000,000","1,333,000,000","662,000,000","934,000,000","733,000,000","1,310,000,000","827,000,000","-40,000,000","600,000,000","873,000,000","396,000,000","557,000,000","796,000,000","621,000,000","709,000,000","524,000,000","669,000,000","551,000,000","293,000,000","595,000,000","617,000,000","943,000,000","716,000,000","664,000,000","691,000,000","866,000,000","928,000,000","812,000,000","833,000,000","1,038,000,000","919,000,000","683,000,000","1,052,000,000","988,000,000","864,000,000","925,000,000","896,000,000","304,000,000","864,000,000","499,000,000","806,000,000","618,000,000","333,000,000","-364,000,000","839,000,000","894,000,000","1,005,000,000","670,000,000","647,000,000","1,285,000,000","935,000,000","740,000,000","662,000,000","801,000,000","214,000,000","942,000,000","967,000,000","1,063,000,000","1,198,000,000","1,254,000,000","1,086,000,000","1,189,000,000","1,043,000,000","970,000,000","1,006,000,000","179,000,000","162,000,000","1,069,000,000","212,000,000","303,000,000","340,000,000","-275,000,000","587,200,000","52,000,000","214,000,000","214,000,000","181,000,000","244,000,000","63,000,000","-223,000,000","139,000,000","-736,000,000","-659,000,000","104,000,000","202,000,000","193,000,000","231,000,000","212,000,000","358,000,000","138,000,000","327,000,000","204,000,000","165,000,000","128,148,000","63,800,000","-297,300,000","154,000,000","187,073,000","163,400,000","230,500,000","124,500,000","62,299,000","128,900,000","130,100,000","128,800,000","155,209,000","142,400,000","113,000,000","110,600,000","120,828,000","129,800,000","127,800,000","64,400,000","89,700,000","141,400,000","108,500,000","88,000,000","-417,500,000","-63,900,000","143,100,000","182,200,000","109,500,000","107,700,000","103,700,000","84,200,000","93,400,000","107,200,000","113,800,000","76,900,000","126,600,000","78,800,000","102,600,000","90,200,000","91,000,000","102,500,000","75,900,000","83,300,000","63,000,000","95,000,000","77,900,000","70,000,000","55,500,000","48,200,000","25,800,000","24,400,000","43,700,000","-20,600,000"
		NetIncomeIncludingNoncontrollingInterests,"3,662,000,000","1,333,000,000","662,000,000","934,000,000","733,000,000","1,310,000,000","827,000,000","-40,000,000","600,000,000","873,000,000","396,000,000","557,000,000","796,000,000","621,000,000","709,000,000","524,000,000","669,000,000","551,000,000","293,000,000","595,000,000","617,000,000","943,000,000","716,000,000","664,000,000","691,000,000","866,000,000","928,000,000","812,000,000","833,000,000","1,038,000,000","919,000,000","683,000,000","1,052,000,000","988,000,000","864,000,000","925,000,000","896,000,000","304,000,000","864,000,000","499,000,000","806,000,000","618,000,000","333,000,000","-364,000,000","839,000,000","894,000,000","1,005,000,000","670,000,000","647,000,000","1,285,000,000","935,000,000","740,000,000","662,000,000","801,000,000","214,000,000","942,000,000","967,000,000","1,063,000,000","1,198,000,000","1,254,000,000","1,086,000,000","1,189,000,000","1,043,000,000","970,000,000","1,006,000,000","179,000,000","162,000,000","1,069,000,000","212,000,000","315,000,000","353,000,000","-268,000,000","583,600,000","52,000,000","214,000,000","214,000,000","181,000,000","244,000,000","63,000,000","-223,000,000","139,000,000","-736,000,000","-659,000,000","104,000,000","202,000,000","193,000,000","231,000,000","212,000,000","358,000,000","138,000,000","327,000,000","204,000,000","165,000,000","128,148,000","63,800,000","-297,300,000","154,000,000","187,073,000","163,400,000","230,500,000","124,500,000","62,299,000","128,900,000","130,100,000","128,800,000","155,209,000","142,400,000","113,000,000","110,600,000","120,828,000","129,800,000","127,800,000","64,400,000","89,700,000","141,400,000","108,500,000","88,000,000","-417,500,000","-63,900,000","143,100,000","182,200,000","109,500,000","107,700,000","103,700,000","84,200,000","93,400,000","107,200,000","113,800,000","76,900,000","126,600,000","78,800,000","102,600,000","90,200,000","91,000,000","102,500,000","75,900,000","83,300,000","63,000,000","95,000,000","77,900,000","70,000,000","55,500,000","48,200,000","25,800,000","24,400,000","43,700,000","-20,600,000"
			NetIncomeContinuousOperations,"3,662,000,000","1,333,000,000","662,000,000","934,000,000","733,000,000","1,310,000,000","827,000,000","-40,000,000","600,000,000","873,000,000","396,000,000","557,000,000","796,000,000","621,000,000","709,000,000","524,000,000","669,000,000","551,000,000","293,000,000","595,000,000","617,000,000","943,000,000","716,000,000","664,000,000","691,000,000","866,000,000","928,000,000","812,000,000","833,000,000","1,038,000,000","919,000,000","683,000,000","1,052,000,000","988,000,000","864,000,000","925,000,000","896,000,000","304,000,000","864,000,000","499,000,000","806,000,000","618,000,000","333,000,000","-364,000,000","839,000,000","894,000,000","1,005,000,000","670,000,000","647,000,000","1,285,000,000","935,000,000","740,000,000","662,000,000","801,000,000","214,000,000","942,000,000","967,000,000","1,063,000,000","1,198,000,000","1,254,000,000","1,086,000,000","1,189,000,000","1,043,000,000","970,000,000","1,006,000,000","178,000,000","75,000,000","931,000,000","877,000,000","315,000,000","353,000,000","-268,000,000","587,200,000","66,000,000","216,000,000","215,000,000","181,000,000","250,000,000","69,000,000","-218,000,000","148,000,000","-719,000,000","-595,000,000","96,000,000","209,000,000","202,000,000","230,000,000","219,000,000","362,000,000","217,000,000","141,000,000","221,000,000","195,000,000","128,148,000","63,800,000","-297,300,000","154,000,000","187,023,000","163,400,000","230,500,000","192,300,000","170,058,000","128,900,000","130,100,000","128,800,000","155,209,000","142,400,000","113,000,000","110,600,000","120,828,000","129,800,000","127,800,000","64,400,000","89,700,000","141,400,000","108,500,000","88,000,000","-417,500,000","-63,900,000","143,100,000","105,700,000","109,500,000","107,700,000","103,700,000","84,200,000","93,400,000","107,200,000","113,800,000","76,900,000","126,600,000","78,800,000","102,600,000","90,200,000","91,000,000","102,500,000","75,900,000","83,300,000","63,000,000","95,000,000","77,900,000","70,000,000","55,500,000","48,200,000","25,800,000","24,400,000","40,400,000","-20,600,000"
			NetIncomeDiscontinuousOperations,,,,,,,,,,,,,,,,,,,,,,,,,,,,,,,,,,,,,,,,,,,,,,,,,,,,,,,,,,,,,,"0","0","0","0","1,000,000","87,000,000","138,000,000","-665,000,000",,,,,"-14,000,000","-2,000,000","-1,000,000","0","-6,000,000","-6,000,000","-5,000,000","-9,000,000","-17,000,000","-64,000,000","8,000,000","-7,000,000","-9,000,000","1,000,000","-7,000,000","-4,000,000","-79,000,000","186,000,000","-17,000,000",,,,,,"50,000",,,"-67,800,000",,,,,,,,,,,,,,,,,,,,,,,,,,,,,,,,,,,,,,,,,,,,,,
			NetIncomeExtraordinary,,,,,,,,,,,,,,,,,,,,,,,,,,,,,,,,,,,,,,,,,,,,,,,,,,,,,,,,,,,,,,,,,,,,,,,,,,,,,,,,,,,,,,"0","0","0","0","0",,,"-30,000,000",,,,,,,,,,,,,,,,,,,,,,,,,"0",,,"76,500,000",,,,,,,,,,,,,,,,,,,,,,,,,,
		MinorityInterests,,,,,,,,,,,,,,,,,,,,,,,,,,,,,,,,,,,,,,,,,,,,,,,,,,,,,,,,,,,,,,,,,,"0","0","0","0","-12,000,000","-13,000,000","-7,000,000","3,600,000",,,,,,,,,,,,,,,,,,,,,,,,,,,,,,,,,,,,,,,,,,,,,,,,,,,,,,,,,,,,,,,,,,,,,,,,,,
	PreferredStockDividends,,,,,,,,,,,,,,,,,,,,,,,,,,,,,,,,,,,,,,,,,,,,,,,,,,,,,,,,,,,,,,,,,,,,,,,,,,,,,,,,,,,"2,000,000","2,000,000","2,000,000","2,000,000","2,000,000","2,000,000","2,000,000",,,,,,,,,,,,,,,,,"2,200,000","2,200,000",,"2,100,000","2,100,000","2,100,000","2,100,000","2,100,000","2,200,000","2,000,000","2,100,000","2,100,000","2,000,000","2,100,000","2,100,000","2,100,000","2,000,000","2,000,000","2,000,000","2,000,000","2,000,000","2,000,000","2,000,000","1,500,000",,,,,,,,,,,,,,,,,,
	OtherunderPreferredStockDividend,"27,000,000","10,000,000","5,000,000","7,000,000","5,000,000","10,000,000","6,000,000","1,000,000","5,000,000","7,000,000","3,000,000","4,000,000","5,000,000","5,000,000","5,000,000","4,000,000","5,000,000","4,000,000","2,000,000","5,000,000","4,000,000","6,000,000","6,000,000","5,000,000","5,000,000","7,000,000","6,000,000","6,000,000","6,000,000","8,000,000","7,000,000","5,000,000","7,000,000","7,000,000","6,000,000","7,000,000","6,000,000","2,000,000",,,,,,,,,,,,,,,,,,,,,,,,,,,,,,,,,,,,"3,000,000","4,000,000","4,000,000","4,000,000","4,000,000","3,000,000","4,000,000","5,000,000",,,,,,,,,,,,,,,,,,,,,,,,,,,,,,,,,,,,,,,,,,,,,,,,,,,,,,,,,,,,,,,,,,
AverageDilutionEarnings,,,,,,,,,,,,,,,,,,,,,,,,,,,,,,,,,,,,,,,,,,,,,,,,,,,,,,,,,,,,,,,,,,,,,,,,,,"2,000,000","1,000,000","2,000,000","2,000,000","7,000,000","3,000,000","0","3,000,000",,,,,,,,,,,,,,,,,,,,,,,,,,,,,,,,,,,,,,,,,,,,,,,,,,,,,,,,,,,,,,,,,,
DilutedNIAvailtoComStockholders,"3,635,000,000","1,323,000,000","657,000,000","927,000,000","728,000,000","1,300,000,000","821,000,000","-41,000,000","595,000,000","866,000,000","393,000,000","553,000,000","791,000,000","616,000,000","704,000,000","520,000,000","664,000,000","547,000,000","291,000,000","590,000,000","613,000,000","937,000,000","710,000,000","659,000,000","686,000,000","859,000,000","922,000,000","806,000,000","827,000,000","1,030,000,000","912,000,000","678,000,000","1,045,000,000","981,000,000","858,000,000","918,000,000","890,000,000","285,000,000","864,000,000","499,000,000","806,000,000","607,000,000","333,000,000","-364,000,000","839,000,000","894,000,000","1,005,000,000","670,000,000","647,000,000","1,285,000,000","935,000,000","740,000,000","662,000,000","801,000,000","214,000,000","942,000,000","967,000,000","1,063,000,000","1,198,000,000","1,254,000,000","1,086,000,000","1,189,000,000","1,043,000,000","970,000,000","1,006,000,000","179,000,000","162,000,000","1,069,000,000","212,000,000","303,000,000","340,000,000","-275,000,000","587,200,000","51,000,000","211,000,000","212,000,000","179,000,000","247,000,000","63,000,000","-227,000,000","137,000,000","-747,000,000","-661,000,000","102,000,000","200,000,000","191,000,000","229,000,000","210,000,000","356,000,000","138,000,000","327,000,000","204,000,000","165,000,000","119,648,000","63,800,000","-297,300,000","154,000,000","187,073,000","163,400,000","230,500,000","124,500,000","53,599,000","128,900,000","130,100,000","128,800,000","153,009,000","140,200,000","113,000,000","108,500,000","118,728,000","127,700,000","125,700,000","62,300,000","87,500,000","139,400,000","106,400,000","85,900,000","-419,500,000","-66,000,000","141,000,000","180,100,000","107,500,000","105,700,000","101,700,000","82,200,000","91,400,000","105,200,000","111,800,000","75,400,000","126,600,000","78,800,000","102,600,000","90,200,000","91,000,000","102,500,000","75,900,000","83,300,000","63,000,000","95,000,000","77,900,000","70,000,000","55,500,000","48,200,000","25,800,000","24,400,000","43,700,000","-20,600,000"
BasicEPS,,"5.43","2.65","3.7","2.89","5.13","3.24","-0.16","2.34","3.37","1.52","2.11","3.01","2.15","2.65","1.93","2.45","2","1.06","2.13","2.19","3.32","2.48","2.27","2.33","2.87","3","2.56","2.58","3.15","2.72","1.98","2.98","2.73","2.33","2.44","2.36","0.79","2.23","1.27","2.04",,"0.8","-0.88","1.94",,"2.14","1.37","1.26",,"1.66","1.27","1.12",,"0.36","1.57","1.57",,"1.85","1.9","1.62",,"1.52","1.4","1.45",,"0.24","1.59","0.31",,"0.51","-0.42","1.35",,"0.92","0.93","0.78",,"0.27","-1.09","0.65",,"-3.16","0.47","0.91",,"1.04","0.98","1.6",,"1.43","0.89","0.7",,"0.26","-1.28","0.9",,"0.96","1.36","0.73",,"0.62","0.77","0.76",,"0.82","0.62","0.64",,"0.76","0.75","0.36",,"0.82","0.63","0.51",,"-0.38","0.83","1.06",,"0.55","0.6","0.47",,"0.62","0.61","0.39",,"0.4","0.53","0.47",,"0.53","0.4","0.44",,"0.5","0.41","0.37",,"0.26","0.14","0.15",,"-0.13"
DilutedEPS,,"5.37","2.62","3.66","2.87","5.1","3.23","-0.16","2.33","3.35","1.5","2.1","2.99","2.13","2.62","1.92","2.42","1.98","1.05","2.11","2.17","3.28","2.45","2.24","2.3","2.83","2.97","2.53","2.55","3.11","2.69","1.95","2.95","2.7","2.3","2.41","2.33","0.78","2.21","1.26","2.02",,"0.79","-0.88","1.92",,"2.11","1.35","1.25",,"1.65","1.27","1.11",,"0.36","1.54","1.54",,"1.81","1.86","1.56",,"1.47","1.36","1.41",,"0.23","1.52","0.31",,"0.5","-0.42","1.34",,"0.88","0.89","0.75",,"0.27","-1.09","0.63",,"-3.16","0.45","0.87",,"0.98","0.92","1.51",,"1.43","0.57","0.67",,"0.25","-1.28","0.83",,"0.89","1.26","0.64",,"0.62","0.71","0.72",,"0.77","0.62","0.62",,"0.73","0.72","0.36",,"0.79","0.61","0.49",,"-0.38","0.83","1.02",,"0.55","0.58","0.47",,"0.6","0.59","0.39",,"0.4","0.53","0.47",,"0.53","0.4","0.44",,"0.5","0.41","0.37",,"0.26","0.14","0.15",,"-0.13"
BasicAverageShares,,"243,800,000","247,700,000","250,700,000","252,100,000","253,400,000","253,300,000","251,600,000","254,400,000","256,800,000","259,200,000","261,300,000","262,900,000","263,900,000","266,100,000","268,700,000","271,000,000","272,800,000","274,100,000","277,500,000","279,700,000","282,100,000","286,000,000","290,100,000","294,200,000","299,700,000","307,600,000","314,800,000","320,800,000","326,800,000","335,100,000","343,000,000","350,900,000","359,100,000","368,900,000","375,900,000","377,700,000","381,000,000","384,000,000","388,000,000","392,000,000",,"415,000,000","418,600,000","428,200,000",,"465,900,000","484,500,000","508,400,000",,"558,400,000","575,800,000","584,600,000",,"587,500,000","598,700,000","616,200,000",,"648,400,000","658,600,000","669,900,000",,"685,300,000","691,800,000","692,200,000",,"679,200,000","669,500,000","668,100,000",,"665,900,000","664,800,000","434,600,000",,"228,000,000","228,000,000","227,000,000",,"221,000,000","208,000,000","208,000,000",,"209,177,215","217,021,277","219,780,220",,"220,192,308","214,285,714","222,500,000",,"227,000,000","226,000,000","230,000,000",,"236,244,000","171,111,111","171,111,111",,"170,208,333","169,485,294","170,547,945",,"207,903,226","168,961,039","169,473,684",,"170,975,610","182,258,065","169,531,250",,"168,026,316","167,600,000","173,055,556",,"170,000,000","168,888,889","168,431,373",,"173,684,211","169,879,518","169,905,660",,"192,181,818","169,500,000","174,893,617",,"169,677,419","183,278,689","193,333,333",,"197,000,000","193,584,906","191,914,894",,"193,396,226","189,750,000","189,318,182",,"190,000,000","190,000,000","189,189,189",,"185,384,615","184,285,714","162,666,667",,"158,461,538"
DilutedAverageShares,,"246,400,000","250,100,000","253,100,000","254,100,000","254,800,000","254,300,000","251,600,000","255,900,000","259,000,000","261,800,000","263,700,000","264,800,000","266,000,000","268,400,000","271,100,000","273,900,000","275,700,000","276,600,000","280,000,000","282,400,000","285,100,000","289,800,000","293,600,000","297,900,000","303,300,000","311,000,000","318,000,000","324,500,000","331,000,000","338,900,000","346,700,000","354,600,000","363,400,000","372,900,000","379,900,000","381,900,000","385,300,000","387,900,000","391,600,000","395,800,000",,"418,500,000","418,600,000","434,400,000",,"472,000,000","490,800,000","515,100,000",,"564,100,000","579,800,000","590,400,000",,"598,000,000","610,800,000","628,100,000",,"661,900,000","676,000,000","701,200,000",,"714,600,000","720,400,000","720,800,000",,"683,800,000","710,300,000","709,100,000",,"691,200,000","664,800,000","438,208,955",,"240,000,000","240,000,000","237,000,000",,"230,000,000","208,000,000","220,000,000",,"209,177,215","226,666,667","229,885,057",,"233,673,469","228,260,870","235,761,589",,"245,000,000","245,000,000","249,000,000",,"256,527,000","185,542,169","185,542,169",,"183,595,506","182,936,508","194,531,250",,"207,903,226","183,239,437","178,888,889",,"182,077,922","182,258,065","175,000,000",,"174,931,507","174,583,333","173,055,556",,"176,455,696","174,426,230","175,306,122",,"173,684,211","169,879,518","176,568,627",,"192,181,818","175,344,828","174,893,617",,"175,333,333","189,491,525","193,333,333",,"197,000,000","193,584,906","191,914,894",,"193,396,226","189,750,000","189,318,182",,"190,000,000","190,000,000","189,189,189",,"185,384,615","184,285,714","162,666,667",,"158,461,538"
TotalExpenses,"30,358,000,000","7,361,000,000","8,019,000,000","7,556,000,000","7,422,000,000","6,781,000,000","7,289,000,000","7,486,000,000","7,188,000,000","6,989,000,000","7,581,000,000","7,169,000,000","6,704,000,000","7,050,000,000","6,917,000,000","6,846,000,000","6,508,000,000","6,591,000,000","7,005,000,000","6,394,000,000","6,182,000,000","5,891,000,000","6,014,000,000","5,898,000,000","5,769,000,000","5,465,000,000","5,487,000,000","5,630,000,000","5,478,000,000","5,323,000,000","5,628,000,000","5,884,000,000","5,238,000,000","5,366,000,000","5,275,000,000","5,497,000,000","5,108,000,000","6,166,000,000","5,342,000,000","5,751,000,000","5,315,000,000","5,595,000,000","6,075,000,000","7,115,000,000","5,309,000,000","5,135,000,000","5,111,000,000","5,298,000,000","5,262,000,000","4,663,000,000","5,077,000,000","5,221,000,000","5,008,000,000","4,878,000,000","5,957,000,000","5,008,000,000","4,918,000,000","5,050,000,000","4,852,000,000","4,932,000,000","4,967,000,000","4,880,000,000","4,862,000,000","4,911,000,000","4,712,000,000","5,984,000,000","6,050,000,000","4,743,000,000","4,917,000,000","5,994,000,000","5,836,000,000","6,666,000,000","3,310,100,000","2,377,000,000","1,915,000,000","1,863,000,000","1,862,000,000","1,763,000,000","2,193,000,000","2,678,000,000","2,121,000,000","3,373,000,000","3,107,000,000","2,033,000,000","1,867,000,000","1,937,000,000","1,700,000,000","1,804,000,000","1,715,000,000","5,495,000,000","358,000,000","359,000,000","390,000,000","7,910,788,000","393,800,000","417,000,000","253,100,000","4,420,440,000","252,600,000","272,700,000","254,800,000","4,323,020,000","249,700,000","231,800,000","230,500,000","4,110,597,000","215,900,000","219,200,000","207,700,000","3,559,807,000","193,100,000","193,500,000","191,400,000","179,300,000","174,200,000","193,700,000","185,000,000","192,500,000","200,900,000","199,300,000","196,700,000","186,000,000","190,000,000","193,300,000","187,800,000","206,400,000","191,100,000","180,100,000","178,100,000",,,,,,,,,,,,,,,,,,
NetIncomeFromContinuingAndDiscontinuedOperation,"3,662,000,000","1,333,000,000","662,000,000","934,000,000","733,000,000","1,310,000,000","827,000,000","-40,000,000","600,000,000","873,000,000","396,000,000","557,000,000","796,000,000","621,000,000","709,000,000","524,000,000","669,000,000","551,000,000","293,000,000","595,000,000","617,000,000","943,000,000","716,000,000","664,000,000","691,000,000","866,000,000","928,000,000","812,000,000","833,000,000","1,038,000,000","919,000,000","683,000,000","1,052,000,000","988,000,000","864,000,000","925,000,000","896,000,000","304,000,000","864,000,000","499,000,000","806,000,000","618,000,000","333,000,000","-364,000,000","839,000,000","894,000,000","1,005,000,000","670,000,000","647,000,000","1,285,000,000","935,000,000","740,000,000","662,000,000","801,000,000","214,000,000","942,000,000","967,000,000","1,063,000,000","1,198,000,000","1,254,000,000","1,086,000,000","1,189,000,000","1,043,000,000","970,000,000","1,006,000,000","179,000,000","162,000,000","1,069,000,000","212,000,000","303,000,000","340,000,000","-275,000,000","587,200,000","52,000,000","214,000,000","214,000,000","181,000,000","244,000,000","63,000,000","-223,000,000","139,000,000","-736,000,000","-659,000,000","104,000,000","202,000,000","193,000,000","231,000,000","212,000,000","358,000,000","138,000,000","327,000,000","204,000,000","195,000,000","128,148,000","63,800,000","-297,300,000","154,000,000","187,073,000","163,400,000","230,500,000","124,500,000","62,299,000","128,900,000","130,100,000","128,800,000","155,209,000","142,400,000","113,000,000","110,600,000","120,828,000","129,800,000","127,800,000","64,400,000","89,700,000","141,400,000","108,500,000","88,000,000","-417,500,000","-63,900,000","143,100,000","105,700,000","109,500,000","107,700,000","103,700,000","84,200,000","93,400,000","107,200,000","113,800,000","76,900,000","126,600,000","78,800,000","102,600,000","90,200,000","91,000,000","102,500,000","75,900,000","83,300,000","63,000,000","95,000,000","77,900,000","70,000,000","55,500,000","48,200,000","25,800,000","24,400,000","43,700,000","-20,600,000"
NormalizedIncome,"3,662,000,000","1,333,000,000","662,000,000","934,000,000","733,000,000","1,310,000,000","827,000,000","-40,000,000","600,000,000","873,000,000","396,000,000","557,000,000","796,000,000","621,000,000","709,000,000","524,000,000","669,000,000","551,000,000","293,000,000","595,000,000","617,000,000","943,000,000","716,000,000","664,000,000","691,000,000","866,000,000","928,000,000","812,000,000","833,000,000","1,038,000,000","919,000,000","683,000,000","1,052,000,000","988,000,000","864,000,000","925,000,000","896,000,000","304,000,000","864,000,000","499,000,000","806,000,000","618,000,000","333,000,000","-364,000,000","839,000,000","894,000,000","1,005,000,000","670,000,000","647,000,000","1,285,000,000","935,000,000","740,000,000","662,000,000","801,000,000","214,000,000","942,000,000","967,000,000","1,063,000,000","1,198,000,000","1,254,000,000","1,086,000,000","1,189,000,000","1,043,000,000","970,000,000","1,006,000,000","178,000,000","75,000,000","931,000,000","877,000,000","303,000,000","340,000,000","-275,000,000","587,200,000","66,000,000","216,000,000","215,000,000","181,000,000","250,000,000","69,000,000","-218,000,000","148,000,000","-719,000,000","-595,000,000","96,000,000","209,000,000","202,000,000","230,000,000","219,000,000","362,000,000","217,000,000","141,000,000","221,000,000","195,000,000","128,148,000","63,800,000","-297,300,000","154,000,000","187,023,000","163,400,000","230,500,000","192,300,000","170,058,000","128,900,000","130,100,000","128,800,000","155,209,000","142,400,000","113,000,000","110,600,000","120,828,000","129,800,000","127,800,000","64,400,000","89,700,000","141,400,000","108,500,000","88,000,000","-417,500,000","-63,900,000","143,100,000","105,700,000","109,500,000","107,700,000","103,700,000","84,200,000","93,400,000","107,200,000","113,800,000","76,900,000","126,600,000","78,800,000","102,600,000","90,200,000","91,000,000","102,500,000","75,900,000","83,300,000","63,000,000","95,000,000","77,900,000","70,000,000","55,500,000","48,200,000","25,800,000","24,400,000","40,400,000","-20,600,000"
InterestExpense,"340,000,000","88,000,000","87,000,000","83,000,000","82,000,000","83,000,000","87,000,000","85,000,000","84,000,000","83,000,000","84,000,000","89,000,000","88,000,000","87,000,000","86,000,000","90,000,000","89,000,000","93,000,000","95,000,000","92,000,000","89,000,000","90,000,000","89,000,000","93,000,000","91,000,000","95,000,000","94,000,000","92,000,000","92,000,000","92,000,000","93,000,000","92,000,000","92,000,000","92,000,000","91,000,000","86,000,000","92,000,000","93,000,000","93,000,000","96,000,000","96,000,000","96,000,000","97,000,000","97,000,000","96,000,000","98,000,000","95,000,000","97,000,000","98,000,000","98,000,000","98,000,000","94,000,000","92,000,000","94,000,000","95,000,000","91,000,000","90,000,000","91,000,000","94,000,000","85,000,000","76,000,000","82,000,000","88,000,000","78,000,000","76,000,000","75,000,000","70,000,000","70,000,000","71,000,000","73,000,000","69,000,000","66,000,000","36,300,000",,,,,,,,,,,,,,,,,,,,,,,,,,,,,,,,,,,,,,,,,,,,,,,,,,,,,,,,,,,,,,,,,,,,,,,,,,
NetInterestIncome,"-340,000,000","-88,000,000","-87,000,000","-83,000,000","-82,000,000","-83,000,000","-87,000,000","-85,000,000","-84,000,000","-83,000,000","-84,000,000","-89,000,000","-88,000,000","-87,000,000","-86,000,000","-90,000,000","-89,000,000","-93,000,000","-95,000,000","-92,000,000","-89,000,000","-90,000,000","-89,000,000","-93,000,000","-91,000,000","-95,000,000","-94,000,000","-92,000,000","-92,000,000","-92,000,000","-93,000,000","-92,000,000","-92,000,000","-92,000,000","-91,000,000","-86,000,000","-92,000,000","-93,000,000","-93,000,000","-96,000,000","-96,000,000","-96,000,000","-97,000,000","-97,000,000","-96,000,000","-98,000,000","-95,000,000","-97,000,000","-98,000,000","-98,000,000","-98,000,000","-94,000,000","-92,000,000","-94,000,000","-95,000,000","-91,000,000","-90,000,000","-91,000,000","-94,000,000","-85,000,000","-76,000,000","-82,000,000","-88,000,000","-78,000,000","-76,000,000","-75,000,000","-70,000,000","-70,000,000","-71,000,000","-73,000,000","-69,000,000","-66,000,000","-36,300,000",,,,,,,,,,,,,,,,,,,,,,,,,,,,,,,,,,,,,,,,,,,,,,,,,,,,,,,,,,,,,,,,,,,,,,,,,,
EBIT,"4,798,000,000","1,738,000,000","873,000,000","1,214,000,000","973,000,000","1,699,000,000","1,073,000,000","0","804,000,000","1,157,000,000","516,000,000","754,000,000","1,055,000,000","833,000,000","892,000,000","721,000,000","867,000,000","953,000,000","415,000,000","882,000,000","849,000,000","1,392,000,000","1,036,000,000","980,000,000","1,008,000,000","1,304,000,000","1,401,000,000","1,168,000,000","1,240,000,000","1,552,000,000","1,351,000,000","993,000,000","1,562,000,000","1,463,000,000","1,268,000,000","1,263,000,000","1,312,000,000","404,000,000","1,263,000,000","704,000,000","1,173,000,000","874,000,000","429,000,000","-630,000,000","1,065,000,000","1,295,000,000","1,466,000,000","978,000,000","955,000,000","1,891,000,000","1,348,000,000","1,035,000,000","819,000,000","1,021,000,000","283,000,000","1,378,000,000","1,404,000,000","1,532,000,000","1,768,000,000","1,726,000,000","1,536,000,000","1,671,000,000","1,542,000,000","1,422,000,000","1,414,000,000","272,000,000","62,000,000","1,364,000,000","1,259,000,000","444,000,000","494,000,000","-419,000,000","853,700,000",,,,,,,,,,,,,,,,,,,,,,,,,,,,,,,,,,,,,,,,,,,,,,,,,,,,,,,,,,,,,,,,,,,,,,,,,,
ReconciledDepreciation,"870,000,000","208,000,000","212,000,000","215,000,000","235,000,000","212,000,000","186,000,000","188,000,000","203,000,000","182,000,000","180,000,000","190,000,000","211,000,000","194,000,000","198,000,000","199,000,000","212,000,000","202,000,000","202,000,000","198,000,000","211,000,000","202,000,000","211,000,000","200,000,000","213,000,000","198,000,000","191,000,000","204,000,000","225,000,000","211,000,000","211,000,000","215,000,000","227,000,000","225,000,000","207,000,000","216,000,000","219,000,000","209,000,000","206,000,000","196,000,000","216,000,000","203,000,000","194,000,000","197,000,000","208,000,000","204,000,000","197,000,000","195,000,000","216,000,000","195,000,000","187,000,000","209,000,000","206,000,000","194,000,000","213,000,000","201,000,000","213,000,000","206,000,000","197,000,000","203,000,000","205,000,000","201,000,000","213,000,000","197,000,000","197,000,000","192,000,000","113,000,000","236,000,000","150,000,000","181,000,000","258,000,000","-448,700,000","550,700,000","30,000,000","24,000,000","23,000,000","23,000,000","30,000,000","24,000,000","22,000,000","21,000,000","105,000,000","26,000,000","23,000,000","26,000,000","34,000,000","27,000,000","30,000,000","22,000,000",,,"27,000,000","42,000,000",,,,,,,,,,,"8,100,000","7,900,000","7,000,000","8,200,000","6,200,000","6,000,000","8,500,000","6,000,000","4,900,000","4,500,000","5,100,000","5,500,000","3,700,000","5,900,000","10,500,000","8,400,000","7,000,000","7,800,000","-7,100,000","12,900,000","13,100,000","14,200,000","27,600,000","14,900,000",,,,,,,,,,,,,,,,,,,,
NetIncomeFromContinuingOperationNetMinorityInterest,"3,662,000,000","1,333,000,000","662,000,000","934,000,000","733,000,000","1,310,000,000","827,000,000","-40,000,000","600,000,000","873,000,000","396,000,000","557,000,000","796,000,000","621,000,000","709,000,000","524,000,000","669,000,000","551,000,000","293,000,000","595,000,000","617,000,000","943,000,000","716,000,000","664,000,000","691,000,000","866,000,000","928,000,000","812,000,000","833,000,000","1,038,000,000","919,000,000","683,000,000","1,052,000,000","988,000,000","864,000,000","925,000,000","896,000,000","304,000,000","864,000,000","499,000,000","806,000,000","618,000,000","333,000,000","-364,000,000","839,000,000","894,000,000","1,005,000,000","670,000,000","647,000,000","1,285,000,000","935,000,000","740,000,000","662,000,000","801,000,000","214,000,000","942,000,000","967,000,000","1,063,000,000","1,198,000,000","1,254,000,000","1,086,000,000","1,189,000,000","1,043,000,000","970,000,000","1,006,000,000","178,000,000","75,000,000","931,000,000","877,000,000","303,000,000","340,000,000","-275,000,000","587,200,000","66,000,000","216,000,000","215,000,000","181,000,000","250,000,000","69,000,000","-218,000,000","148,000,000","-719,000,000","-595,000,000","96,000,000","209,000,000","202,000,000","230,000,000","219,000,000","362,000,000","217,000,000","141,000,000","221,000,000","195,000,000","128,148,000","63,800,000","-297,300,000","154,000,000","187,023,000","163,400,000","230,500,000","192,300,000","170,058,000","128,900,000","130,100,000","128,800,000","155,209,000","142,400,000","113,000,000","110,600,000","120,828,000","129,800,000","127,800,000","64,400,000","89,700,000","141,400,000","108,500,000","88,000,000","-417,500,000","-63,900,000","143,100,000","105,700,000","109,500,000","107,700,000","103,700,000","84,200,000","93,400,000","107,200,000","113,800,000","76,900,000","126,600,000","78,800,000","102,600,000","90,200,000","91,000,000","102,500,000","75,900,000","83,300,000","63,000,000","95,000,000","77,900,000","70,000,000","55,500,000","48,200,000","25,800,000","24,400,000","40,400,000","-20,600,000"
TaxRateForCalcs,"0.18","0.192","0.16","0.17","0.18","0.189","0.16","0.27","0.17","0.187","0.08","0.16","0.18","0.168","0.12","0.17","0.14","0.359","0.08","0.25","0.19","0.276","0.24","0.25","0.25","0.284","0.29","0.25","0.27","0.289","0.27","0.24","0.28","0.279","0.27","0.21","0.27","0.023","0.262","0.179","0.252","0.206","0.35","0.35","0.134","0.253","0.267","0.24","0.245","0.283","0.252","0.214","0.089","0.136","0.35","0.268","0.264","0.262","0.284","0.236","0.256","0.252","0.283","0.278","0.248","0.096","0.4","0.281","0.262","0.151","0.169","0.4","0.277","0.4","0.284","0.302","0.279","0.4","0.274","0.4","0.245","0.27","0.322","0.278","0.299","0.286","0.305","0.272","0.327","0.064","0","0","0","0.219","0","0","0","0.074","0","0","0","0.4","0","0","0","0.048","0","0","0","0.064","0","0","0","0","0","0","0","0","0","0","0","0","0","0","0","0","0","0","0","0.4","0.4","0.4","0.4","0.4","0.4","0.4","0.4","0.4","0.4","0.4","0.4","0.4","0.4","0.4","0.4","0.4","0.4"
TaxEffectOfUnusualItems,"0","0","0","0","0","0","0","0","0","0","0","0","0","0","0","0","0","0","0","0","0","0","0","0","0","0","0","0","0","0","0","0","0","0","0","0","0","0","0","0","0","0","0","0","0","0","0","0","0","0","0","0","0","0","0","0","0","0","0","0","0","0","0","0","0","0","0","0","0","0","0","0","0","0","0","0","0","0","0","0","0","0","0","0","0","0","0","0","0","0","0","0","0","0","0","0","0","0","0","0","0","0","0","0","0","0","0","0","0","0","0","0","0","0","0","0","0","0","0","0","0","0","0","0","0","0","0","0","0","0","0","0","0","0","0","0","0","0","0","0","0","0","0","0","0","0","0"