name,ttm,12/31/2021,09/30/2021,06/30/2021,03/31/2021,12/31/2020,09/30/2020,06/30/2020,03/31/2020,12/31/2019,09/30/2019,06/30/2019,03/31/2019,12/31/2018,09/30/2018,06/30/2018,03/31/2018,12/31/2017,09/30/2017,06/30/2017,03/31/2017,12/31/2016,09/30/2016,06/30/2016,03/31/2016,12/31/2015,09/30/2015,06/30/2015,03/31/2015,12/31/2014,09/30/2014,06/30/2014,03/31/2014,12/31/2013,09/30/2013,06/30/2013,03/31/2013,12/31/2012,09/30/2012,06/30/2012,03/31/2012,12/31/2011,09/30/2011,06/30/2011,03/31/2011,12/31/2010,09/30/2010,06/30/2010,03/31/2010,12/31/2009,09/30/2009,06/30/2009,03/31/2009,12/31/2008,09/30/2008,06/30/2008,03/31/2008,12/31/2007,09/30/2007,06/30/2007,03/31/2007,12/31/2006,09/30/2006,06/30/2006,03/31/2006,12/31/2005,09/30/2005,06/30/2005,03/31/2005,12/31/2004,09/30/2004,06/30/2004,03/31/2004,12/31/2003,09/30/2003,06/30/2003,03/31/2003,12/31/2002,09/30/2002,06/30/2002,03/31/2002,12/31/2001,09/30/2001,06/30/2001,03/31/2001,12/31/2000,09/30/2000,06/30/2000,03/31/2000,12/31/1999,09/30/1999,06/30/1999,03/31/1999,12/31/1998,09/30/1998,06/30/1998,03/31/1998,12/31/1997,09/30/1997,06/30/1997,03/31/1997,12/31/1996,09/30/1996,06/30/1996,03/31/1996,12/31/1995,09/30/1995,06/30/1995,03/31/1995,12/31/1994,09/30/1994,06/30/1994,03/31/1994,12/31/1993,09/30/1993,06/30/1993,03/31/1993,12/31/1992,09/30/1992,06/30/1992,03/31/1992,12/31/1991,09/30/1991,06/30/1991,03/31/1991,12/31/1990,09/30/1990,06/30/1990,03/31/1990,12/31/1989,09/30/1989,06/30/1989,03/31/1989,12/31/1988,09/30/1988,06/30/1988,03/31/1988,12/31/1987,09/30/1987,06/30/1987,03/31/1987,12/31/1986,09/30/1986,06/30/1986,03/31/1986,12/31/1985,09/30/1985
TotalRevenue,"49,522,000,000","12,933,000,000","12,811,000,000","12,478,000,000","11,300,000,000","10,460,000,000","11,460,000,000","10,022,000,000","10,888,000,000","10,815,000,000","10,884,000,000","10,885,000,000","10,443,000,000","10,193,000,000","9,999,000,000","10,051,000,000","9,773,000,000","10,229,000,000","10,145,000,000","9,850,000,000","9,083,000,000","9,182,000,000","9,156,000,000","9,403,000,000","9,170,000,000","9,152,000,000","10,506,000,000","10,071,000,000","9,979,000,000","10,817,000,000","10,105,000,000","9,682,000,000","9,032,000,000","8,761,000,000","8,894,000,000","8,731,000,000","8,419,000,000","8,402,000,000","8,373,000,000","8,308,000,000","8,268,000,000","8,329,000,000","8,404,000,000","8,247,000,000","8,000,000,000","7,615,000,000","7,441,000,000","7,438,000,000","6,916,000,000","6,635,000,000","7,214,000,000","6,662,000,000","6,307,000,000","6,521,000,000","7,201,000,000","6,849,000,000","6,612,000,000","6,766,000,000","6,883,000,000","6,958,000,000","6,501,000,000","6,558,000,000","6,471,000,000","6,383,000,000","6,251,000,000","6,454,000,000","6,495,000,000","6,708,000,000","6,359,000,000","6,452,000,000","7,149,000,000","6,634,000,000","6,153,000,000","6,505,000,000","6,572,000,000","6,330,000,000","5,845,000,000","5,802,000,000","5,761,000,000","5,902,000,000","5,839,000,000","5,865,000,000","5,286,100,000","1,894,000,000","1,827,500,000","1,743,000,000","1,781,400,000","1,807,100,000","1,790,800,000","1,778,700,000","1,815,600,000","1,881,300,000","1,841,300,000","1,824,700,000","2,069,100,000","1,953,600,000","1,870,800,000","1,520,800,000","1,662,300,000","1,591,200,000","1,574,300,000","1,527,900,000","1,691,100,000","1,628,200,000","1,587,700,000","1,546,800,000","1,479,500,000","1,362,300,000","1,343,100,000","1,326,400,000","1,387,900,000","1,307,700,000","1,261,900,000","1,152,800,000","1,236,800,000","1,216,900,000","1,170,400,000","1,083,300,000","1,149,600,000","1,021,900,000","1,040,500,000","956,700,000","1,071,800,000","1,016,900,000","932,200,000","901,200,000","1,013,900,000","978,700,000","931,900,000","900,800,000","894,800,000","606,100,000","534,900,000","502,400,000","538,000,000","497,100,000","463,100,000","437,700,000","502,500,000","437,900,000","417,800,000","427,700,000","460,000,000","417,600,000","331,900,000","294,200,000","291,100,000"
	OperatingRevenue,"49,522,000,000","12,933,000,000","12,811,000,000","12,478,000,000","11,300,000,000","10,460,000,000","11,460,000,000","10,022,000,000","10,888,000,000","10,815,000,000","10,884,000,000","10,885,000,000","10,443,000,000","10,193,000,000","9,999,000,000","10,051,000,000","9,773,000,000","10,229,000,000","10,145,000,000","9,850,000,000","9,083,000,000","9,182,000,000","9,156,000,000","9,403,000,000","9,170,000,000","9,152,000,000","10,506,000,000","10,071,000,000","9,979,000,000","10,817,000,000","10,105,000,000","9,682,000,000","9,032,000,000","8,761,000,000","8,894,000,000","8,731,000,000","8,419,000,000","8,402,000,000","8,373,000,000","8,308,000,000","8,268,000,000","8,329,000,000","8,404,000,000","8,247,000,000","8,000,000,000","7,615,000,000","7,441,000,000","7,438,000,000","6,916,000,000","6,635,000,000","7,214,000,000","6,662,000,000","6,307,000,000","6,521,000,000","7,201,000,000","6,849,000,000","6,612,000,000","6,766,000,000","6,883,000,000","6,958,000,000","6,501,000,000","6,558,000,000","6,471,000,000","6,383,000,000","6,251,000,000","6,454,000,000","6,495,000,000","6,708,000,000","6,359,000,000","6,452,000,000","7,149,000,000","6,634,000,000","6,153,000,000","6,505,000,000","6,572,000,000","6,330,000,000","5,845,000,000","5,802,000,000","5,761,000,000","5,902,000,000","5,839,000,000","5,865,000,000","5,286,100,000","1,894,000,000","1,827,500,000","1,743,000,000","1,781,400,000","1,807,100,000","1,790,800,000","1,778,700,000","1,815,600,000","1,881,300,000","1,841,300,000","1,824,700,000","2,069,100,000","1,953,600,000","1,870,800,000","1,520,800,000","1,662,300,000","1,591,200,000","1,574,300,000","1,527,900,000","1,691,100,000","1,628,200,000","1,587,700,000","1,546,800,000","1,479,500,000","1,362,300,000","1,343,100,000","1,326,400,000","1,387,900,000","1,307,700,000","1,261,900,000","1,152,800,000","1,236,800,000","1,216,900,000","1,170,400,000","1,083,300,000","1,149,600,000","1,021,900,000","1,040,500,000","956,700,000","1,071,800,000","1,016,900,000","932,200,000","901,200,000","1,013,900,000","978,700,000","931,900,000","900,800,000","894,800,000","606,100,000","534,900,000","502,400,000","538,000,000","497,100,000","463,100,000","437,700,000","502,500,000","437,900,000","417,800,000","427,700,000","460,000,000","417,600,000","331,900,000","294,200,000","291,100,000"
CostOfRevenue,"42,158,000,000","10,918,000,000","10,335,000,000","10,858,000,000","10,047,000,000","9,283,000,000","9,850,000,000","8,709,000,000","9,867,000,000","9,375,000,000","9,745,000,000","9,549,000,000","9,251,000,000","8,838,000,000","8,650,000,000","8,745,000,000","8,753,000,000","8,778,000,000","8,794,000,000","8,648,000,000","8,036,000,000","7,699,000,000","8,067,000,000","8,179,000,000","7,987,000,000","7,951,000,000","9,520,000,000","9,085,000,000","8,990,000,000","9,861,000,000","9,393,000,000","9,045,000,000","8,381,000,000","8,076,000,000","8,225,000,000","8,049,000,000","8,011,000,000","7,865,000,000","7,803,000,000","7,746,000,000","7,733,000,000","7,836,000,000","8,013,000,000","7,716,000,000","7,467,000,000","6,871,000,000","6,772,000,000","6,686,000,000","6,352,000,000","6,106,000,000","6,752,000,000","6,192,000,000","6,054,000,000","6,503,000,000","6,844,000,000","6,590,000,000","6,306,000,000","6,461,000,000","6,577,000,000","6,531,000,000","6,138,000,000","6,221,000,000","6,243,000,000","6,180,000,000","6,098,000,000","6,106,000,000","6,066,000,000","6,182,000,000","5,937,000,000","6,089,000,000","6,687,000,000","6,084,000,000","5,668,000,000","6,111,000,000","6,046,000,000","5,892,000,000","5,465,000,000","5,402,000,000","5,315,000,000","5,438,000,000","5,442,000,000","5,355,000,000","4,952,600,000","1,614,400,000","1,611,200,000","1,482,000,000","1,478,700,000","1,472,900,000","1,429,800,000","1,402,600,000","1,421,000,000","1,465,400,000","1,458,000,000","1,454,500,000","1,685,000,000","1,583,900,000","1,539,700,000","1,208,400,000","1,352,100,000","1,273,000,000","1,261,700,000","1,228,400,000","1,416,100,000","1,345,800,000","1,303,800,000","1,228,300,000","1,150,100,000","1,050,000,000","1,029,800,000","1,014,900,000","1,081,600,000","1,012,000,000","1,001,400,000","889,800,000","983,100,000","933,600,000","899,600,000","845,300,000","883,400,000","796,800,000","820,700,000","748,800,000","846,500,000","786,000,000","716,900,000","689,200,000","763,000,000","757,200,000","729,400,000","732,300,000","635,200,000","480,400,000",,,,,,,,,,,,,,,
GrossProfit,"7,364,000,000","2,015,000,000","2,476,000,000","1,620,000,000","1,253,000,000","1,177,000,000","1,610,000,000","1,313,000,000","1,021,000,000","1,440,000,000","1,139,000,000","1,336,000,000","1,192,000,000","1,355,000,000","1,349,000,000","1,306,000,000","1,020,000,000","1,451,000,000","1,351,000,000","1,202,000,000","1,047,000,000","1,483,000,000","1,089,000,000","1,224,000,000","1,183,000,000","1,201,000,000","986,000,000","986,000,000","989,000,000","956,000,000","712,000,000","637,000,000","651,000,000","685,000,000","669,000,000","682,000,000","408,000,000","537,000,000","570,000,000","562,000,000","535,000,000","493,000,000","391,000,000","531,000,000","533,000,000","744,000,000","669,000,000","752,000,000","564,000,000","529,000,000","462,000,000","470,000,000","253,000,000","18,000,000","357,000,000","259,000,000","306,000,000","305,000,000","306,000,000","427,000,000","363,000,000","337,000,000","228,000,000","203,000,000","153,000,000","348,000,000","429,000,000","526,000,000","422,000,000","363,000,000","462,000,000","550,000,000","485,000,000","394,000,000","526,000,000","438,000,000","380,000,000","400,000,000","446,000,000","464,000,000","397,000,000","510,000,000","333,500,000","279,600,000","216,300,000","261,000,000","302,700,000","334,200,000","361,000,000","376,100,000","394,600,000","415,900,000","383,300,000","370,200,000","384,100,000","369,700,000","331,100,000","312,400,000","310,200,000","318,200,000","312,600,000","299,500,000","275,000,000","282,400,000","283,900,000","318,500,000","329,400,000","312,300,000","313,300,000","311,500,000","306,300,000","295,700,000","260,500,000","263,000,000","253,700,000","283,300,000","270,800,000","238,000,000","266,200,000","225,100,000","219,800,000","207,900,000","225,300,000","230,900,000","215,300,000","212,000,000","250,900,000","221,500,000","202,500,000","168,500,000","259,600,000","125,700,000",,,,,,,,,,,,,,,
OperatingExpense,"2,218,000,000","560,000,000","567,000,000","558,000,000","533,000,000","472,000,000","598,000,000","538,000,000","520,000,000","614,000,000","535,000,000","555,000,000","557,000,000","548,000,000","521,000,000","504,000,000","522,000,000","524,000,000","670,000,000","505,000,000","476,000,000","501,000,000","503,000,000","457,000,000","479,000,000","425,000,000","436,000,000","423,000,000","442,000,000","447,000,000","406,000,000","286,000,000","290,000,000","273,000,000","253,000,000","263,000,000","234,000,000","237,000,000","238,000,000","226,000,000","233,000,000","215,000,000","219,000,000","219,000,000","230,000,000","246,000,000","249,000,000","245,000,000","220,000,000","215,000,000","224,000,000","194,000,000","224,000,000","216,000,000","219,000,000","214,000,000","232,000,000","215,000,000","204,000,000","218,000,000","205,000,000","192,000,000","248,000,000","228,000,000","236,000,000","234,000,000","239,000,000","263,000,000","239,000,000","234,000,000","284,000,000","227,000,000","222,000,000","233,000,000","218,000,000","237,000,000","197,000,000","255,000,000","258,000,000","217,000,000","218,000,000","237,000,000","166,700,000","222,200,000","193,300,000","193,000,000","256,700,000","246,400,000","269,700,000","253,200,000","316,900,000","259,300,000","249,100,000","251,800,000","457,500,000","262,100,000","259,400,000","214,500,000","208,000,000","218,300,000","207,800,000","206,500,000","222,400,000","226,000,000","228,700,000","213,100,000","208,700,000","191,900,000","197,500,000","196,800,000","189,000,000","181,200,000","172,800,000","165,300,000","178,400,000","171,400,000","180,000,000","148,600,000","172,500,000","137,800,000","140,600,000","136,400,000","136,500,000","139,800,000","135,700,000","138,400,000","148,100,000","132,600,000","122,300,000","94,600,000","171,500,000","73,900,000",,,,,,,,,,,,,,,
	SellingGeneralAndAdministration,"2,218,000,000","560,000,000","567,000,000","558,000,000","533,000,000","472,000,000","598,000,000","538,000,000","520,000,000","614,000,000","535,000,000","555,000,000","557,000,000","548,000,000","521,000,000","504,000,000","522,000,000","524,000,000","670,000,000","505,000,000","476,000,000","501,000,000","503,000,000","457,000,000","479,000,000","425,000,000","436,000,000","423,000,000","442,000,000","447,000,000","406,000,000","286,000,000","290,000,000","273,000,000","253,000,000","263,000,000","234,000,000","237,000,000","238,000,000","226,000,000","233,000,000","215,000,000","219,000,000","219,000,000","230,000,000","246,000,000","249,000,000","245,000,000","220,000,000","215,000,000","224,000,000","192,000,000","209,000,000","216,000,000","255,000,000","214,000,000","232,000,000","215,000,000","204,000,000","218,000,000","205,000,000","190,000,000","235,000,000","230,000,000","236,000,000","234,000,000","240,000,000","220,000,000","237,000,000","231,000,000","238,000,000","226,000,000","208,000,000","208,000,000","208,000,000","218,000,000","197,000,000","208,000,000","205,000,000","217,000,000","218,000,000","237,000,000","192,000,000","213,800,000","184,800,000","185,000,000","180,300,000","172,600,000","197,400,000","181,700,000","244,200,000","184,400,000","179,100,000","178,300,000","378,900,000","192,500,000","188,800,000","156,900,000","149,900,000","161,200,000","150,500,000","148,600,000","162,900,000","166,000,000","167,200,000","154,800,000","153,900,000","141,000,000","147,900,000","147,700,000","141,900,000","134,100,000","126,700,000","119,700,000","133,600,000","127,500,000","128,100,000","115,400,000","110,700,000","101,400,000","104,600,000","100,600,000","113,300,000","99,000,000","97,300,000","105,000,000","109,800,000","104,000,000","94,100,000","89,900,000","86,700,000","73,900,000",,,,,,,,,,,,,,,
	DepreciationAmortizationDepletionIncomeStatement,,,,,,,,,,,,,,,,,,,,,,,,,,,,,,,,,,,,,,,,,,,,,,,,,,,,,,,,,,,,,,,,,,,,,,,,,,,,,,,,,,,,"8,400,000","8,500,000","8,000,000","76,400,000","73,800,000","72,300,000","71,500,000","72,700,000","74,900,000","70,000,000","73,500,000","78,600,000","69,600,000","70,600,000","57,600,000","58,100,000","57,100,000","57,300,000","57,900,000","59,500,000","60,000,000","61,500,000","58,300,000","54,800,000","50,900,000","49,600,000","49,100,000","47,100,000","47,100,000","46,100,000","45,600,000","44,800,000","43,900,000","51,900,000","33,200,000","61,800,000","36,400,000","36,000,000","35,800,000","23,200,000","40,800,000","38,400,000","33,400,000","38,300,000","28,600,000","28,200,000","4,700,000",,,,,,,,,,,,,,,,,
		DepreciationAndAmortizationInIncomeStatement,,,,,,,,,,,,,,,,,,,,,,,,,,,,,,,,,,,,,,,,,,,,,,,,,,,,,,,,,,,,,,,,,,,,,,,,,,,,,,,,,,,,"8,400,000","8,500,000","8,000,000","76,400,000","73,800,000","72,300,000","71,500,000","72,700,000","74,900,000","70,000,000","73,500,000","78,600,000","69,600,000","70,600,000","57,600,000","58,100,000","57,100,000","57,300,000","57,900,000","59,500,000","60,000,000","61,500,000","58,300,000","54,800,000","50,900,000","49,600,000","49,100,000","47,100,000","47,100,000","46,100,000","45,600,000","44,800,000","43,900,000","51,900,000","33,200,000","61,800,000","36,400,000","36,000,000","35,800,000","23,200,000","40,800,000","38,400,000","33,400,000","38,300,000","28,600,000","28,200,000","4,700,000",,,,,,,,,,,,,,,,,
			Amortization,,,,,,,,,,,,,,,,,,,,,,,,,,,,,,,,,,,,,,,,,,,,,,,,,,,,,,,,,,,,,,,,,,,,,,,,,,,,,,,,,,,,"8,400,000","8,500,000","8,000,000",,,,,,,,,,,,,,,,,,,,,,,,,,,,,,,,,,,,,,,,,,,,,,,,,,,,,,,,,,,,,
				AmortizationOfIntangiblesIncomeStatement,,,,,,,,,,,,,,,,,,,,,,,,,,,,,,,,,,,,,,,,,,,,,,,,,,,,,,,,,,,,,,,,,,,,,,,,,,,,,,,,,,,,"8,400,000","8,500,000","8,000,000",,,,,,,,,,,,,,,,,,,,,,,,,,,,,,,,,,,,,,,,,,,,,,,,,,,,,,,,,,,,,
	OtherOperatingExpenses,,,,,,,,,,,,,,,,,,,,,,,,,,,,,,,,,,,,,,,,,,,,,,,,,,,"0","2,000,000","15,000,000",,,,,,"0",,,"2,000,000","13,000,000","-2,000,000",,,"-1,000,000","43,000,000","2,000,000","3,000,000","46,000,000","1,000,000","14,000,000","25,000,000","10,000,000","19,000,000",,"47,000,000",,,,,,,,,,,,,,,,,,,,,,,,,,,,,,,,,,,,,,,,,,,,,,,,,,,,,,,,,,,,,,,,,,,,,
OperatingIncome,"5,146,000,000","1,455,000,000","1,909,000,000","1,062,000,000","720,000,000","705,000,000","1,012,000,000","775,000,000","501,000,000","826,000,000","604,000,000","781,000,000","635,000,000","807,000,000","828,000,000","802,000,000","498,000,000","927,000,000","681,000,000","697,000,000","571,000,000","982,000,000","586,000,000","767,000,000","704,000,000","776,000,000","550,000,000","563,000,000","547,000,000","509,000,000","306,000,000","351,000,000","361,000,000","412,000,000","416,000,000","419,000,000","174,000,000","300,000,000","332,000,000","336,000,000","302,000,000","278,000,000","172,000,000","312,000,000","303,000,000","498,000,000","420,000,000","507,000,000","344,000,000","314,000,000","238,000,000","276,000,000","29,000,000","-198,000,000","138,000,000","45,000,000","74,000,000","90,000,000","102,000,000","209,000,000","158,000,000","145,000,000","-20,000,000","-25,000,000","-83,000,000","114,000,000","190,000,000","263,000,000","183,000,000","129,000,000","178,000,000","323,000,000","263,000,000","161,000,000","308,000,000","201,000,000","183,000,000","145,000,000","188,000,000","247,000,000","179,000,000","273,000,000","166,800,000","57,400,000","23,000,000","68,000,000","46,000,000","87,800,000","91,300,000","122,900,000","77,700,000","156,600,000","134,200,000","118,400,000","-73,400,000","107,600,000","71,700,000","97,900,000","102,200,000","99,900,000","104,800,000","93,000,000","52,600,000","56,400,000","55,200,000","105,400,000","120,700,000","120,400,000","115,800,000","114,700,000","117,300,000","114,500,000","87,700,000","97,700,000","75,300,000","111,900,000","90,800,000","89,400,000","93,700,000","87,300,000","79,200,000","71,500,000","88,800,000","91,100,000","79,600,000","73,600,000","102,800,000","88,900,000","80,200,000","73,900,000","88,100,000","51,800,000","534,900,000","502,400,000","-1,273,400,000","497,100,000","463,100,000","437,700,000","-1,137,100,000","437,900,000","417,800,000","427,700,000","-928,600,000","417,600,000","331,900,000","294,200,000","-755,700,000"
NetNonOperatingInterestIncomeExpense,"-409,000,000","-97,000,000","-101,000,000","-103,000,000","-108,000,000","-108,000,000","-123,000,000","-119,000,000","-116,000,000","-117,000,000","-121,000,000","-119,000,000","-114,000,000","-97,000,000","-86,000,000","-87,000,000","-84,000,000","-86,000,000","-92,000,000","-69,000,000","-55,000,000","-56,000,000","-57,000,000","-58,000,000","-63,000,000","-65,000,000","-69,000,000","-70,000,000","-70,000,000","-75,000,000","-53,000,000","-24,000,000","-22,000,000","-26,000,000","-34,000,000","-34,000,000","-34,000,000","-36,000,000","-37,000,000","-213,000,000","-47,000,000","-47,000,000","-52,000,000","-56,000,000","-60,000,000","-63,000,000","-62,000,000","-98,000,000","-96,000,000","-77,000,000","-82,000,000","-83,000,000","-69,000,000",,,,,,,,,,,,,,,,,,,,,,,,,,,,,,,,,,,,,,,,,,,,,,,,,,,,,,,,,,,,,,,,,,,,,,,,,,,,,,,,,,,,,,,,,,,,,,
	InterestIncomeNonOperating,"9,000,000","3,000,000","2,000,000","2,000,000","2,000,000","2,000,000","1,000,000","3,000,000","3,000,000","3,000,000","2,000,000","2,000,000","5,000,000","2,000,000","1,000,000","2,000,000","2,000,000","2,000,000","2,000,000","2,000,000","1,000,000","2,000,000","1,000,000","2,000,000","1,000,000","2,000,000","3,000,000","3,000,000","1,000,000","2,000,000","1,000,000","1,000,000","3,000,000","2,000,000","2,000,000","2,000,000","2,000,000","1,000,000","3,000,000","2,000,000","5,000,000","2,000,000","3,000,000","2,000,000","3,000,000","3,000,000","3,000,000","4,000,000","4,000,000","3,000,000","3,000,000","5,000,000","5,000,000",,,,,,,,,,,,,,,,,,,,,,,,,,,,,,,,,,,,,,,,,,,,,,,,,,,,,,,,,,,,,,,,,,,,,,,,,,,,,,,,,,,,,,,,,,,,,,
	InterestExpenseNonOperating,"418,000,000","100,000,000","103,000,000","105,000,000","110,000,000","110,000,000","124,000,000","122,000,000","119,000,000","120,000,000","123,000,000","121,000,000","119,000,000","99,000,000","87,000,000","89,000,000","86,000,000","88,000,000","94,000,000","71,000,000","56,000,000","58,000,000","58,000,000","60,000,000","64,000,000","67,000,000","72,000,000","73,000,000","71,000,000","77,000,000","54,000,000","25,000,000","25,000,000","28,000,000","36,000,000","36,000,000","36,000,000","37,000,000","40,000,000","215,000,000","52,000,000","49,000,000","55,000,000","58,000,000","63,000,000","66,000,000","65,000,000","102,000,000","100,000,000","80,000,000","85,000,000","88,000,000","74,000,000",,,,,,,,,,,,,,,,,,,,,,,,,,,,,,,,,,,,,,,,,,,,,,,,,,,,,,,,,,,,,,,,,,,,,,,,,,,,,,,,,,,,,,,,,,,,,,
OtherIncomeExpense,"98,000,000","52,000,000","27,000,000","7,000,000","12,000,000","19,000,000","-2,000,000","11,000,000","106,000,000","16,000,000","-17,000,000","62,000,000","7,000,000","3,000,000","15,000,000","8,000,000","9,000,000","1,000,000","-9,000,000","-11,000,000","3,000,000","-14,000,000","2,000,000","2,000,000","3,000,000","1,000,000","4,000,000","25,000,000","6,000,000","1,000,000","-35,000,000","-17,000,000","2,000,000","-3,000,000","1,000,000",,"19,000,000",,"6,000,000","3,000,000","2,000,000","12,000,000","5,000,000","7,000,000","-2,000,000","10,000,000","-35,000,000","-14,000,000",,"-1,000,000","-560,000,000","3,000,000","-3,000,000","-18,000,000","41,000,000","1,000,000","-29,000,000","13,000,000","10,000,000","7,000,000","5,000,000","-2,000,000","-4,000,000","14,000,000","-59,000,000","-3,000,000","-3,000,000","-49,000,000","-7,000,000","2,000,000","-57,000,000","1,000,000","-17,000,000","-28,000,000","-13,000,000","-28,000,000","-1,000,000","-52,000,000","-38,000,000","-4,000,000",,,"-3,000,000","1,300,000","-4,200,000","-1,000,000","6,100,000","-4,600,000","-300,000","-2,200,000","15,300,000","-13,900,000","2,200,000","4,500,000","-1,300,000","4,000,000","3,200,000","600,000","800,000",,"-2,100,000","41,500,000","2,400,000","-300,000","1,400,000","-7,600,000","3,900,000","4,600,000","-15,300,000","-5,100,000","3,700,000","-211,400,000","3,000,000","-7,900,000","26,600,000","-7,200,000","2,500,000","-7,000,000","1,000,000","2,100,000","900,000","2,200,000",,,,,,,,,,,,,,,,,,,,,,,,,
	SpecialIncomeCharges,,,,,,,,,,,,,,,,,,,,,,,,,,,,,,,,,,,,,,,"-17,000,000","3,000,000","2,000,000","12,000,000","5,000,000","7,000,000","-2,000,000","10,000,000","-35,000,000","-14,000,000",,"-1,000,000","-560,000,000","3,000,000","-3,000,000","-18,000,000","41,000,000","1,000,000","-29,000,000","13,000,000","10,000,000","7,000,000","5,000,000","-2,000,000","-4,000,000","14,000,000","-59,000,000","-3,000,000","-3,000,000","-49,000,000","-7,000,000","2,000,000","-57,000,000","1,000,000","-17,000,000","-28,000,000","-13,000,000","-28,000,000","-1,000,000","-52,000,000","-38,000,000","-4,000,000",,,"-3,000,000","1,300,000","-4,200,000","-1,000,000","6,100,000","-4,600,000","-300,000","-2,200,000","15,300,000","-13,900,000","2,200,000","4,500,000","-1,300,000","4,000,000","3,200,000","600,000","800,000",,"-2,100,000","41,500,000","2,400,000","-300,000","1,400,000","-7,600,000","3,900,000","4,600,000","-15,300,000","-5,100,000","3,700,000","-211,400,000","3,000,000","-7,900,000","26,600,000","-7,200,000","2,500,000","-7,000,000","1,000,000","2,100,000","900,000","2,200,000",,,,,,,,,,,,,,,,,,,,,,,,,
		RestructuringAndMergernAcquisition,,,,,,,,,,,,,,,,,,,,,,,,,,,,,,,,,,,,,,,,,,,,,,,,,,,,,,,,,"30,000,000","6,000,000",,,,,,,"59,000,000",,,,,,,,,,,,,,,,,,,,,,,,,,,,,,,,,,,,,,,,,,,,,,,,,,,,,,,,,,,,,,,,,,,,,,,,,,,,,,,,,,
		OtherSpecialCharges,,,,,,,,,,,,,,,,,,,,,,,,,,,,,,,,,,,,,,,,,,,,,,,,,,,,,,,,,"-1,000,000","-19,000,000",,,,,,,,,,,,,,,,,,,,,,,,,,,,,,,,,,,,,,,,,,,,,,,,,,,,,,,,,,,,,,,,,,,,,,,,,,,,,,,,,,,,,,,,,
	OtherNonOperatingIncomeExpenses,"98,000,000","52,000,000","27,000,000","7,000,000","12,000,000","19,000,000","-2,000,000","11,000,000","106,000,000","16,000,000","-17,000,000","62,000,000","7,000,000","3,000,000","15,000,000","8,000,000","9,000,000","1,000,000","-9,000,000","-11,000,000","3,000,000","-14,000,000","2,000,000","2,000,000","3,000,000","1,000,000","4,000,000","25,000,000","6,000,000","1,000,000","-35,000,000","-17,000,000","2,000,000","-3,000,000","1,000,000",,"19,000,000",,,,,,,,,,,,,,,,,,,,,,,,,,,,,,,,,,,,,,,,,,,,,,,,,,,,,,,,,,,,,,,,,,,,,,,,,,,,,,,,,,,,,,,,,,,,,,,,,,,,,,,,,,,,,,
PretaxIncome,"4,835,000,000","1,410,000,000","1,835,000,000","966,000,000","624,000,000","616,000,000","887,000,000","667,000,000","491,000,000","725,000,000","466,000,000","724,000,000","528,000,000","713,000,000","757,000,000","723,000,000","423,000,000","842,000,000","580,000,000","617,000,000","519,000,000","912,000,000","531,000,000","711,000,000","644,000,000","712,000,000","485,000,000","518,000,000","483,000,000","435,000,000","218,000,000","310,000,000","341,000,000","383,000,000","383,000,000","385,000,000","159,000,000","264,000,000","301,000,000","126,000,000","257,000,000","243,000,000","125,000,000","263,000,000","241,000,000","445,000,000","323,000,000","395,000,000","249,000,000","236,000,000","-404,000,000","196,000,000","-43,000,000","-275,000,000","89,000,000","-2,000,000","-8,000,000","52,000,000","56,000,000","161,000,000","107,000,000","86,000,000","-77,000,000","-76,000,000","-200,000,000","60,000,000","131,000,000","201,000,000","120,000,000","76,000,000","100,000,000","258,000,000","188,000,000","89,000,000","228,000,000","123,000,000","111,000,000","61,000,000","129,000,000","167,000,000","103,000,000","194,000,000","83,500,000","31,000,000","-9,500,000","41,000,000","26,600,000","60,100,000","57,500,000","89,800,000","60,000,000","109,100,000","101,600,000","88,600,000","-111,200,000","74,000,000","36,900,000","71,300,000","75,800,000","71,800,000","76,500,000","105,600,000","23,100,000","23,200,000","23,100,000","66,500,000","94,400,000","93,600,000","77,800,000","84,200,000","96,400,000","-121,300,000","70,700,000","72,800,000","85,100,000","86,600,000","74,400,000","63,500,000","75,900,000","71,600,000","60,400,000","53,200,000","71,600,000","67,700,000","55,200,000","48,200,000","62,200,000","55,800,000","43,800,000","38,300,000","51,400,000","47,300,000",,,,,,,,,,,,,,,
TaxProvision,"1,121,000,000","284,000,000","477,000,000","213,000,000","147,000,000","144,000,000","192,000,000","140,000,000","124,000,000","164,000,000","94,000,000","43,000,000","98,000,000","161,000,000","220,000,000","181,000,000","107,000,000","-790,000,000","185,000,000","169,000,000","178,000,000","318,000,000","139,000,000","226,000,000","210,000,000","251,000,000","226,000,000","174,000,000","172,000,000","125,000,000","82,000,000","52,000,000","131,000,000","131,000,000","124,000,000","136,000,000","53,000,000","96,000,000","120,000,000","53,000,000","91,000,000","87,000,000","30,000,000","75,000,000","85,000,000","151,000,000","115,000,000","153,000,000","93,000,000","77,000,000","52,000,000","70,000,000","47,000,000","-155,000,000","44,000,000","1,000,000","-3,000,000","18,000,000","24,000,000","50,000,000","39,000,000","29,000,000","-26,000,000","-24,000,000","-73,000,000","21,000,000","33,000,000","70,000,000","44,000,000","28,000,000","34,000,000","97,000,000","69,000,000","32,000,000","81,000,000","44,000,000","39,000,000","22,000,000","45,000,000","60,000,000","38,000,000","67,000,000","36,000,000","11,600,000","-3,500,000","14,000,000","8,800,000","19,600,000","21,800,000","32,800,000","18,900,000","40,700,000","37,000,000","32,800,000","-21,500,000","27,400,000","13,600,000","26,400,000","28,000,000","26,600,000","28,300,000","61,000,000","8,500,000","8,600,000","8,700,000","23,200,000","35,600,000","35,900,000","27,400,000","32,000,000","37,600,000","27,100,000","27,600,000","28,400,000","44,000,000","32,900,000","28,300,000","24,100,000","28,400,000","27,300,000","23,600,000","21,300,000","28,600,000","27,100,000","22,100,000","19,300,000","25,000,000","22,300,000","17,500,000","15,300,000","19,800,000","19,800,000",,,,,,,,,,,,,,,
NetIncomeCommonStockholders,"3,701,000,000","1,121,000,000","1,355,000,000","749,000,000","476,000,000","467,000,000","692,000,000","527,000,000","364,000,000","557,000,000","369,000,000","676,000,000","426,000,000","551,000,000","537,000,000","541,000,000","315,000,000","1,631,000,000","394,000,000","447,000,000","340,000,000","593,000,000","391,000,000","484,000,000","432,000,000","461,000,000","258,000,000","343,000,000","310,000,000","309,000,000","137,000,000","260,000,000","213,000,000","254,000,000","261,000,000","249,000,000","95,000,000","173,000,000","185,000,000","76,000,000","166,000,000","156,000,000","97,000,000","196,000,000","159,000,000","298,000,000","213,000,000","248,000,000","159,000,000","160,000,000","-455,000,000","134,000,000","-104,000,000","-112,000,000","48,000,000","9,000,000","-5,000,000","34,000,000","32,000,000","111,000,000","68,000,000","57,000,000","-56,000,000","-52,000,000","-127,000,000","39,000,000","98,000,000","131,000,000","76,000,000","48,000,000","66,000,000","161,000,000","119,000,000","57,000,000","147,000,000","79,000,000","72,000,000","39,000,000","84,000,000","107,000,000","65,000,000","127,000,000","47,500,000","19,400,000","-6,000,000","27,000,000","17,800,000","40,500,000","35,700,000","57,000,000","41,100,000","68,400,000","64,600,000","55,800,000","-89,700,000","46,600,000","23,300,000","44,900,000","47,800,000","45,200,000","48,200,000","44,600,000","14,600,000","14,600,000","14,400,000","43,300,000","58,800,000","57,700,000","50,400,000","52,200,000","58,800,000","-148,400,000","43,100,000","44,400,000","41,100,000","53,700,000","46,100,000","39,400,000","47,500,000","44,300,000","36,800,000","31,900,000","43,000,000","40,600,000","33,100,000","28,900,000","37,200,000","33,500,000","26,300,000","23,000,000","31,600,000","27,500,000",,,,,,,,,,,,,,,
	NetIncome,"3,701,000,000","1,121,000,000","1,355,000,000","749,000,000","476,000,000","467,000,000","692,000,000","527,000,000","364,000,000","557,000,000","369,000,000","676,000,000","426,000,000","551,000,000","537,000,000","541,000,000","315,000,000","1,631,000,000","394,000,000","447,000,000","340,000,000","593,000,000","391,000,000","484,000,000","432,000,000","461,000,000","258,000,000","343,000,000","310,000,000","309,000,000","137,000,000","260,000,000","213,000,000","254,000,000","261,000,000","249,000,000","95,000,000","173,000,000","185,000,000","76,000,000","166,000,000","156,000,000","97,000,000","196,000,000","159,000,000","298,000,000","213,000,000","248,000,000","159,000,000","160,000,000","-455,000,000","134,000,000","-104,000,000","-112,000,000","48,000,000","9,000,000","-5,000,000","34,000,000","32,000,000","111,000,000","68,000,000","57,000,000","-56,000,000","-52,000,000","-127,000,000","39,000,000","98,000,000","131,000,000","76,000,000","48,000,000","66,000,000","161,000,000","119,000,000","57,000,000","147,000,000","79,000,000","72,000,000","39,000,000","84,000,000","107,000,000","65,000,000","127,000,000","47,500,000","19,400,000","-6,000,000","27,000,000","17,800,000","40,500,000","35,700,000","57,000,000","41,100,000","68,400,000","64,600,000","55,800,000","-89,700,000","46,600,000","23,300,000","44,900,000","47,800,000","45,200,000","48,200,000","44,600,000","14,600,000","14,600,000","14,400,000","43,300,000","58,800,000","57,700,000","50,400,000","52,200,000","58,800,000","-148,400,000","43,100,000","44,400,000","41,100,000","53,700,000","46,100,000","39,400,000","47,500,000","44,300,000","36,800,000","31,900,000","43,000,000","40,600,000","33,100,000","28,900,000","37,200,000","33,500,000","26,300,000","23,000,000","31,600,000","27,500,000",,,,,,,,,,,,,,,
		NetIncomeIncludingNoncontrollingInterests,"3,714,000,000","1,126,000,000","1,358,000,000","753,000,000","477,000,000","472,000,000","695,000,000","527,000,000","367,000,000","561,000,000","372,000,000","681,000,000","430,000,000","552,000,000","537,000,000","542,000,000","316,000,000","1,632,000,000","395,000,000","448,000,000","341,000,000","594,000,000","392,000,000","485,000,000","434,000,000","461,000,000","259,000,000","344,000,000","311,000,000","310,000,000","136,000,000","258,000,000","210,000,000","252,000,000","259,000,000","245,000,000","106,000,000","168,000,000","181,000,000","73,000,000","166,000,000","156,000,000","95,000,000","188,000,000","156,000,000","294,000,000","208,000,000","242,000,000","156,000,000","159,000,000","-455,000,000","133,000,000","-104,000,000","-114,000,000","48,000,000","9,000,000","-5,000,000","34,000,000","32,000,000","111,000,000","68,000,000","57,000,000","-56,000,000","-52,000,000","-127,000,000","39,000,000","98,000,000","131,000,000","76,000,000","48,000,000","66,000,000","161,000,000","119,000,000","57,000,000","147,000,000","79,000,000","72,000,000","39,000,000","84,000,000","107,000,000","65,000,000","127,000,000","65,200,000","21,300,000","-6,500,000","27,000,000","17,600,000","34,800,000","39,400,000","59,200,000","43,600,000","71,500,000","67,500,000","58,800,000","-89,700,000","46,600,000","23,300,000","44,900,000","47,800,000","45,200,000","48,200,000","44,600,000","14,600,000","14,600,000","14,800,000","39,600,000","58,200,000","58,600,000","44,800,000","52,200,000","58,800,000","-148,400,000","43,100,000","44,400,000","41,100,000","53,700,000","46,100,000","39,400,000","47,500,000","44,300,000","36,800,000","31,900,000","43,000,000","40,600,000","33,100,000","28,900,000","37,200,000","33,500,000","26,300,000","23,000,000","31,600,000","27,500,000","21,700,000","19,900,000","24,600,000","21,100,000","17,900,000","17,800,000","18,700,000","17,600,000","16,100,000","15,500,000","14,600,000","13,400,000","11,300,000","10,800,000","8,700,000"
			NetIncomeContinuousOperations,"3,714,000,000","1,126,000,000","1,358,000,000","753,000,000","477,000,000","472,000,000","695,000,000","527,000,000","367,000,000","561,000,000","372,000,000","681,000,000","430,000,000","552,000,000","537,000,000","542,000,000","316,000,000","1,632,000,000","395,000,000","448,000,000","341,000,000","594,000,000","392,000,000","485,000,000","434,000,000","461,000,000","259,000,000","344,000,000","311,000,000","310,000,000","136,000,000","258,000,000","210,000,000","252,000,000","259,000,000","249,000,000","106,000,000","168,000,000","181,000,000","73,000,000","166,000,000","156,000,000","95,000,000","188,000,000","156,000,000","294,000,000","208,000,000","242,000,000","156,000,000","159,000,000","-455,000,000","127,000,000","-90,000,000","-118,000,000","45,000,000","-3,000,000","-5,000,000","34,000,000","32,000,000","111,000,000","68,000,000","57,000,000","-51,000,000","-52,000,000","-127,000,000","39,000,000","98,000,000","131,000,000","76,000,000","48,000,000","66,000,000","161,000,000","119,000,000","57,000,000","147,000,000","79,000,000","72,000,000","39,000,000","84,000,000","107,000,000","65,000,000","127,000,000","47,500,000","19,400,000","-6,000,000","27,000,000","17,800,000","40,500,000","35,700,000","57,000,000","41,100,000","68,400,000","64,600,000","55,800,000","-89,700,000","46,600,000","23,300,000","44,900,000","47,800,000","45,200,000","48,200,000","44,600,000","14,600,000","14,600,000","14,400,000","43,300,000","58,800,000","57,700,000","50,400,000","52,200,000","58,800,000","-148,400,000","43,100,000","44,400,000","41,100,000","53,700,000","46,100,000","39,400,000","47,500,000","44,300,000","36,800,000","31,900,000","43,000,000","40,600,000","33,100,000","28,900,000","37,200,000","33,500,000","26,300,000","23,000,000","31,600,000","27,500,000","21,700,000","19,900,000","24,600,000","21,100,000","17,900,000","17,800,000","18,700,000","17,600,000","16,100,000","15,500,000","14,600,000","13,400,000","11,300,000","10,800,000","8,700,000"
			NetIncomeDiscontinuousOperations,,,,,,,,,,,,,,,,,,,,,,,,,,,,,,,"0","0","0","0","0","-4,000,000",,,,,,,,,,,"0","0","0","0","0","7,000,000","-14,000,000","6,000,000",,"12,000,000",,,,,,,,,,,,,,,,,,,,,,,,,,,,,,,,,,,,,,,,,,,,,,,,,,,,,,,,,,,,,,,,,,,,,,,,,,,,,,,,,,,,,,,,,,,
		MinorityInterests,"-13,000,000","-5,000,000","-3,000,000","-4,000,000","-1,000,000","-5,000,000","-3,000,000","0","-3,000,000","-4,000,000","-3,000,000","-5,000,000","-4,000,000","-1,000,000","0","-1,000,000","-1,000,000","-1,000,000","-1,000,000","-1,000,000","-1,000,000","-1,000,000","-1,000,000","-1,000,000","-2,000,000","0","-1,000,000","-1,000,000","-1,000,000","-1,000,000","1,000,000","2,000,000","3,000,000","2,000,000","2,000,000","4,000,000","-11,000,000","5,000,000","4,000,000","3,000,000","0","0","2,000,000","8,000,000","3,000,000","4,000,000","5,000,000","6,000,000","3,000,000","1,000,000","1,000,000","1,000,000","0","2,000,000",,,,,,,,,,,,,,,,,,,,,,,,,,,,,"-17,700,000","-1,900,000","500,000",,,"5,700,000","-3,700,000","-2,200,000","-2,500,000","-3,100,000","-2,900,000","-3,000,000",,,,,,,,,"0",,"-400,000","3,700,000","600,000","-900,000","5,600,000",,,,,,,,,,,,,,,,,,,,,,,,,,,,,,,,,,,,,,
DilutedNIAvailtoComStockholders,"3,701,000,000","1,121,000,000","1,355,000,000","749,000,000","476,000,000","467,000,000","692,000,000","527,000,000","364,000,000","557,000,000","369,000,000","676,000,000","426,000,000","551,000,000","537,000,000","541,000,000","315,000,000","1,631,000,000","394,000,000","447,000,000","340,000,000","593,000,000","391,000,000","484,000,000","432,000,000","461,000,000","258,000,000","343,000,000","310,000,000","309,000,000","137,000,000","260,000,000","213,000,000","254,000,000","261,000,000","249,000,000","95,000,000","173,000,000","185,000,000","76,000,000","166,000,000","156,000,000","97,000,000","196,000,000","159,000,000","298,000,000","213,000,000","248,000,000","159,000,000","160,000,000","-455,000,000","134,000,000","-104,000,000","-112,000,000","48,000,000","9,000,000","-5,000,000","34,000,000","32,000,000","111,000,000","68,000,000","57,000,000","-56,000,000","-52,000,000","-127,000,000","39,000,000","98,000,000","131,000,000","76,000,000","48,000,000","66,000,000","161,000,000","119,000,000","57,000,000","147,000,000","79,000,000","72,000,000","39,000,000","84,000,000","107,000,000","65,000,000","127,000,000","47,500,000","19,400,000","-6,000,000","27,000,000","17,800,000","40,500,000","35,700,000","57,000,000","41,100,000","68,400,000","64,600,000","55,800,000","-89,700,000","46,600,000","23,300,000","44,900,000","47,800,000","45,200,000","48,200,000","44,600,000","14,600,000","14,600,000","14,400,000","43,300,000","58,800,000","57,700,000","50,400,000","52,200,000","58,800,000","-148,400,000","43,100,000","44,400,000","41,100,000","53,700,000","46,100,000","39,400,000","47,500,000","44,300,000","36,800,000","31,900,000","43,000,000","40,600,000","33,100,000","28,900,000","37,200,000","33,500,000","26,300,000","23,000,000","31,600,000","27,500,000",,,,,,,,,,,,,,,
BasicEPS,,"3.16","3.81","2.11","1.34","1.31","1.95","1.48","1.03","1.56","1.03","1.9","1.2","1.54","1.5","1.52","0.88","4.54","1.1","1.24","0.95","1.64",,"1.29","1.14","1.18",,"0.86","0.78","0.77",,"0.75","0.64","0.76",,"0.72","0.27","0.5",,"0.21","0.47","0.43",,"0.53","0.43","0.81",,"0.68","0.43","0.83",,"0.37","-0.29","-0.3",,"0.03","-0.014","0.1",,"0.32","0.2","0.17",,"-0.15","-0.36","0.12",,"0.39","0.23","0.14",,"0.46","0.34","0.17",,"0.23","0.21","0.11",,"0.31","0.19","0.36",,"0.09","-0.03","0.12",,"0.18","0.16","0.25",,"0.3","0.28","0.24",,"0.2","0.1","0.21",,"0.21","0.22","0.21",,"0.07","0.07","0.2",,"0.27","0.23","0.24",,"-0.67","0.19","0.2",,"0.24","0.21","0.18",,"0.21","0.18","0.15",,"0.19","0.16","0.14",,"0.17","0.13","0.12",,"0.15","0.11","0.11",,"0.11","0.09","0.09",,"0.09","0.09","0.08",,"0.07","0.06","0.06",
DilutedEPS,,"3.07","3.71","2.05","1.3","1.28","1.9","1.44","1","1.52","1.01","1.84","1.17","1.5","1.47","1.47","0.85","4.4","1.07","1.21","0.92","1.59",,"1.25","1.1","1.15",,"0.83","0.75","0.74",,"0.73","0.6","0.72",,"0.68","0.26","0.48",,"0.21","0.44","0.42",,"0.51","0.42","0.78",,"0.65","0.42","0.42",,"0.35","-0.29","-0.3",,"0.03","-0.02","0.1",,"0.31","0.19","0.16",,"-0.15","-0.37","0.11",,"0.36","0.21","0.14",,"0.45","0.33","0.16",,"0.23","0.2","0.11",,"0.3","0.18","0.36",,"0.09","-0.03","0.12",,"0.18","0.16","0.25",,"0.3","0.28","0.24",,"0.2","0.1","0.21",,"0.21","0.22","0.2",,"0.07","0.07","0.2",,"0.27","0.23","0.24",,"-0.67","0.19","0.2",,"0.24","0.21","0.18",,"0.21","0.18","0.15",,"0.19","0.16","0.14",,"0.17","0.13","0.12",,"0.15","0.11","0.11",,"0.11","0.09","0.09",,"0.09","0.09","0.08",,"0.07","0.06","0.06",
BasicAverageShares,,"362,000,000","363,000,000","363,000,000","363,000,000","363,000,000","362,000,000","362,000,000","363,000,000","363,000,000","363,000,000","363,000,000","364,000,000","364,000,000","364,000,000","365,000,000","366,000,000","366,000,000","366,000,000","366,000,000","365,000,000","367,000,000",,"382,000,000","388,000,000","395,000,000",,"405,000,000","404,000,000","406,000,000",,"350,000,000","343,000,000","341,000,000",,"353,000,000","353,000,000","355,000,000",,"291,000,000","294,000,000","297,000,000",,"304,000,000","305,000,000","304,000,000",,"304,000,000","303,000,000","303,000,000",,"302,000,000","303,000,000","303,000,000",,"280,000,000","350,000,000","279,000,000",,"279,000,000","271,000,000","264,000,000",,"249,000,000","346,000,000","243,000,000",,"243,000,000","242,000,000","242,000,000",,"345,000,000","345,000,000","345,000,000",,"345,000,000","346,000,000","347,000,000",,"348,000,000","348,000,000","348,000,000",,"220,700,000","221,400,000","223,000,000",,"224,600,000","225,700,000","227,800,000",,"228,000,000","230,714,286","232,500,000",,"233,000,000","233,000,000","213,809,524",,"215,238,095","219,090,909","212,380,952",,"208,571,429","205,714,286","216,500,000",,"213,703,704","219,130,435","217,500,000",,"221,492,537","226,842,105","222,000,000",,"223,750,000","219,523,810","218,888,889",,"210,952,381","204,444,444","212,666,667",,"213,684,211","206,875,000","206,428,571",,"197,058,824","202,307,692","191,666,667",,"183,333,333","191,334,000","191,334,000",,"195,475,000","195,475,000","192,018,000",,"192,162,000","192,162,000","191,544,000",,"200,912,000","200,912,000","191,319,000",
DilutedAverageShares,,"365,000,000","366,000,000","366,000,000","365,000,000","365,000,000","364,000,000","364,000,000","365,000,000","367,000,000","367,000,000","367,000,000","366,000,000","366,000,000","367,000,000","369,000,000","370,000,000","371,000,000","369,000,000","370,000,000","370,000,000","373,000,000",,"388,000,000","393,000,000","400,000,000",,"414,000,000","415,000,000","416,000,000",,"356,000,000","356,000,000","354,000,000",,"366,176,471","365,384,615","360,416,667",,"369,000,000","373,000,000","376,000,000",,"383,000,000","383,000,000","379,000,000",,"382,000,000","378,000,000","377,000,000",,"378,000,000","373,000,000","373,000,000",,"350,000,000","350,000,000","355,000,000",,"356,000,000","354,000,000","353,000,000",,"345,000,000","346,000,000","358,000,000",,"358,000,000","357,000,000","356,000,000",,"358,000,000","356,000,000","356,000,000",,"351,000,000","352,000,000","354,000,000",,"355,000,000","355,000,000","355,000,000",,"221,700,000","221,400,000","224,000,000",,"225,000,000","225,700,000","228,400,000",,"228,000,000","230,714,286","232,500,000",,"233,000,000","233,000,000","213,809,524",,"215,238,095","219,090,909","223,000,000",,"208,571,429","205,714,286","216,500,000",,"213,703,704","219,130,435","217,500,000",,"221,492,537","226,842,105","222,000,000",,"223,750,000","219,523,810","218,888,889",,"210,952,381","204,444,444","212,666,667",,"213,684,211","206,875,000","206,428,571",,"197,058,824","202,307,692","191,666,667",,"183,333,333","191,334,000","191,334,000",,"195,475,000","195,475,000","192,018,000",,"192,162,000","192,162,000","191,544,000",,"200,912,000","200,912,000","191,319,000",
TotalOperatingIncomeAsReported,"5,146,000,000","1,455,000,000","1,909,000,000","1,062,000,000","720,000,000","705,000,000","1,012,000,000","775,000,000","501,000,000","826,000,000","604,000,000","781,000,000","635,000,000","807,000,000","828,000,000","802,000,000","498,000,000","927,000,000","681,000,000","697,000,000","571,000,000","982,000,000","586,000,000","767,000,000","704,000,000","776,000,000","550,000,000","563,000,000","547,000,000","509,000,000","306,000,000","351,000,000","361,000,000","412,000,000","416,000,000","419,000,000","174,000,000","300,000,000","332,000,000","336,000,000","302,000,000","278,000,000","172,000,000","312,000,000","303,000,000","498,000,000","391,000,000","507,000,000","344,000,000","314,000,000","-322,000,000","276,000,000","29,000,000","-198,000,000","138,000,000","45,000,000","44,000,000","84,000,000","102,000,000","209,000,000","158,000,000","145,000,000","-20,000,000","-25,000,000","-142,000,000","114,000,000","190,000,000","263,000,000","183,000,000","129,000,000","178,000,000","323,000,000","263,000,000","161,000,000","308,000,000","201,000,000","183,000,000","145,000,000","188,000,000","247,000,000","179,000,000","273,000,000","166,800,000","57,400,000","23,000,000","68,000,000","46,000,000","87,800,000","91,300,000","122,900,000","77,700,000","156,600,000","134,200,000","118,400,000","-73,400,000","107,600,000","71,700,000","97,900,000","102,200,000","99,900,000","104,800,000","93,000,000","52,600,000","56,400,000","55,200,000","105,400,000","120,700,000","120,400,000","115,800,000","114,700,000","117,300,000","114,500,000","87,700,000","97,700,000","75,300,000","111,900,000","90,800,000","89,400,000","93,700,000","87,300,000","79,200,000","71,500,000","88,800,000","91,100,000","79,600,000","73,600,000","102,800,000","88,900,000","80,200,000","73,900,000","88,100,000","51,800,000",,,,,,,,,,,,,,,
TotalExpenses,"44,376,000,000","11,478,000,000","10,902,000,000","11,416,000,000","10,580,000,000","9,755,000,000","10,448,000,000","9,247,000,000","10,387,000,000","9,989,000,000","10,280,000,000","10,104,000,000","9,808,000,000","9,386,000,000","9,171,000,000","9,249,000,000","9,275,000,000","9,302,000,000","9,464,000,000","9,153,000,000","8,512,000,000","8,200,000,000","8,570,000,000","8,636,000,000","8,466,000,000","8,376,000,000","9,956,000,000","9,508,000,000","9,432,000,000","10,308,000,000","9,799,000,000","9,331,000,000","8,671,000,000","8,349,000,000","8,478,000,000","8,312,000,000","8,245,000,000","8,102,000,000","8,041,000,000","7,972,000,000","7,966,000,000","8,051,000,000","8,232,000,000","7,935,000,000","7,697,000,000","7,117,000,000","7,021,000,000","6,931,000,000","6,572,000,000","6,321,000,000","6,976,000,000","6,386,000,000","6,278,000,000","6,719,000,000","7,063,000,000","6,804,000,000","6,538,000,000","6,676,000,000","6,781,000,000","6,749,000,000","6,343,000,000","6,413,000,000","6,491,000,000","6,408,000,000","6,334,000,000","6,340,000,000","6,305,000,000","6,445,000,000","6,176,000,000","6,323,000,000","6,971,000,000","6,311,000,000","5,890,000,000","6,344,000,000","6,264,000,000","6,129,000,000","5,662,000,000","5,657,000,000","5,573,000,000","5,655,000,000","5,660,000,000","5,592,000,000","5,119,300,000","1,836,600,000","1,804,500,000","1,675,000,000","1,735,400,000","1,719,300,000","1,699,500,000","1,655,800,000","1,737,900,000","1,724,700,000","1,707,100,000","1,706,300,000","2,142,500,000","1,846,000,000","1,799,100,000","1,422,900,000","1,560,100,000","1,491,300,000","1,469,500,000","1,434,900,000","1,638,500,000","1,571,800,000","1,532,500,000","1,441,400,000","1,358,800,000","1,241,900,000","1,227,300,000","1,211,700,000","1,270,600,000","1,193,200,000","1,174,200,000","1,055,100,000","1,161,500,000","1,105,000,000","1,079,600,000","993,900,000","1,055,900,000","934,600,000","961,300,000","885,200,000","983,000,000","925,800,000","852,600,000","827,600,000","911,100,000","889,800,000","851,700,000","826,900,000","806,700,000","554,300,000",,,,,,,,,,,,,,,
NetIncomeFromContinuingAndDiscontinuedOperation,"3,701,000,000","1,121,000,000","1,355,000,000","749,000,000","476,000,000","467,000,000","692,000,000","527,000,000","364,000,000","557,000,000","369,000,000","676,000,000","426,000,000","551,000,000","537,000,000","541,000,000","315,000,000","1,631,000,000","394,000,000","447,000,000","340,000,000","593,000,000","391,000,000","484,000,000","432,000,000","461,000,000","258,000,000","343,000,000","310,000,000","309,000,000","137,000,000","260,000,000","213,000,000","254,000,000","261,000,000","249,000,000","95,000,000","173,000,000","185,000,000","76,000,000","166,000,000","156,000,000","97,000,000","196,000,000","159,000,000","298,000,000","213,000,000","248,000,000","159,000,000","160,000,000","-452,000,000","134,000,000","-104,000,000","-112,000,000","48,000,000","9,000,000","-5,000,000","34,000,000","32,000,000","111,000,000","68,000,000","57,000,000","-51,000,000","-52,000,000","-127,000,000","39,000,000","98,000,000","131,000,000","76,000,000","48,000,000","66,000,000","161,000,000","119,000,000","57,000,000","147,000,000","79,000,000","72,000,000","39,000,000","84,000,000","107,000,000","65,000,000","127,000,000","47,500,000","19,400,000","-6,000,000","27,000,000","17,800,000","40,500,000","35,700,000","57,000,000","41,100,000","68,400,000","64,600,000","55,800,000","-89,700,000","46,600,000","23,300,000","44,900,000","47,800,000","45,200,000","48,200,000","44,600,000","14,600,000","14,600,000","14,400,000","43,300,000","58,800,000","57,700,000","50,400,000","52,200,000","58,800,000","-148,400,000","43,100,000","44,400,000","41,100,000","53,700,000","46,100,000","39,400,000","47,500,000","44,300,000","36,800,000","31,900,000","43,000,000","40,600,000","33,100,000","28,900,000","37,200,000","33,500,000","26,300,000","23,000,000","31,600,000","27,500,000",,,,,,,,,,,,,,,
NormalizedIncome,"3,701,000,000","1,121,000,000","1,355,000,000","749,000,000","476,000,000","467,000,000","692,000,000","527,000,000","364,000,000","557,000,000","369,000,000","676,000,000","426,000,000","551,000,000","537,000,000","541,000,000","315,000,000","1,631,000,000","394,000,000","447,000,000","340,000,000","593,000,000","391,000,000","484,000,000","432,000,000","461,000,000","258,000,000","343,000,000","310,000,000","309,000,000","137,000,000","260,000,000","213,000,000","254,000,000","261,000,000","253,000,000","95,000,000","173,000,000","195,222,591.362","74,050,000","164,708,171.206","148,296,296.296","93,200,000","190,996,197.719","160,294,605.809","291,393,258.427","235,538,699.69","256,577,215.19","159,000,000","160,673,728.814","-88,000,000","125,071,428.571","-88,050,000","-106,300,000","18,350,000","-3,650,000","13,125,000","25,500,000","25,500,000","106,173,913.043","64,822,429.907","58,325,581.395","-48,350,649.351","-61,578,947.368","-89,535,000","40,950,000","100,244,274.809","162,935,323.383","80,433,333.333","46,736,842.105","103,620,000","160,375,968.992","129,760,638.298","74,932,584.27","155,381,578.947","96,983,739.837","72,648,648.649","72,245,901.639","108,744,186.047","109,562,874.251","65,000,000","127,000,000","49,300,000","18,586,451.613","-3,347,368.421","27,658,536.585","13,718,045.113","43,599,833.611","35,886,260.87","58,396,436.526","30,619,500","77,114,573.786","63,201,181.102","52,965,914.221","-88,651,348.921","44,081,081.081","21,279,403.794","44,522,159.888","47,295,514.512","45,200,000","49,523,137.255","19,700,000","13,083,116.883","14,788,793.103","13,527,272.727","48,248,571.429","56,370,762.712","54,864,316.239","60,311,568.123","55,361,757.72","56,543,153.527","-21,560,000","41,271,145.686","49,218,131.868","25,140,000","58,164,665.127","44,550,940.86","43,743,307.087","46,874,176.548","43,000,698.324","36,251,655.629","30,580,000","43,000,000","40,600,000","33,100,000","28,900,000","37,200,000","33,500,000","26,300,000","23,000,000","31,600,000","27,500,000",,,,,,,,,,,,,,,
InterestIncome,"9,000,000","3,000,000","2,000,000","2,000,000","2,000,000","2,000,000","1,000,000","3,000,000","3,000,000","3,000,000","2,000,000","2,000,000","5,000,000","2,000,000","1,000,000","2,000,000","2,000,000","2,000,000","2,000,000","2,000,000","1,000,000","2,000,000","1,000,000","2,000,000","1,000,000","2,000,000","3,000,000","3,000,000","1,000,000","2,000,000","1,000,000","1,000,000","3,000,000","2,000,000","2,000,000","2,000,000","2,000,000","1,000,000","3,000,000","2,000,000","5,000,000","2,000,000","3,000,000","2,000,000","3,000,000","3,000,000","3,000,000","4,000,000","4,000,000","3,000,000","3,000,000","5,000,000","5,000,000",,,,,,,,,,,,,,,,,,,,,,,,,,,,,,,,,,,,,,,,,,,,,,,,,,,,,,,,,,,,,,,,,,,,,,,,,,,,,,,,,,,,,,,,,,,,,,
InterestExpense,"418,000,000","100,000,000","103,000,000","105,000,000","110,000,000","110,000,000","124,000,000","122,000,000","119,000,000","120,000,000","123,000,000","121,000,000","119,000,000","99,000,000","87,000,000","89,000,000","86,000,000","88,000,000","94,000,000","71,000,000","56,000,000","58,000,000","58,000,000","60,000,000","64,000,000","67,000,000","72,000,000","73,000,000","71,000,000","77,000,000","54,000,000","25,000,000","25,000,000","28,000,000","36,000,000","36,000,000","36,000,000","37,000,000","40,000,000","215,000,000","52,000,000","49,000,000","55,000,000","58,000,000","63,000,000","66,000,000","65,000,000","102,000,000","100,000,000","80,000,000","85,000,000","88,000,000","74,000,000",,,,,,,,,,,,,,,,,,,,,,,,,,,,,,,,,,,,,,,,,,,,,,,,,,,,,,,,,,,,,,,,,,,,,,,,,,,,,,,,,,,,,,,,,,,,,,
NetInterestIncome,"-409,000,000","-97,000,000","-101,000,000","-103,000,000","-108,000,000","-108,000,000","-123,000,000","-119,000,000","-116,000,000","-117,000,000","-121,000,000","-119,000,000","-114,000,000","-97,000,000","-86,000,000","-87,000,000","-84,000,000","-86,000,000","-92,000,000","-69,000,000","-55,000,000","-56,000,000","-57,000,000","-58,000,000","-63,000,000","-65,000,000","-69,000,000","-70,000,000","-70,000,000","-75,000,000","-53,000,000","-24,000,000","-22,000,000","-26,000,000","-34,000,000","-34,000,000","-34,000,000","-36,000,000","-37,000,000","-213,000,000","-47,000,000","-47,000,000","-52,000,000","-56,000,000","-60,000,000","-63,000,000","-62,000,000","-98,000,000","-96,000,000","-77,000,000","-82,000,000","-83,000,000","-69,000,000",,,,,,,,,,,,,,,,,,,,,,,,,,,,,,,,,,,,,,,,,,,,,,,,,,,,,,,,,,,,,,,,,,,,,,,,,,,,,,,,,,,,,,,,,,,,,,
EBIT,"5,253,000,000","1,510,000,000","1,938,000,000","1,071,000,000","734,000,000","726,000,000","1,011,000,000","789,000,000","610,000,000","845,000,000","589,000,000","845,000,000","647,000,000","812,000,000","844,000,000","812,000,000","509,000,000","930,000,000","674,000,000","688,000,000","575,000,000","970,000,000","589,000,000","771,000,000","708,000,000","779,000,000","557,000,000","591,000,000","554,000,000","512,000,000","272,000,000","335,000,000","366,000,000","411,000,000","419,000,000","421,000,000","195,000,000","301,000,000","341,000,000","341,000,000","309,000,000","292,000,000","180,000,000","321,000,000","304,000,000","511,000,000","388,000,000","497,000,000","349,000,000","316,000,000","-319,000,000","284,000,000","31,000,000","-198,000,000","138,000,000","45,000,000","74,000,000","90,000,000","102,000,000","209,000,000","158,000,000","145,000,000","-20,000,000","-25,000,000","-83,000,000","114,000,000","190,000,000","263,000,000","183,000,000","129,000,000","178,000,000","323,000,000","263,000,000","161,000,000","308,000,000","201,000,000","183,000,000","145,000,000","188,000,000","247,000,000","179,000,000","273,000,000","166,800,000","57,400,000","23,000,000","68,000,000","46,000,000","87,800,000","91,300,000","122,900,000","77,700,000","156,600,000","134,200,000","118,400,000","-73,400,000","107,600,000","71,700,000","97,900,000","102,200,000","99,900,000","104,800,000","93,000,000","52,600,000","56,400,000","55,200,000","105,400,000","120,700,000","120,400,000","115,800,000","114,700,000","117,300,000","114,500,000","87,700,000","97,700,000","75,300,000","111,900,000","90,800,000","89,400,000","93,700,000","87,300,000","79,200,000","71,500,000","88,800,000","91,100,000","79,600,000","73,600,000","102,800,000","88,900,000","80,200,000","73,900,000","88,100,000","51,800,000","534,900,000","502,400,000","-1,273,400,000","497,100,000","463,100,000","437,700,000","-1,137,100,000","437,900,000","417,800,000","427,700,000","-928,600,000","417,600,000","331,900,000","294,200,000","-755,700,000"
EBITDA,"6,469,000,000"
ReconciledCostOfRevenue,"42,158,000,000","10,918,000,000","10,335,000,000","10,858,000,000","10,047,000,000","9,283,000,000","9,850,000,000","8,709,000,000","9,867,000,000","9,375,000,000","9,745,000,000","9,549,000,000","9,251,000,000","8,838,000,000","8,650,000,000","8,745,000,000","8,753,000,000","8,778,000,000","8,794,000,000","8,648,000,000","8,036,000,000","7,699,000,000","8,067,000,000","8,179,000,000","7,987,000,000","7,951,000,000","9,520,000,000","9,085,000,000","8,990,000,000","9,861,000,000","9,393,000,000","9,045,000,000","8,381,000,000","8,076,000,000","8,225,000,000","8,049,000,000","8,011,000,000","7,865,000,000","7,803,000,000","7,746,000,000","7,733,000,000","7,836,000,000","8,013,000,000","7,716,000,000","7,467,000,000","6,871,000,000","6,772,000,000","6,686,000,000","6,352,000,000","6,106,000,000","6,752,000,000","6,192,000,000","6,054,000,000","6,503,000,000","6,844,000,000","6,590,000,000","6,306,000,000","6,461,000,000","6,577,000,000","6,531,000,000","6,138,000,000","6,221,000,000","6,243,000,000","6,180,000,000","6,098,000,000","6,106,000,000","6,066,000,000","6,182,000,000","5,937,000,000","6,089,000,000","6,687,000,000","6,084,000,000","5,668,000,000","6,111,000,000","6,046,000,000","5,892,000,000","5,465,000,000","5,402,000,000","5,315,000,000","5,438,000,000","5,442,000,000","5,355,000,000","4,952,600,000","1,550,700,000","1,544,700,000","1,415,000,000","1,478,700,000","1,472,900,000","1,429,800,000","1,402,600,000","1,421,000,000","1,465,400,000","1,458,000,000","1,454,500,000","1,685,000,000","1,583,900,000","1,539,700,000","1,208,400,000","1,352,100,000","1,273,000,000","1,261,700,000","1,228,400,000","1,416,100,000","1,345,800,000","1,303,800,000","1,228,300,000","1,150,100,000","1,050,000,000","1,029,300,000","1,014,900,000","1,081,600,000","1,010,100,000","1,000,900,000","889,800,000","983,100,000","930,900,000","899,600,000","845,300,000","883,400,000","818,200,000","820,400,000","748,800,000","846,500,000","786,000,000","716,900,000","689,200,000","763,000,000","757,200,000","705,800,000","732,300,000","635,200,000","480,400,000",,,,,,,,,,,,,,,
ReconciledDepreciation,"1,216,000,000","300,000,000","308,000,000","302,000,000","306,000,000","298,000,000","316,000,000","295,000,000","293,000,000","288,000,000","289,000,000","286,000,000","273,000,000","250,000,000","246,000,000","238,000,000","230,000,000","229,000,000","218,000,000","187,000,000","179,000,000","177,000,000","179,000,000","178,000,000","176,000,000","172,000,000","187,000,000","177,000,000","172,000,000","175,000,000","148,000,000","128,000,000","127,000,000","127,000,000","132,000,000","128,000,000","129,000,000","130,000,000","130,000,000","124,000,000","123,000,000","122,000,000","122,000,000","128,000,000","128,000,000","128,000,000","125,000,000","125,000,000","124,000,000","123,000,000","125,000,000","126,000,000","127,000,000","118,000,000","119,000,000","123,000,000","124,000,000","127,000,000","128,000,000","130,000,000","128,000,000","128,000,000","134,000,000","130,000,000","128,000,000","125,000,000","124,000,000","126,000,000","125,000,000","126,000,000","131,000,000","121,000,000","119,000,000","119,000,000","120,000,000","110,000,000","112,000,000","116,000,000","111,000,000","124,000,000","115,000,000","117,000,000","107,200,000","72,100,000","75,000,000","75,000,000","76,400,000","73,800,000","72,300,000","71,500,000","72,700,000","74,900,000","70,000,000","73,500,000","78,600,000","69,600,000","70,600,000","57,600,000","58,100,000","57,100,000","57,300,000","57,900,000","59,500,000","60,000,000","61,500,000","58,300,000","54,800,000","50,900,000","50,100,000","49,100,000","47,100,000","49,000,000","46,600,000","45,600,000","44,800,000","46,600,000","51,900,000","33,200,000","61,800,000","15,000,000","36,300,000","35,800,000","23,200,000","40,800,000","38,400,000","33,400,000","38,300,000","28,600,000","51,800,000","4,700,000",,,,,,,,,,,,,,,,,
NetIncomeFromContinuingOperationNetMinorityInterest,"3,701,000,000","1,121,000,000","1,355,000,000","749,000,000","476,000,000","467,000,000","692,000,000","527,000,000","364,000,000","557,000,000","369,000,000","676,000,000","426,000,000","551,000,000","537,000,000","541,000,000","315,000,000","1,631,000,000","394,000,000","447,000,000","340,000,000","593,000,000","391,000,000","484,000,000","432,000,000","461,000,000","258,000,000","343,000,000","310,000,000","309,000,000","137,000,000","260,000,000","213,000,000","254,000,000","261,000,000","253,000,000","95,000,000","173,000,000","185,000,000","76,000,000","166,000,000","156,000,000","97,000,000","196,000,000","159,000,000","298,000,000","213,000,000","248,000,000","159,000,000","160,000,000","-452,000,000","127,000,000","-90,000,000","-118,000,000","45,000,000","-3,000,000","-5,000,000","34,000,000","32,000,000","111,000,000","68,000,000","57,000,000","-51,000,000","-52,000,000","-127,000,000","39,000,000","98,000,000","131,000,000","76,000,000","48,000,000","66,000,000","161,000,000","119,000,000","57,000,000","147,000,000","79,000,000","72,000,000","39,000,000","84,000,000","107,000,000","65,000,000","127,000,000","47,500,000","19,400,000","-6,000,000","27,000,000","17,800,000","40,500,000","35,700,000","57,000,000","41,100,000","68,400,000","64,600,000","55,800,000","-89,700,000","46,600,000","23,300,000","44,900,000","47,800,000","45,200,000","48,200,000","44,600,000","14,600,000","14,600,000","14,400,000","43,300,000","58,800,000","57,700,000","50,400,000","52,200,000","58,800,000","-148,400,000","43,100,000","44,400,000","41,100,000","53,700,000","46,100,000","39,400,000","47,500,000","44,300,000","36,800,000","31,900,000","43,000,000","40,600,000","33,100,000","28,900,000","37,200,000","33,500,000","26,300,000","23,000,000","31,600,000","27,500,000",,,,,,,,,,,,,,,
TotalUnusualItemsExcludingGoodwill,,,,,,,,,,,,,,,,,,,,,,,,,,,,,,,,,,,,,,,"-17,000,000","3,000,000","2,000,000","12,000,000","5,000,000","7,000,000","-2,000,000","10,000,000","-35,000,000","-14,000,000",,"-1,000,000","-560,000,000","3,000,000","-3,000,000","-18,000,000","41,000,000","1,000,000","-29,000,000","13,000,000","10,000,000","7,000,000","5,000,000","-2,000,000","-4,000,000","14,000,000","-59,000,000","-3,000,000","-3,000,000","-49,000,000","-7,000,000","2,000,000","-57,000,000","1,000,000","-17,000,000","-28,000,000","-13,000,000","-28,000,000","-1,000,000","-52,000,000","-38,000,000","-4,000,000",,,"-3,000,000","1,300,000","-4,200,000","-1,000,000","6,100,000","-4,600,000","-300,000","-2,200,000","15,300,000","-13,900,000","2,200,000","4,500,000","-1,300,000","4,000,000","3,200,000","600,000","800,000",,"-2,100,000","41,500,000","2,400,000","-300,000","1,400,000","-7,600,000","3,900,000","4,600,000","-15,300,000","-5,100,000","3,700,000","-211,400,000","3,000,000","-7,900,000","26,600,000","-7,200,000","2,500,000","-7,000,000","1,000,000","2,100,000","900,000","2,200,000",,,,,,,,,,,,,,,,,,,,,,,,,
TotalUnusualItems,,,,,,,,,,,,,,,,,,,,,,,,,,,,,,,,,,,,,,,"-17,000,000","3,000,000","2,000,000","12,000,000","5,000,000","7,000,000","-2,000,000","10,000,000","-35,000,000","-14,000,000",,"-1,000,000","-560,000,000","3,000,000","-3,000,000","-18,000,000","41,000,000","1,000,000","-29,000,000","13,000,000","10,000,000","7,000,000","5,000,000","-2,000,000","-4,000,000","14,000,000","-59,000,000","-3,000,000","-3,000,000","-49,000,000","-7,000,000","2,000,000","-57,000,000","1,000,000","-17,000,000","-28,000,000","-13,000,000","-28,000,000","-1,000,000","-52,000,000","-38,000,000","-4,000,000",,,"-3,000,000","1,300,000","-4,200,000","-1,000,000","6,100,000","-4,600,000","-300,000","-2,200,000","15,300,000","-13,900,000","2,200,000","4,500,000","-1,300,000","4,000,000","3,200,000","600,000","800,000",,"-2,100,000","41,500,000","2,400,000","-300,000","1,400,000","-7,600,000","3,900,000","4,600,000","-15,300,000","-5,100,000","3,700,000","-211,400,000","3,000,000","-7,900,000","26,600,000","-7,200,000","2,500,000","-7,000,000","1,000,000","2,100,000","900,000","2,200,000",,,,,,,,,,,,,,,,,,,,,,,,,
NormalizedEBITDA,"6,469,000,000","1,810,000,000","2,246,000,000","1,373,000,000","1,040,000,000","1,024,000,000","1,327,000,000","1,084,000,000","903,000,000","1,133,000,000","878,000,000","1,131,000,000","920,000,000","1,062,000,000","1,090,000,000","1,050,000,000","739,000,000","1,159,000,000","892,000,000","875,000,000","754,000,000","1,147,000,000","768,000,000","949,000,000","884,000,000","951,000,000","744,000,000","768,000,000","726,000,000","687,000,000","420,000,000","463,000,000","493,000,000","538,000,000","551,000,000","549,000,000","324,000,000","431,000,000","488,000,000","462,000,000","430,000,000","402,000,000","297,000,000","442,000,000","434,000,000","629,000,000","548,000,000","636,000,000","473,000,000","440,000,000","366,000,000","407,000,000","161,000,000","-62,000,000","216,000,000","167,000,000","227,000,000","204,000,000","220,000,000","332,000,000","281,000,000","275,000,000","118,000,000","91,000,000","104,000,000","242,000,000","317,000,000","438,000,000","315,000,000","253,000,000","366,000,000","443,000,000","399,000,000","308,000,000","441,000,000","339,000,000","296,000,000","313,000,000","337,000,000","375,000,000","294,000,000","390,000,000","277,000,000","128,200,000","102,200,000","144,000,000","116,300,000","166,200,000","163,900,000","196,600,000","135,100,000","245,400,000","202,000,000","187,400,000","6,500,000","173,200,000","139,100,000","154,900,000","159,500,000","157,000,000","164,200,000","109,400,000","109,700,000","116,700,000","115,300,000","171,300,000","171,600,000","166,700,000","181,200,000","168,900,000","160,700,000","374,900,000","131,300,000","151,200,000","93,500,000","165,700,000","140,200,000","129,600,000","154,500,000","121,600,000","114,600,000","105,100,000","112,000,000","131,900,000","118,000,000","107,000,000","141,100,000","117,500,000","132,000,000","78,600,000","88,100,000","51,800,000","534,900,000","502,400,000","-1,273,400,000","497,100,000","463,100,000","437,700,000","-1,137,100,000","437,900,000","417,800,000","427,700,000","-928,600,000","417,600,000","331,900,000","294,200,000","-755,700,000"
TaxRateForCalcs,"0.232","0.202","0.26","0.221","0.235","0.234","0.216","0.21","0.253","0.227","0.202","0.06","0.185","0.226","0.291","0.25","0.253","0.4","0.319","0.274","0.343","0.349","0.262","0.318","0.327","0.352","0.4","0.336","0.356","0.288","0.376","0.168","0.383","0.343","0.324","0.353","0.333","0.363","0.399","0.35","0.354","0.358","0.24","0.285","0.353","0.339","0.356","0.387","0.373","0.326","0.35","0.357","0.35","0.35","0.35","0.35","0.375","0.346","0.35","0.311","0.364","0.337","0.338","0.316","0.365","0.35","0.252","0.348","0.367","0.368","0.34","0.376","0.367","0.36","0.355","0.358","0.351","0.361","0.349","0.359","0.369","0.345","0.4","0.374","0.368","0.341","0.331","0.326","0.379","0.365","0.315","0.373","0.364","0.37","0.193","0.37","0.369","0.37","0.369","0.37","0.37","0.4","0.368","0.371","0.377","0.349","0.377","0.384","0.352","0.38","0.39","0.4","0.39","0.39","0.4","0.38","0.38","0.38","0.374","0.381","0.391","0.4","0.399","0.4","0.4","0.4","0.4","0.4","0.4","0.399","0.385","0.4",,,,,,,,,,,,,,,
TaxEffectOfUnusualItems,"0","0","0","0","0","0","0","0","0","0","0","0","0","0","0","0","0","0","0","0","0","0","0","0","0","0","0","0","0","0","0","0","0","0","0","0","0","0","-6,777,408.638","1,050,000","708,171.206","4,296,296.296","1,200,000","1,996,197.719","-705,394.191","3,393,258.427","-12,461,300.31","-5,422,784.81","0","-326,271.186","-196,000,000","1,071,428.571","-1,050,000","-6,300,000","14,350,000","350,000","-10,875,000","4,500,000","3,500,000","2,173,913.043","1,822,429.907","-674,418.605","-1,350,649.351","4,421,052.632","-21,535,000","-1,050,000","-755,725.191","-17,064,676.617","-2,566,666.667","736,842.105","-19,380,000","375,968.992","-6,239,361.702","-10,067,415.73","-4,618,421.053","-10,016,260.163","-351,351.351","-18,754,098.361","-13,255,813.953","-1,437,125.749","0","0","-1,200,000","486,451.613","-1,547,368.421","-341,463.415","2,018,045.113","-1,500,166.389","-113,739.13","-803,563.474","4,819,500","-5,185,426.214","801,181.102","1,665,914.221","-251,348.921","1,481,081.081","1,179,403.794","222,159.888","295,514.512","0","-776,862.745","16,600,000","883,116.883","-111,206.897","527,272.727","-2,651,428.571","1,470,762.712","1,764,316.239","-5,388,431.877","-1,938,242.28","1,443,153.527","-84,560,000","1,171,145.686","-3,081,868.132","10,640,000","-2,735,334.873","950,940.86","-2,656,692.913","374,176.548","800,698.324","351,655.629","880,000","0","0","0","0","0","0","0","0","0","0",,,,,,,,,,,,,,,