name,ttm,12/31/2021,09/30/2021,06/30/2021,03/31/2021,12/31/2020,09/30/2020,06/30/2020,03/31/2020,12/31/2019,09/30/2019,06/30/2019,03/31/2019,12/31/2018,09/30/2018,06/30/2018,03/31/2018,12/31/2017,09/30/2017,06/30/2017,03/31/2017,12/31/2016,09/30/2016,06/30/2016,03/31/2016,12/31/2015,09/30/2015,06/30/2015,03/31/2015,12/31/2014,09/30/2014,06/30/2014,03/31/2014,12/31/2013,09/30/2013,06/30/2013,03/31/2013,12/31/2012,09/30/2012,06/30/2012,03/31/2012,12/31/2011,09/30/2011,06/30/2011,03/31/2011,12/31/2010,09/30/2010,06/30/2010,03/31/2010,12/31/2009,09/30/2009,06/30/2009,03/31/2009,12/31/2008,09/30/2008,06/30/2008,03/31/2008,12/31/2007,09/30/2007,06/30/2007,03/31/2007,12/31/2006,09/30/2006,06/30/2006,03/31/2006,12/31/2005,09/30/2005,06/30/2005,03/31/2005,12/31/2004,09/30/2004,06/30/2004,03/31/2004,12/31/2003,09/30/2003,06/30/2003,03/31/2003,12/31/2002,09/30/2002,06/30/2002,03/31/2002,12/31/2001,09/30/2001,06/30/2001,03/31/2001,12/31/2000,09/30/2000,06/30/2000,03/31/2000,12/31/1999,09/30/1999,06/30/1999,03/31/1999,12/31/1998,09/30/1998,06/30/1998,03/31/1998,12/31/1997,09/30/1997,06/30/1997,03/31/1997,12/31/1996,09/30/1996,06/30/1996,03/31/1996,12/31/1995,09/30/1995,06/30/1995,03/31/1995,12/31/1994,09/30/1994,06/30/1994,03/31/1994,12/31/1993,09/30/1993,06/30/1993,03/31/1993,12/31/1992,09/30/1992,06/30/1992,03/31/1992,12/31/1991,09/30/1991,06/30/1991,03/31/1991,12/31/1990,09/30/1990,06/30/1990,03/31/1990,12/31/1989,09/30/1989,06/30/1989,03/31/1989,12/31/1988,09/30/1988,06/30/1988,03/31/1988,12/31/1987,09/30/1987,06/30/1987,03/31/1987,12/31/1986,09/30/1986,06/30/1986,03/31/1986,12/31/1985,09/30/1985
TotalRevenue,"14,136,400,000","3,569,300,000","3,719,800,000","3,829,700,000","3,017,600,000","3,179,100,000","3,495,500,000","3,138,800,000","2,641,300,000","4,150,900,000","4,344,300,000","4,527,800,000","3,575,900,000","3,895,100,000","4,030,900,000","4,357,700,000","3,384,500,000","3,618,100,000","3,670,500,000","3,908,400,000","3,000,600,000","3,358,800,000","3,567,800,000","3,688,200,000","2,894,100,000","3,325,800,000","3,486,900,000","3,600,200,000","2,887,800,000","3,240,500,000","3,385,000,000","3,542,900,000","2,722,900,000","1,556,000,000","3,749,500,000","3,932,700,000","3,112,400,000","3,470,200,000","3,592,800,000","3,821,300,000","3,150,700,000","3,453,800,000","3,928,500,000","3,892,200,000","3,138,000,000","3,711,700,000","3,730,300,000","3,703,400,000","2,953,400,000","3,305,900,000","3,482,700,000","3,473,800,000","2,932,900,000","3,670,100,000","4,313,200,000","3,080,800,000","2,163,300,000","2,323,300,000","2,239,000,000","2,224,600,000","2,668,100,000","2,890,400,000","2,766,000,000","3,041,900,000","2,711,000,000","2,713,300,000","2,615,300,000","2,759,500,000","2,458,800,000","2,459,000,000","2,368,000,000","2,713,900,000","2,292,000,000","2,665,900,000","2,519,500,000","2,525,100,000","2,198,700,000","1,539,900,000","2,518,100,000","2,587,400,000","2,305,900,000","2,535,600,000","2,383,100,000","2,285,600,000","2,119,600,000","2,379,800,000","2,255,900,000","2,185,800,000","1,976,700,000","1,887,500,000","1,846,100,000","2,249,300,000","2,083,300,000","2,082,400,000","2,020,000,000","2,186,200,000","2,002,900,000","1,932,500,000","1,694,000,000","1,837,400,000","1,639,400,000","1,740,400,000","1,595,800,000","1,761,900,000","1,604,900,000","1,630,000,000","1,521,300,000","1,392,100,000","1,185,600,000","1,239,700,000","1,113,700,000","1,143,800,000","1,010,300,000","1,088,700,000","973,500,000","1,006,800,000","952,100,000","1,091,600,000","904,000,000","926,900,000","861,200,000","933,900,000","865,500,000","922,600,000","864,200,000","967,000,000","936,600,000","932,000,000","902,300,000","893,000,000","845,300,000","907,400,000","801,800,000","815,100,000","715,400,000","779,800,000","711,000,000","743,100,000","631,100,000","664,300,000","609,400,000","768,400,000","644,800,000","726,000,000","660,300,000","726,900,000","612,200,000"
	OperatingRevenue,"14,136,400,000","3,569,300,000","3,719,800,000","3,829,700,000","3,017,600,000","3,179,100,000","3,495,500,000","3,138,800,000","2,641,300,000","4,150,900,000","4,344,300,000","4,527,800,000","3,575,900,000","3,895,100,000","4,030,900,000","4,357,700,000","3,384,500,000","3,618,100,000","3,670,500,000","3,908,400,000","3,000,600,000","3,358,800,000","3,567,800,000","3,688,200,000","2,894,100,000","3,325,800,000","3,486,900,000","3,600,200,000","2,887,800,000","3,240,500,000","3,385,000,000","3,542,900,000","2,722,900,000","1,556,000,000","3,749,500,000","3,932,700,000","3,112,400,000","3,470,200,000","3,592,800,000","3,821,300,000","3,150,700,000","3,453,800,000","3,928,500,000","3,892,200,000","3,138,000,000","3,711,700,000","3,730,300,000","3,703,400,000","2,953,400,000","3,305,900,000","3,482,700,000","3,473,800,000","2,932,900,000","3,670,100,000","4,313,200,000","3,080,800,000","2,163,300,000","2,323,300,000","2,239,000,000","2,224,600,000","2,668,100,000","2,890,400,000","2,766,000,000","3,041,900,000","2,711,000,000","2,713,300,000","2,615,300,000","2,759,500,000","2,458,800,000","2,459,000,000","2,368,000,000","2,713,900,000","2,292,000,000","2,665,900,000","2,519,500,000","2,525,100,000","2,198,700,000","1,539,900,000","2,518,100,000","2,587,400,000","2,305,900,000","2,535,600,000","2,383,100,000","2,285,600,000","2,119,600,000","2,379,800,000","2,255,900,000","2,185,800,000","1,976,700,000","1,887,500,000","1,846,100,000","2,249,300,000","2,083,300,000","2,082,400,000","2,020,000,000","2,186,200,000","2,002,900,000","1,932,500,000","1,694,000,000","1,837,400,000","1,639,400,000","1,740,400,000","1,595,800,000","1,761,900,000","1,604,900,000","1,630,000,000","1,521,300,000","1,392,100,000","1,185,600,000","1,239,700,000","1,113,700,000","1,143,800,000","1,010,300,000","1,088,700,000","973,500,000","1,006,800,000","952,100,000","1,091,600,000","904,000,000","926,900,000","861,200,000","933,900,000","865,500,000","922,600,000","864,200,000","967,000,000","936,600,000","932,000,000","902,300,000","893,000,000","845,300,000","907,400,000","801,800,000","815,100,000","715,400,000","779,800,000","711,000,000","743,100,000","631,100,000","664,300,000","609,400,000","768,400,000","644,800,000","726,000,000","660,300,000","726,900,000","612,200,000"
CostOfRevenue,"9,666,800,000","2,527,800,000","2,515,600,000","2,559,000,000","2,064,400,000","2,231,200,000","2,360,800,000","2,160,500,000","1,898,800,000","2,904,300,000","2,935,800,000","3,094,100,000","2,517,300,000","2,745,000,000","2,718,300,000","2,964,100,000","2,420,200,000","2,542,500,000","2,489,900,000","2,653,100,000","2,126,100,000","2,351,300,000","2,418,700,000","2,512,300,000","2,047,000,000","2,341,000,000","2,379,400,000","2,494,500,000","2,086,700,000","2,261,100,000","2,327,000,000","2,439,900,000","1,954,800,000","1,300,000,000","2,504,700,000","2,678,800,000","2,192,100,000","2,410,500,000","2,454,400,000","2,644,000,000","2,249,400,000","2,461,000,000","2,771,800,000","2,708,400,000","2,249,800,000","2,700,800,000","2,651,400,000","2,655,800,000","2,173,300,000","2,411,700,000","2,486,600,000","2,540,400,000","2,206,400,000","2,801,700,000","3,209,400,000","2,196,100,000","1,540,900,000","1,658,200,000","1,608,200,000","1,589,700,000","1,953,000,000","2,166,900,000","2,043,900,000","2,215,400,000","1,998,000,000","1,993,700,000","1,920,700,000","2,019,100,000","1,810,700,000","1,777,700,000","1,738,800,000","2,002,600,000","1,682,000,000","1,973,300,000","1,921,100,000","1,907,600,000","1,689,500,000","1,105,900,000","1,951,500,000","1,994,900,000","1,774,300,000","2,016,200,000","1,868,200,000","1,697,500,000","1,552,800,000","1,708,400,000","1,585,300,000","1,501,400,000","1,368,900,000","1,263,800,000","1,268,000,000","1,548,100,000","1,458,200,000","1,413,000,000","1,413,700,000","1,522,600,000","1,414,700,000","1,366,500,000","1,201,200,000","1,311,400,000","1,172,300,000","1,228,400,000","1,153,900,000","1,288,300,000","1,156,800,000","1,155,500,000","1,109,900,000","1,009,000,000","856,400,000","860,800,000","807,400,000","832,100,000","744,100,000","771,200,000","704,500,000","720,200,000","697,100,000","798,100,000","661,000,000","674,400,000","631,800,000","657,900,000","628,800,000","685,500,000","644,200,000","695,900,000","687,500,000","667,100,000","646,500,000","627,800,000","620,300,000","662,100,000",,,,,,,,,,,,,,,
GrossProfit,"4,469,600,000","1,041,500,000","1,204,200,000","1,270,700,000","953,200,000","947,900,000","1,134,700,000","978,300,000","742,500,000","1,246,600,000","1,408,500,000","1,433,700,000","1,058,600,000","1,150,100,000","1,312,600,000","1,393,600,000","964,300,000","1,075,600,000","1,180,600,000","1,255,300,000","874,500,000","1,007,500,000","1,149,100,000","1,175,900,000","847,100,000","984,800,000","1,107,500,000","1,105,700,000","801,100,000","979,400,000","1,058,000,000","1,103,000,000","768,100,000","256,000,000","1,244,800,000","1,253,900,000","920,300,000","1,059,700,000","1,138,400,000","1,177,300,000","901,300,000","992,800,000","1,156,700,000","1,183,800,000","888,200,000","1,010,900,000","1,078,900,000","1,047,600,000","780,100,000","894,200,000","996,100,000","933,400,000","726,500,000","868,400,000","1,103,800,000","884,700,000","622,400,000","665,100,000","630,800,000","634,900,000","715,100,000","723,500,000","722,100,000","826,500,000","713,000,000","719,600,000","694,600,000","740,400,000","648,100,000","681,300,000","629,200,000","711,300,000","610,000,000","692,600,000","598,400,000","617,500,000","509,200,000","434,000,000","566,600,000","592,500,000","531,600,000","519,400,000","514,900,000","588,100,000","566,800,000","671,400,000","670,600,000","684,400,000","607,800,000","623,700,000","578,100,000","701,200,000","625,100,000","669,400,000","606,300,000","663,600,000","588,200,000","566,000,000","492,800,000","526,000,000","467,100,000","512,000,000","441,900,000","473,600,000","448,100,000","474,500,000","411,400,000","383,100,000","329,200,000","378,900,000","306,300,000","311,700,000","266,200,000","317,500,000","269,000,000","286,600,000","255,000,000","293,500,000","243,000,000","252,500,000","229,400,000","276,000,000","236,700,000","237,100,000","220,000,000","271,100,000","249,100,000","264,900,000","255,800,000","265,200,000","225,000,000","245,300,000",,,,,,,,,,,,,,,
OperatingExpense,"2,446,300,000","605,800,000","620,800,000","619,700,000","600,000,000","559,900,000","567,800,000","554,800,000","588,100,000","821,200,000","785,300,000","783,200,000","740,100,000","703,400,000","725,600,000","753,300,000","720,900,000","689,000,000","674,500,000","697,700,000","659,500,000","660,600,000","645,400,000","670,700,000","629,800,000","625,500,000","632,100,000","653,500,000","630,000,000","633,100,000","618,000,000","639,700,000","613,100,000","315,400,000","756,800,000","770,900,000","726,800,000","696,700,000","690,600,000","703,600,000","689,300,000","656,000,000","712,200,000","708,300,000","656,300,000","697,300,000","670,700,000","664,600,000","646,600,000","671,400,000","677,800,000","682,800,000","676,600,000","4,398,200,000","756,400,000","523,100,000","375,400,000","366,300,000","354,500,000","360,800,000","415,200,000","398,000,000","364,400,000","410,000,000","371,900,000","373,900,000","354,600,000","361,300,000","351,200,000","383,400,000","351,000,000","376,800,000","373,100,000","428,700,000","376,000,000","398,000,000","343,800,000","325,200,000","387,500,000","378,800,000","348,200,000","401,100,000","364,700,000","404,400,000","391,300,000","374,900,000","394,400,000","335,900,000","338,500,000","340,700,000","305,200,000","381,900,000","378,400,000","375,100,000","356,100,000","377,300,000","374,600,000","361,600,000","313,100,000","316,400,000","300,500,000","304,100,000","293,200,000","297,300,000","297,500,000","304,500,000","292,300,000","264,400,000","240,000,000","242,600,000","217,300,000","219,800,000","206,100,000","205,000,000","204,400,000","217,200,000","209,800,000","283,100,000","195,500,000","183,100,000","181,600,000","168,400,000","174,000,000","178,800,000","175,200,000","178,600,000","171,500,000","167,500,000","165,900,000","151,200,000","150,000,000","149,000,000",,,,,,,,,,,,,,,
	SellingGeneralAndAdministration,"2,446,300,000","605,800,000","620,800,000","619,700,000","600,000,000","559,900,000","567,800,000","554,800,000","588,100,000","821,200,000","785,300,000","783,200,000","740,100,000","703,400,000","725,600,000","753,300,000","720,900,000","689,000,000","674,500,000","697,700,000","659,500,000","660,600,000","645,400,000","670,700,000","629,800,000","625,500,000","632,100,000","653,500,000","630,000,000","633,100,000","618,000,000","639,700,000","613,100,000","315,400,000","756,800,000","770,900,000","726,800,000","692,200,000","690,600,000","703,600,000","689,600,000","656,000,000","712,200,000","708,300,000","656,300,000","697,300,000","670,700,000","664,600,000","646,600,000","671,400,000","677,800,000","682,800,000","676,600,000","688,200,000","756,400,000","523,100,000","375,400,000","366,300,000","354,500,000","360,800,000","415,200,000","398,000,000","364,400,000","410,000,000","371,900,000","373,900,000","354,600,000","361,300,000","351,200,000","383,400,000","351,000,000","376,800,000","373,100,000","428,700,000","376,000,000","398,000,000","343,800,000","325,200,000","387,500,000","378,800,000","348,200,000","401,100,000","364,700,000","319,100,000","306,400,000","296,800,000","310,800,000","269,600,000","269,500,000","272,800,000","248,500,000","312,300,000","300,200,000","306,400,000","285,700,000","303,200,000","305,200,000","299,100,000","263,500,000","272,300,000","244,400,000","256,000,000","240,400,000","247,600,000","245,500,000","257,000,000","239,100,000","222,400,000","203,300,000","208,500,000","184,500,000","186,100,000","174,300,000","176,600,000","172,800,000","184,600,000","178,900,000","253,200,000","166,500,000","154,200,000","152,800,000","142,300,000","147,000,000","151,000,000","147,400,000","154,400,000","145,900,000","143,000,000","142,900,000","131,600,000","129,000,000","129,000,000",,,,,,,,,,,,,,,
	DepreciationAmortizationDepletionIncomeStatement,,,,,,,,,,,,,,,,,,,,,,,,,,,,,,,,,,,,,,,,,,,,,,,,,,,,,,,,,,,,,,,,,,,,,,,,,,,,,,,,,,,,"85,300,000","84,900,000","78,100,000","83,600,000","66,300,000","69,000,000","67,900,000","56,700,000","69,600,000","78,200,000","68,700,000","70,400,000","74,100,000","69,400,000","62,500,000","49,600,000","44,100,000","56,100,000","48,100,000","52,800,000","49,700,000","52,000,000","47,500,000","53,200,000","42,000,000","36,700,000","34,100,000","32,800,000","33,700,000","31,800,000","28,400,000","31,600,000","32,600,000","30,900,000","29,900,000","29,000,000","28,900,000","28,800,000","26,100,000","27,000,000","27,800,000","27,800,000","24,200,000","25,600,000","24,500,000","23,000,000","19,600,000","21,000,000","20,000,000",,,,,,,,,,,,,,,
		DepreciationAndAmortizationInIncomeStatement,,,,,,,,,,,,,,,,,,,,,,,,,,,,,,,,,,,,,,,,,,,,,,,,,,,,,,,,,,,,,,,,,,,,,,,,,,,,,,,,,,,,"85,300,000","84,900,000","78,100,000","83,600,000","66,300,000","69,000,000","67,900,000","56,700,000","69,600,000","78,200,000","68,700,000","70,400,000","74,100,000","69,400,000","62,500,000","49,600,000","44,100,000","56,100,000","48,100,000","52,800,000","49,700,000","52,000,000","47,500,000","53,200,000","42,000,000","36,700,000","34,100,000","32,800,000","33,700,000","31,800,000","28,400,000","31,600,000","32,600,000","30,900,000","29,900,000","29,000,000","28,900,000","28,800,000","26,100,000","27,000,000","27,800,000","27,800,000","24,200,000","25,600,000","24,500,000","23,000,000","19,600,000","21,000,000","20,000,000",,,,,,,,,,,,,,,
	OtherOperatingExpenses,,,,,,,,,,,,,,,,,,,,,,,,,,,,,,,,,,,,,,,,,"-300,000",,,,,,,,,,,,,,,,,,,,,,,,,,,,,,,,,,,,,,,,,,,,,,,,,,,,,,,,,,,,,,,,,,,,,,,,,,,,,,,,,,,,,,,,,,,,,,,,,,,,,,,,,,
OperatingIncome,"2,023,300,000","435,700,000","583,400,000","651,000,000","353,200,000","388,000,000","566,900,000","423,500,000","154,400,000","425,400,000","623,200,000","650,500,000","318,500,000","446,700,000","587,000,000","640,300,000","243,400,000","386,600,000","506,100,000","557,600,000","215,000,000","346,900,000","503,700,000","505,200,000","217,300,000","359,300,000","475,400,000","452,200,000","171,100,000","346,300,000","440,000,000","463,300,000","155,000,000","-59,400,000","488,000,000","483,000,000","193,500,000","363,000,000","447,800,000","473,700,000","212,000,000","336,800,000","444,500,000","475,500,000","231,900,000","313,600,000","408,200,000","383,000,000","133,500,000","222,800,000","318,300,000","250,600,000","49,900,000","-3,529,800,000","347,400,000","361,600,000","247,000,000","298,800,000","276,300,000","274,100,000","299,900,000","325,500,000","357,700,000","416,500,000","341,100,000","345,700,000","340,000,000","379,100,000","296,900,000","297,900,000","278,200,000","334,500,000","236,900,000","263,900,000","222,400,000","219,500,000","165,400,000","108,800,000","179,100,000","213,700,000","183,400,000","118,300,000","150,200,000","183,700,000","175,500,000","296,500,000","276,200,000","348,500,000","269,300,000","283,000,000","272,900,000","319,300,000","246,700,000","294,300,000","250,200,000","286,300,000","213,600,000","204,400,000","179,700,000","209,600,000","166,600,000","207,900,000","148,700,000","176,300,000","150,600,000","170,000,000","119,100,000","118,700,000","89,200,000","136,300,000","89,000,000","91,900,000","60,100,000","112,500,000","64,600,000","69,400,000","45,200,000","10,400,000","47,500,000","69,400,000","47,800,000","107,600,000","62,700,000","58,300,000","44,800,000","92,500,000","77,600,000","97,400,000","89,900,000","114,000,000","75,000,000","96,300,000","801,800,000","-1,920,800,000","715,400,000","779,800,000","711,000,000","-1,636,200,000","631,100,000","664,300,000","609,400,000","-1,815,700,000","644,800,000","726,000,000","660,300,000","-1,707,400,000","612,200,000"
NetNonOperatingInterestIncomeExpense,"-229,700,000","-55,000,000","-56,900,000","-58,200,000","-59,600,000","-61,000,000","-60,500,000","-59,500,000","-63,200,000","-62,400,000","-64,500,000","-61,500,000","-51,500,000","-48,900,000","-48,400,000","-47,700,000","-69,300,000","-51,100,000","-51,600,000","-52,800,000","-50,900,000","-51,200,000","-53,700,000","-53,900,000","-54,700,000","-53,500,000","-53,300,000","-53,400,000","-52,200,000","-64,200,000","-49,300,000","-49,400,000","-49,200,000","-48,800,000","-99,800,000","-59,900,000","-57,500,000","-45,100,000","-60,600,000","-58,200,000","-69,400,000","-70,300,000","-69,700,000","-65,000,000","-68,300,000","-70,900,000","-70,200,000","-71,100,000","-68,800,000","-74,000,000","-73,100,000","-81,900,000","-67,400,000",,,,,,,,,,,,,,,,,,,,,,,,,,,,,,,,,,,,,,,,,,,,,,,,,,,,,,,,,,,,,,,,,,,,,,,,,,,,,,,,,,,,,,,,,,,,,,
	InterestIncomeNonOperating,"4,000,000","1,000,000","800,000","1,100,000",,"900,000","1,900,000","1,800,000",,"900,000","-400,000","3,200,000","-600,000","100,000","100,000","2,600,000","3,600,000","2,700,000","2,300,000","1,300,000","3,100,000","2,600,000","800,000","2,600,000","2,000,000","2,800,000","2,500,000","2,400,000","2,900,000","3,800,000","3,000,000","3,600,000","2,800,000","3,200,000","3,600,000","2,500,000","3,500,000",,,"3,900,000",,,,"6,600,000",,,,,"2,400,000","2,400,000","3,400,000",,,,,,,,,,,,,,,,,,,,,,,,,,,,,,,,,,,,,,,,,,,,,,,,,,,,,,,,,,,,,,,,,,,,,,,,,,,,,,,,,,,,,,,,,,,,,,,,
	InterestExpenseNonOperating,"233,700,000","56,000,000","57,700,000","59,300,000","59,600,000","61,900,000","62,400,000","61,300,000","63,200,000","63,300,000","64,500,000","64,700,000","51,500,000","49,000,000","48,500,000","50,300,000","72,900,000","53,800,000","53,900,000","54,100,000","54,000,000","53,800,000","54,500,000","56,500,000","56,700,000","56,300,000","55,800,000","55,800,000","55,100,000","68,000,000","52,300,000","53,000,000","52,000,000","52,000,000","103,400,000","62,400,000","61,000,000","61,400,000","60,600,000","62,100,000","69,400,000","70,300,000","69,700,000","71,600,000","68,300,000","70,900,000","70,200,000","71,100,000","71,200,000","76,400,000","76,500,000","81,900,000","67,400,000",,,,,,,,,,,,,,,,,,,,,,,,,,,,,,,,,,,,,,,,,,,,,,,,,,,,,,,,,,,,,,,,,,,,,,,,,,,,,,,,,,,,,,,,,,,,,,
OtherIncomeExpense,"-2,900,000","13,900,000","-7,700,000","-800,000","-8,300,000","-4,400,000","-6,400,000","-2,200,000","12,600,000","-11,300,000","-6,800,000","200,000","-18,200,000","-20,500,000","-8,600,000","-6,100,000","-7,600,000","-10,500,000","-9,900,000","-12,800,000","-7,800,000","-27,600,000","900,000","400,400,000","8,000,000","5,100,000","9,700,000","19,600,000","-29,300,000","6,000,000","6,600,000","5,000,000","-600,000","114,300,000","-109,000,000","-4,200,000","-10,500,000","-8,000,000","17,400,000","4,400,000","-200,000","9,100,000","-243,500,000","-2,100,000","5,100,000","11,200,000","11,200,000","11,200,000","5,700,000","1,000,000","-2,900,000","3,400,000","12,500,000","-3,657,200,000","-8,100,000","1,200,000","-2,400,000","-6,900,000","-7,600,000","8,600,000","-3,300,000","3,700,000","-300,000","-1,200,000","3,700,000","26,000,000","9,600,000","10,200,000","7,300,000","16,800,000","5,100,000","-1,200,000","-5,200,000","18,400,000","-1,800,000","2,600,000","-6,600,000","-5,400,000","-6,600,000","-18,600,000","-22,000,000","-32,600,000","-41,200,000","-19,000,000","-23,600,000","-49,400,000","-4,100,000","-4,000,000","2,900,000","-8,900,000","-8,200,000","4,500,000","2,900,000","13,800,000","-700,000","5,200,000","6,500,000","-1,000,000","6,300,000","6,500,000","-4,500,000","3,000,000","13,400,000","6,500,000","-900,000","16,000,000","11,700,000","9,300,000","-5,700,000","18,500,000","-500,000","3,000,000","5,700,000","20,300,000","3,700,000","1,600,000","7,500,000","-6,400,000","23,600,000","3,700,000","5,900,000","-10,500,000","5,600,000","8,400,000","17,600,000","-25,900,000","10,500,000","6,700,000","3,800,000","-25,400,000","7,100,000","4,400,000",,,,,,,,,,,,,,,
	GainOnSaleOfSecurity,"-10,700,000","-1,800,000","-2,200,000","-3,000,000","-3,700,000","-1,500,000","-2,500,000","-1,800,000","-4,200,000","-3,500,000","-5,100,000","600,000","-4,300,000","-3,400,000","-5,100,000","-1,800,000","-7,300,000","-5,300,000","-2,000,000","-3,400,000","1,900,000","-8,200,000","-3,100,000","3,800,000","5,500,000","-7,900,000","4,100,000","-100,000","-32,400,000","2,300,000","-1,000,000","2,800,000","-4,200,000","3,100,000","-3,400,000","-6,800,000","-6,900,000",,,"-1,000,000",,,,"-5,400,000",,,,,,,,,,,,,,,,,,,,,,,,,,,,,,,,,,,,,,,,,,,,,,,,,,,,,,,,,,,,,,,,,,,,,,,,,,,,,,,,,,,,,,,,,,,,,,,,,,,,,,,
	EarningsFromEquityInterest,,,,,,,,,,,,,,,,,,"0","0","0","0","0",,"0","-800,000","1,900,000","6,500,000","3,600,000","600,000","4,100,000","3,300,000","3,400,000","-3,000,000","-1,000,000","1,000,000","1,700,000","-4,200,000",,,"-800,000",,,,,,,,,"2,700,000","1,500,000","3,100,000",,,,"1,400,000","1,200,000",,,,,,,,,,,,,,,,,,,,,,,,,,,,,,,,,,,,,,,,,,,,,,,,,,,,,,,,,,,,,,,,,,,,,,,,,,,,,,,,,,,,,,,,,,,
	SpecialIncomeCharges,,,,,,,,,,,,,,,,,,"0","0","0",,"0","0","397,800,000",,,,,,,,,,"111,400,000","-111,400,000","0","0","-16,700,000","17,400,000","6,200,000","-200,000","9,100,000","-243,500,000","3,300,000","5,100,000","11,200,000","11,200,000","11,200,000","3,000,000","-500,000","-6,000,000","3,400,000","12,500,000","-3,654,600,000","-9,500,000",,"-2,400,000","-7,900,000","-7,600,000","8,600,000","-3,300,000","3,700,000","-300,000","-1,200,000","3,700,000","26,000,000","9,600,000","10,200,000","7,300,000","16,800,000","5,100,000","-1,200,000","-5,200,000","18,400,000","-1,800,000","2,600,000","-6,600,000","-5,400,000","-6,600,000","-18,600,000","-22,000,000","-32,600,000","-41,200,000","-19,000,000","-23,600,000","-49,400,000","-4,100,000","-4,000,000","2,900,000","-8,900,000","-8,200,000","4,500,000","2,900,000","13,800,000","-700,000","5,200,000","6,500,000","-1,000,000","6,300,000","6,500,000","-4,500,000","3,000,000","13,400,000","6,500,000","-900,000","16,000,000","11,700,000","9,300,000","-5,700,000","18,500,000","-500,000","3,000,000","5,700,000","20,300,000","3,700,000","1,600,000","7,500,000","-6,400,000","23,600,000","3,700,000","5,900,000","-10,500,000","5,600,000","8,400,000","17,600,000","-25,900,000","10,500,000","6,700,000","3,800,000","-25,400,000","7,100,000","4,400,000",,,,,,,,,,,,,,,
		RestructuringAndMergernAcquisition,,,,,,,,,,,,,,,,,,,,,,,,,,,,,,,,,,,,,,,,,,,,,,,,,,,,,,,,,,,,,,,,,,,,,,,,,,"-1,300,000","-1,900,000",,,"12,100,000","10,700,000","7,300,000","11,800,000","35,900,000","25,600,000","8,300,000","21,700,000",,,,,,,,,,,,,,,,,,,,,,,,,,,,,,,,,,,,,,,,,,,,,,,,,,,,,,,,,,,,,,
		ImpairmentOfCapitalAssets,,,,,,,,,,,,,,,,,,,,,,,,,,,,,,,,,,,,,,,,,,"-4,700,000","264,800,000",,,,,,,,,,,,,,,,,,,,,,,,,,,,,,,,,,,,,,,,,,,,,,,,,,,,,,,,,,,,,,,,,,,,,,,,,,,,,,,,,,,,,,,,,,,,,,,,,,,,,,,,
		WriteOff,,,,,,,,,,,,,,,,,,,,,,,,,,,,,,,,,,"0","111,400,000","0","0",,,,,,,,,,,,,,,,,,,,,,,,,,,,,,,,,,,,,,,,,,,,,,,,,,,,,,,,,,,,,,,,,,,,,,,,,,,,,,,,,,,,,,,,,,,,,,,,,,,,,,,,,,,,,,
		OtherSpecialCharges,,,,,,,,,,,,,,,,,,,,,,,,,,,,,,,,,,,,,,,,"-6,200,000",,"-4,400,000","-21,300,000",,,,,,,,,,,,,,,,,,,,,,,,,,,,,,,"-17,100,000","3,700,000",,,"-6,700,000","-4,100,000","11,300,000","10,200,000","-3,300,000","15,600,000","10,700,000","1,900,000",,,,,,,,,,,,,,,,,,,,,,,,,,,,,,,,,,,,,,,,,,,,,,,,,,,,,,,,,,,,,,
		GainOnSaleOfBusiness,,,,,,,,,,,,,,,,,,"0","0","0",,"0","0","397,800,000",,,,,,,,,,,,,,,,,,,,,,,,,,,,,,,,,,,,,,,,,,,,,,,,,,,,,,,,,,,,,,,,,,,,,,,,,,,,,,,,,,,,,,,,,,,,,,,,,,,,,,,,,,,,,,,,,,,,,,,,,,,
		GainOnSaleOfPPE,,,,,,,,,,,,,,,,,,,,,,,,,,,,,,,,,,"111,400,000","-111,400,000","0","0","0",,,,,,,,,,,,,,,,,,,,,,,,,,,,,,,,,,,,,,,,,,,,,,,,,,,,,,,,,,,,,,,,,,,,,,,,,,,,,,,,,,,,,,,,,,,,,,,,,,,,,,,,,,,,,
	OtherNonOperatingIncomeExpenses,"7,800,000","15,700,000","-5,500,000","2,200,000","-4,600,000","-2,900,000","-3,900,000","-400,000","16,800,000","-7,800,000","-1,700,000","-400,000","-13,900,000","-17,100,000","-3,500,000","-4,300,000","-300,000","-5,200,000","-7,900,000","-9,400,000","-9,700,000","-19,400,000","4,000,000","-1,200,000","3,300,000","8,300,000","-900,000","16,100,000","2,500,000","-400,000","4,300,000","-1,200,000","6,600,000","800,000","4,800,000","900,000","600,000","3,800,000",,,,,,,,,,,,,,,,,,,,,,,,,,,,,,,,,,,,,,,,,,,,,,,,,,,,,,,,,,,,,,,,,,,,,,,,,,,,,,,,,,,,,,,,,,,,,,,,,,,,,,,,,,,,,
PretaxIncome,"1,790,700,000","394,600,000","518,800,000","592,000,000","285,300,000","322,600,000","500,000,000","361,800,000","103,800,000","351,700,000","551,900,000","589,200,000","248,800,000","377,300,000","530,000,000","586,500,000","166,500,000","325,000,000","444,600,000","492,000,000","156,300,000","268,100,000","450,900,000","851,700,000","170,600,000","308,100,000","431,800,000","418,400,000","89,600,000","288,100,000","397,300,000","418,900,000","105,200,000","6,100,000","279,200,000","418,900,000","125,500,000","309,900,000","404,600,000","419,900,000","142,400,000","275,600,000","131,300,000","408,400,000","168,700,000","253,900,000","349,200,000","323,100,000","70,400,000","149,800,000","242,300,000","172,100,000","-5,000,000","-3,637,000,000","260,000,000","342,200,000","258,900,000","277,400,000","235,400,000","251,900,000","261,000,000","278,700,000","326,400,000","384,900,000","310,000,000","324,500,000","314,100,000","351,600,000","267,600,000","261,700,000","247,600,000","293,300,000","190,800,000","227,100,000","178,200,000","178,100,000","108,700,000","48,200,000","109,200,000","131,800,000","98,500,000","45,400,000","31,300,000","97,000,000","77,500,000","162,600,000","187,300,000","276,500,000","216,500,000","218,900,000","207,000,000","258,300,000","187,700,000","232,000,000","185,200,000","218,400,000","153,600,000","145,600,000","156,600,000","179,900,000","131,600,000","173,500,000","130,000,000","146,500,000","118,300,000","151,800,000","98,100,000","106,900,000","72,300,000","120,500,000","76,200,000","81,200,000","52,000,000","103,800,000","55,000,000","56,200,000","38,500,000","25,500,000","56,100,000","60,000,000","41,600,000","84,200,000","54,600,000","51,300,000","45,100,000","68,600,000","61,100,000","83,100,000","72,400,000","100,400,000","67,500,000","80,600,000",,,,,,,,,,,,,,,
TaxProvision,"333,500,000","65,500,000","96,800,000","122,800,000","48,400,000","72,400,000","89,900,000","83,500,000","51,000,000","74,500,000","112,900,000","123,300,000","43,000,000","121,400,000","-1,100,000","128,000,000","33,000,000","-163,000,000","76,400,000","138,100,000","28,700,000","63,900,000","83,200,000","92,500,000","41,900,000","68,700,000","113,800,000","331,400,000","26,900,000","71,200,000","94,100,000","103,700,000","24,500,000","-30,200,000","95,800,000","99,800,000","23,700,000","69,100,000","65,300,000","54,800,000","38,000,000","18,800,000","29,200,000","93,900,000","41,500,000","35,400,000","72,100,000","60,900,000","54,000,000","16,700,000","11,400,000","32,800,000","10,500,000","-361,800,000","26,300,000","79,700,000","47,200,000","106,500,000","37,800,000","43,900,000","44,500,000","48,800,000","72,400,000","62,900,000","47,700,000","51,600,000","58,000,000","59,800,000","35,300,000","39,400,000","42,000,000","42,900,000","25,800,000","31,100,000","24,900,000","25,000,000","15,200,000","-41,600,000","19,900,000","24,400,000","17,600,000","-54,700,000","-2,600,000","34,100,000","28,200,000","56,500,000","56,600,000","93,100,000","76,900,000","77,700,000","73,500,000","91,800,000","66,600,000","82,300,000","65,800,000","77,500,000","54,500,000","51,600,000","59,500,000","68,300,000","53,800,000","64,200,000","48,100,000","54,200,000","43,800,000","56,200,000","36,300,000","40,300,000","26,000,000","42,400,000","27,800,000","29,600,000","19,000,000","36,100,000","19,800,000","20,200,000","13,900,000","10,700,000","20,200,000","21,400,000","15,200,000","29,500,000","19,900,000","18,500,000","16,700,000","22,900,000","20,900,000","29,200,000","26,800,000","35,600,000","23,200,000","28,200,000",,,,,,,,,,,,,,,
NetIncomeCommonStockholders,"1,423,400,000","317,800,000","405,700,000","464,700,000","235,200,000","244,700,000","400,600,000","238,800,000","-29,200,000","296,100,000","458,800,000","456,100,000","199,900,000","254,000,000","515,100,000","448,100,000","120,400,000","459,900,000","367,000,000","358,600,000","117,100,000","198,800,000","377,400,000","747,600,000","152,400,000","233,500,000","300,900,000","78,900,000","51,300,000","255,500,000","291,300,000","306,000,000","79,000,000","47,700,000","165,900,000","317,200,000","88,000,000","235,600,000","321,600,000","365,800,000","95,600,000","242,300,000","86,200,000","92,300,000","-77,600,000","212,100,000","232,200,000","196,400,000","1,400,000","139,400,000","216,600,000","122,100,000","-26,700,000","-3,290,200,000","227,700,000","256,100,000","181,600,000","2,518,500,000","266,600,000","964,100,000","217,500,000","221,900,000","243,800,000","313,500,000","253,200,000","291,500,000","254,200,000","285,400,000","223,100,000","515,200,000","237,800,000","286,200,000","179,500,000","197,400,000","154,600,000","139,300,000","153,200,000","183,400,000","89,300,000","107,400,000","80,900,000","100,100,000","33,900,000","62,900,000","49,300,000","106,100,000","251,900,000","175,400,000","136,000,000","165,900,000","137,500,000","166,500,000","121,100,000","149,700,000","119,400,000","140,900,000","99,100,000","94,000,000","97,100,000","111,600,000","77,800,000","109,300,000","81,900,000","92,300,000","74,500,000","95,600,000","61,800,000","66,600,000","46,300,000","78,100,000","48,400,000","51,600,000","33,000,000","46,700,000","35,200,000","36,000,000","24,600,000","-335,200,000","35,900,000","38,600,000","26,400,000","54,700,000","34,700,000","32,800,000","28,400,000","45,700,000","40,200,000","53,900,000","45,600,000","64,800,000","44,300,000","52,400,000",,,,,,,,,,,,,,,
	NetIncome,"1,423,400,000","317,800,000","405,700,000","464,700,000","235,200,000","244,700,000","400,600,000","238,800,000","-29,200,000","296,100,000","458,800,000","456,100,000","199,900,000","254,000,000","515,100,000","448,100,000","120,400,000","459,900,000","367,000,000","358,600,000","117,100,000","198,800,000","377,400,000","747,600,000","152,400,000","233,500,000","300,900,000","78,900,000","51,300,000","255,500,000","291,300,000","306,000,000","79,000,000","47,700,000","165,900,000","317,200,000","88,000,000","235,600,000","321,600,000","365,800,000","95,600,000","242,300,000","86,200,000","92,300,000","-77,600,000","212,100,000","232,200,000","196,400,000","1,400,000","139,400,000","216,600,000","122,100,000","-21,800,000","-3,290,200,000","227,700,000","256,100,000","181,600,000","2,518,500,000","266,600,000","964,100,000","217,500,000","221,900,000","243,800,000","313,500,000","253,200,000","291,500,000","254,200,000","285,400,000","223,100,000","515,200,000","237,800,000","286,200,000","179,500,000","197,400,000","154,600,000","139,300,000","153,200,000","183,400,000","89,300,000","107,400,000","80,900,000","100,100,000","33,900,000","62,900,000","49,300,000","106,100,000","251,900,000","175,400,000","136,000,000","165,900,000","137,500,000","166,500,000","121,100,000","149,700,000","119,400,000","140,900,000","99,100,000","94,000,000","97,100,000","111,600,000","77,800,000","109,300,000","81,900,000","92,300,000","74,500,000","95,600,000","61,800,000","66,600,000","46,300,000","78,100,000","48,400,000","51,600,000","33,000,000","46,700,000","35,200,000","36,000,000","24,600,000","-335,200,000","35,900,000","38,600,000","26,400,000","54,700,000","34,700,000","32,800,000","28,400,000","45,700,000","40,200,000","53,900,000","45,600,000","64,800,000","44,300,000","52,400,000",,,,,,,,,,,,,,,
		NetIncomeIncludingNoncontrollingInterests,"1,436,600,000","321,100,000","408,700,000","469,000,000","237,800,000","249,200,000","404,600,000","242,100,000","-25,900,000","301,100,000","463,400,000","460,300,000","203,700,000","261,400,000","519,400,000","452,600,000","124,100,000","457,100,000","371,900,000","362,200,000","121,100,000","202,800,000","381,900,000","752,400,000","155,600,000","238,500,000","306,000,000","82,900,000","55,400,000","260,200,000","296,200,000","310,600,000","83,600,000","53,800,000","180,900,000","324,700,000","94,600,000","241,800,000","327,000,000","372,900,000","102,200,000","248,100,000","93,500,000","99,300,000","-71,500,000","196,600,000","237,600,000","201,900,000","6,000,000","147,900,000","222,600,000","127,600,000","-16,900,000","-3,306,100,000","233,200,000","262,600,000","185,400,000","2,532,800,000","266,600,000","964,100,000","217,500,000","236,800,000","243,800,000","313,500,000","253,200,000","304,200,000","254,200,000","285,400,000","223,100,000","531,200,000","237,800,000","286,200,000","179,500,000","212,500,000","154,600,000","139,300,000","153,200,000","186,400,000","93,500,000","111,200,000","84,300,000","103,600,000","36,400,000","68,500,000","57,800,000","115,200,000","261,900,000","188,100,000","143,500,000","173,700,000","145,100,000","178,500,000","130,100,000","185,600,000","125,300,000","149,600,000","102,800,000","98,300,000","100,400,000","118,700,000","80,400,000","118,300,000","85,900,000","96,500,000","74,600,000","102,700,000","62,000,000","69,700,000","48,500,000","88,600,000","49,400,000","53,400,000","33,200,000","56,400,000","35,700,000","37,100,000","24,900,000","-370,200,000","35,900,000","38,600,000","26,400,000","54,700,000","34,700,000","32,800,000","28,400,000","45,700,000","40,200,000","53,900,000","45,600,000","64,800,000","44,300,000","52,400,000","40,700,000","58,300,000","29,600,000","40,100,000","33,600,000","43,600,000","22,300,000","22,200,000","19,800,000","48,700,000","17,900,000","18,100,000","15,900,000","32,100,000","16,600,000"
			NetIncomeContinuousOperations,"1,457,200,000","329,100,000","422,000,000","469,200,000","236,900,000","250,200,000","410,100,000","278,300,000","52,800,000","277,200,000","439,000,000","465,900,000","205,800,000","255,900,000","531,100,000","458,500,000","133,500,000","488,000,000","368,200,000","353,900,000","127,600,000","204,200,000","367,700,000","759,200,000","128,700,000","239,400,000","318,000,000","87,000,000","62,700,000","216,900,000","303,200,000","315,200,000","80,700,000","36,300,000","183,400,000","319,100,000","101,800,000","240,800,000","339,300,000","365,100,000","104,400,000","256,800,000","102,100,000","314,500,000","127,200,000","195,600,000","277,100,000","262,200,000","16,400,000","133,100,000","230,900,000","139,300,000","-15,500,000","-3,275,200,000","233,700,000","262,500,000","211,700,000","170,900,000","197,600,000","208,000,000","216,500,000","229,900,000","254,000,000","322,000,000","262,300,000","272,900,000","256,100,000","291,800,000","232,300,000","222,300,000","205,600,000","250,400,000","165,000,000","196,000,000","153,300,000","153,100,000","93,500,000","89,800,000","89,300,000","107,400,000","80,900,000","100,100,000","33,900,000","62,900,000","49,300,000","106,100,000","130,700,000","183,400,000","139,600,000","141,200,000","133,500,000","166,500,000","121,100,000","149,700,000","119,400,000","140,900,000","99,100,000","94,000,000","97,100,000","111,600,000","77,800,000","109,300,000","81,900,000","92,300,000","74,500,000","95,600,000","61,800,000","66,600,000","46,300,000","78,100,000","48,400,000","51,600,000","33,000,000","67,700,000","35,200,000","36,000,000","24,600,000","14,800,000","35,900,000","38,600,000","26,400,000","54,700,000","34,700,000","32,800,000","28,400,000","45,700,000","40,200,000","53,900,000","45,600,000","64,800,000","44,300,000","52,400,000","40,700,000","58,300,000","29,600,000","40,100,000","33,600,000","43,600,000","22,300,000","22,200,000","19,800,000","48,700,000","17,900,000","18,100,000","15,900,000","32,100,000","16,600,000"
			NetIncomeDiscontinuousOperations,"-20,600,000","-8,000,000","-13,300,000","-200,000","900,000","-1,000,000","-5,500,000","-36,200,000","-78,700,000","23,900,000","24,400,000","-5,600,000","-2,100,000","5,500,000","-11,700,000","-5,900,000","-9,400,000","-30,900,000","3,700,000","8,300,000","-6,500,000","-1,400,000","14,200,000","-6,800,000","26,900,000","-900,000","-12,000,000","-4,100,000","-7,300,000","43,300,000","-7,000,000","-4,600,000","2,900,000","17,500,000","-2,500,000","5,600,000","-7,200,000","1,000,000","-12,300,000","7,800,000","-2,200,000","-8,700,000","-8,600,000","-215,200,000","-198,700,000","1,000,000","-39,500,000","-60,300,000","-10,400,000","14,800,000","-8,300,000","-11,700,000","-6,300,000","-15,000,000","-6,000,000","-6,400,000","-30,100,000","2,347,600,000","69,000,000","756,100,000","1,000,000","-8,000,000","-10,200,000","-8,500,000","-9,100,000","18,600,000","-1,900,000","-6,400,000","-9,200,000","292,900,000","32,200,000","35,800,000","14,500,000","1,400,000","1,300,000","-13,800,000","59,700,000",,,,,,,,,"0","121,200,000","-8,000,000","-3,600,000","24,700,000","4,000,000",,,,,,,,,,,,,,,,,,,,,,,,,,,,,,,,,,,,,,,,,,,,,,,,,,,,,,,,
			NetIncomeExtraordinary,,,,,,,,,,,,,,,,,,,,,,,,,,,,,,,,,,,,,,,,,,,,,,,,,,,,,,,,,,,,,,,,,,,,,,,,,,,,,,"0",,,,,,,,,,,,,,,,,,,,,,,,,,,,,,,,,,,,,,,,,,,,,,,,,,,,,,,,,,,,,,,,,,,,,
		MinorityInterests,"-13,200,000","-3,300,000","-3,000,000","-4,300,000","-2,600,000","-4,500,000","-4,000,000","-3,300,000","-3,300,000","-5,000,000","-4,600,000","-4,200,000","-3,800,000","-7,400,000","-4,300,000","-4,500,000","-3,700,000","2,800,000","-4,900,000","-3,600,000","-4,000,000","-4,000,000","-4,500,000","-4,800,000","-3,200,000","-5,000,000","-5,100,000","-4,000,000","-4,100,000","-4,700,000","-4,900,000","-4,600,000","-4,600,000","-6,100,000","-15,000,000","-7,500,000","-6,600,000","-6,200,000","-5,400,000","-7,100,000","-6,600,000","-5,800,000","-7,300,000","-7,000,000","-6,100,000","-7,400,000","-5,400,000","-5,500,000","-4,600,000","-8,500,000","-6,000,000","-5,500,000","-4,900,000",,"-5,500,000","-6,500,000","-3,800,000",,,,,,,,,,,,,,,,,,,,,"-3,000,000","-4,200,000","-3,800,000","-3,400,000","-3,500,000","-2,500,000","-5,600,000","-8,500,000","-9,100,000","-10,000,000","-12,700,000","-7,500,000","-7,800,000","-7,600,000","-12,000,000","-9,000,000","-35,900,000","-5,900,000","-8,700,000","-3,700,000","-4,300,000","-3,300,000","-7,100,000","-2,600,000","-9,000,000","-4,000,000","-4,200,000","-100,000","-7,100,000","-200,000","-3,100,000","-2,200,000","-10,500,000","-1,000,000","-1,800,000","-200,000","-9,700,000","-500,000","-1,100,000","-300,000",,,,,,,,,,,,,,,,,,,,,,,,,,,,,,
	OtherunderPreferredStockDividend,,,,,,,,,,,,,,,,,,,,,,,,,,,,,,,,,,,,,,,,,,,,,,,,,,,,,"4,900,000",,,,,,,,,,,,,,,,,,,,,,,,,,,,,,,,,,,,,,,,,,,,,,,,,,,,,,,,,,,,,,,,,,,,,,,,,,,,,,,,,,,,,,,,,,,,,,
DilutedNIAvailtoComStockholders,"1,423,400,000","317,800,000","405,700,000","464,700,000","235,200,000","244,700,000","400,600,000","238,800,000","-29,200,000","296,100,000","458,800,000","456,100,000","199,900,000","254,000,000","515,100,000","448,100,000","120,400,000","459,900,000","367,000,000","358,600,000","117,100,000","198,800,000","377,400,000","747,600,000","152,400,000","233,500,000","300,900,000","78,900,000","51,300,000","255,500,000","291,300,000","306,000,000","79,000,000","47,700,000","165,900,000","317,200,000","88,000,000","235,600,000","321,600,000","365,800,000","95,600,000","242,300,000","86,200,000","92,300,000","-77,600,000","212,100,000","232,200,000","196,400,000","1,400,000","139,400,000","216,600,000","122,100,000","-26,700,000","-3,290,200,000","227,700,000","256,100,000","181,600,000","2,518,500,000","266,600,000","964,100,000","217,500,000","221,900,000","243,800,000","313,500,000","253,200,000","291,500,000","254,200,000","285,400,000","223,100,000","515,200,000","237,800,000","286,200,000","179,500,000","197,400,000","154,600,000","139,300,000","153,200,000","183,400,000","89,300,000","107,400,000","80,900,000","100,100,000","33,900,000","62,900,000","49,300,000","106,100,000","251,900,000","175,400,000","136,000,000","165,900,000","137,500,000","166,500,000","121,100,000","149,700,000","119,400,000","140,900,000","99,100,000","94,000,000","97,100,000","111,600,000","77,800,000","109,300,000","81,900,000","92,300,000","74,500,000","95,600,000","61,800,000","66,600,000","46,300,000","78,100,000","48,400,000","51,600,000","33,000,000","46,700,000","35,200,000","36,000,000","24,600,000","-335,200,000","35,900,000","38,600,000","26,400,000","54,700,000","34,700,000","32,800,000","28,400,000","45,700,000","40,200,000","53,900,000","45,600,000","64,800,000","44,300,000","52,400,000",,,,,,,,,,,,,,,
BasicEPS,,"1.351","1.7","1.94","0.98","1.025","1.669","1","-0.12","1.243","1.9","1.889","0.829","1.05","2.09","1.81","0.485","1.843","1.45","1.4","0.45","0.768","1.45","2.88","0.58","0.894","1.13","0.29","0.19","0.972","1.09","1.13","0.28","0.168","0.575","1.087","0.294","0.797","1.043","1.225","0.321",,"0.26","0.279","-0.235",,"0.72","0.61","0",,"0.67","0.38","-0.08",,"0.71","0.89","0.66",,"0.94","3.21","0.71",,"0.77","0.96","0.77",,"0.76","0.845","0.645",,"0.685","0.825","0.515",,"0.45","0.41","0.455",,"0.265","0.32","0.24",,"0.1","0.19","0.155",,"0.78","0.545","0.42",,"0.42","0.505","0.37",,"0.365","0.43","0.3",,"0.3","0.34","0.24",,"0.25","0.29","0.23",,"0.195","0.21","0.145",,"0.155","0.165","0.105",,"0.11","0.115","0.08",,"0.115","0.125","0.085",,"0.115","0.105","0.095",,"0.13","0.175","0.145",,"0.135","0.165","0.125",,"0.09","0.125","0.105",,"0.07","0.065","0.06",,"0.055","0.055","0.05",,"0.055"
DilutedEPS,,"1.32","1.68","1.91","0.97","1.01","1.64","0.99","-0.12","1.22","1.88","1.86","0.82","1.03","2.06","1.79","0.48","1.81","1.43","1.38","0.45","0.75","1.44","2.86","0.58","0.88","1.12","0.29","0.19","0.95","1.07","1.12","0.28","0.16","0.56","1.05","0.29","0.78","1.03","1.16","0.31",,"0.25","0.26","-0.235",,"0.68","0.58","0",,"0.65","0.38","-0.08",,"0.7","0.88","0.66",,"0.92","3.17","0.7",,"0.76","0.95","0.76",,"0.75","0.835","0.64",,"0.68","0.815","0.51",,"0.44","0.405","0.45",,"0.265","0.315","0.24",,"0.1","0.19","0.155",,"0.775","0.54","0.415",,"0.415","0.495","0.365",,"0.36","0.425","0.3",,"0.29","0.34","0.24",,"0.25","0.285","0.23",,"0.195","0.21","0.145",,"0.155","0.165","0.105",,"0.11","0.115","0.08",,"0.115","0.125","0.085",,"0.115","0.105","0.095",,"0.13","0.175","0.145",,"0.135","0.165","0.125",,"0.09","0.125","0.105",,"0.07","0.065","0.06",,"0.055","0.055","0.05",,"0.055"
BasicAverageShares,,"235,194,833","238,200,000","239,900,000","239,400,000","238,808,388","240,000,000","240,000,000","239,500,000","238,305,042","241,700,000","241,400,000","241,000,000","241,905,293","246,400,000","247,500,000","248,000,000","249,479,157","253,300,000","256,400,000","259,400,000","259,006,320","259,200,000","259,200,000","259,400,000","261,251,517","265,600,000","266,500,000","265,400,000","262,899,321","267,900,000","270,400,000","278,300,000","282,700,041","288,700,000","291,900,000","299,600,000","295,583,174","301,001,865","308,252,270","298,689,400",,"312,176,652","330,976,917","331,081,433",,"324,700,000","323,800,000","322,700,000",,"321,000,000","320,800,000","320,500,000",,"320,200,000","287,400,000","275,151,515",,"283,617,021","300,342,679","306,338,028",,"316,623,377","326,562,500","328,831,169",,"334,473,684","337,751,479","345,891,473",,"347,153,285","346,909,091","348,543,689",,"343,555,556","339,756,098","336,703,297",,"336,981,132","335,625,000","337,083,333",,"336,600,000","336,770,000","319,796,000",,"321,800,000","323,000,000","324,000,000",,"327,380,952","329,702,970","327,297,297",,"327,123,288","327,674,419","330,333,333",,"323,666,667","328,235,294","324,166,667",,"327,600,000","318,275,862","323,913,043",,"316,923,077","317,142,857","319,310,345",,"312,258,065","312,727,273","314,285,714",,"320,000,000","313,043,478","307,500,000",,"312,173,913","308,800,000","310,588,235",,"301,739,130","312,380,952","298,947,368",,"309,230,769","308,000,000","314,482,759",,"328,148,148","317,575,758","307,688,000",,"311,166,000","310,152,000","316,432,000",,"316,432,000","300,660,000","300,660,000",,"300,390,000","298,230,000","298,230,000",,"297,980,000"
DilutedAverageShares,,"240,700,000","241,700,000","243,400,000","243,100,000","244,300,000","243,700,000","242,300,000","242,300,000","242,900,000","244,600,000","244,900,000","245,200,000","247,700,000","249,500,000","250,100,000","253,000,000","253,900,000","256,700,000","259,700,000","262,600,000","262,600,000","261,800,000","261,600,000","261,300,000","265,200,000","268,300,000","269,400,000","268,500,000","269,500,000","271,600,000","274,200,000","282,300,000","293,300,000","295,500,000","301,200,000","302,500,000","304,000,000","312,000,000","314,400,000","312,400,000",,"340,200,000","350,900,000","348,500,000",,"339,000,000","339,100,000","336,600,000",,"331,800,000","325,000,000","320,500,000",,"324,100,000","291,100,000","275,151,515",,"289,782,609","304,132,492","310,714,286",,"320,789,474","330,000,000","333,157,895",,"338,933,333","341,796,407","348,593,750",,"349,705,882","351,165,644","351,960,784",,"351,363,636","343,950,617","340,444,444",,"336,981,132","340,952,381","337,083,333",,"338,400,000","336,770,000","319,796,000",,"324,200,000","325,600,000","324,000,000",,"331,325,301","336,363,636","331,780,822",,"331,666,667","331,529,412","330,333,333",,"334,827,586","328,235,294","324,166,667",,"327,600,000","323,859,649","323,913,043",,"316,923,077","317,142,857","319,310,345",,"312,258,065","312,727,273","314,285,714",,"320,000,000","313,043,478","307,500,000",,"312,173,913","308,800,000","310,588,235",,"301,739,130","312,380,952","298,947,368",,"309,230,769","308,000,000","314,482,759",,"328,148,148","317,575,758","307,688,000",,"311,166,000","310,152,000","316,432,000",,"316,432,000","300,660,000","300,660,000",,"300,390,000","298,230,000","298,230,000",,"297,980,000"
TotalOperatingIncomeAsReported,"2,023,300,000","435,700,000","583,400,000","651,000,000","353,200,000","388,000,000","566,900,000","423,500,000","154,400,000","425,400,000","623,200,000","650,500,000","318,500,000","446,700,000","587,000,000","640,300,000","243,400,000","386,600,000","506,100,000","557,600,000","215,000,000","346,900,000","503,700,000","505,200,000","217,300,000","359,300,000","475,400,000","452,200,000","171,100,000","346,300,000","440,000,000","463,300,000","155,000,000","52,000,000","376,600,000","483,000,000","193,500,000","367,500,000","447,800,000","477,900,000","212,000,000","341,500,000","179,700,000","475,500,000","231,900,000","313,600,000","408,200,000","383,000,000","133,500,000","222,800,000","318,300,000","250,600,000","49,900,000","-3,529,800,000","347,400,000","361,600,000","247,000,000","298,800,000","276,300,000","274,100,000","299,900,000","325,500,000","357,700,000","416,500,000","341,100,000","345,700,000","340,000,000","379,100,000","296,900,000","297,900,000","278,200,000","334,500,000","236,900,000","265,200,000","224,300,000","219,500,000","165,400,000","96,700,000","168,400,000","206,400,000","171,600,000","82,400,000","124,600,000","175,400,000","68,900,000","296,500,000","276,200,000","348,500,000","269,300,000","283,000,000","272,900,000","319,300,000","246,700,000","294,300,000","250,200,000","286,300,000","213,600,000","204,400,000","179,700,000","209,600,000","166,600,000","207,900,000","148,700,000","176,300,000","150,600,000","170,000,000","119,100,000","118,700,000","89,200,000","136,300,000","89,000,000","91,900,000","60,100,000","112,500,000","64,600,000","69,400,000","45,200,000","10,400,000","47,500,000","69,400,000","47,800,000","107,600,000","62,700,000","58,300,000","44,800,000","92,500,000","77,600,000","97,400,000","89,900,000","114,000,000","75,000,000","96,300,000",,,,,,,,,,,,,,,
TotalExpenses,"12,113,100,000","3,133,600,000","3,136,400,000","3,178,700,000","2,664,400,000","2,791,100,000","2,928,600,000","2,715,300,000","2,486,900,000","3,725,500,000","3,721,100,000","3,877,300,000","3,257,400,000","3,448,400,000","3,443,900,000","3,717,400,000","3,141,100,000","3,231,500,000","3,164,400,000","3,350,800,000","2,785,600,000","3,011,900,000","3,064,100,000","3,183,000,000","2,676,800,000","2,966,500,000","3,011,500,000","3,148,000,000","2,716,700,000","2,894,200,000","2,945,000,000","3,079,600,000","2,567,900,000","1,615,400,000","3,261,500,000","3,449,700,000","2,918,900,000","3,107,200,000","3,145,000,000","3,347,600,000","2,938,700,000","3,117,000,000","3,484,000,000","3,416,700,000","2,906,100,000","3,398,100,000","3,322,100,000","3,320,400,000","2,819,900,000","3,083,100,000","3,164,400,000","3,223,200,000","2,883,000,000","7,199,900,000","3,965,800,000","2,719,200,000","1,916,300,000","2,024,500,000","1,962,700,000","1,950,500,000","2,368,200,000","2,564,900,000","2,408,300,000","2,625,400,000","2,369,900,000","2,367,600,000","2,275,300,000","2,380,400,000","2,161,900,000","2,161,100,000","2,089,800,000","2,379,400,000","2,055,100,000","2,402,000,000","2,297,100,000","2,305,600,000","2,033,300,000","1,431,100,000","2,339,000,000","2,373,700,000","2,122,500,000","2,417,300,000","2,232,900,000","2,101,900,000","1,944,100,000","2,083,300,000","1,979,700,000","1,837,300,000","1,707,400,000","1,604,500,000","1,573,200,000","1,930,000,000","1,836,600,000","1,788,100,000","1,769,800,000","1,899,900,000","1,789,300,000","1,728,100,000","1,514,300,000","1,627,800,000","1,472,800,000","1,532,500,000","1,447,100,000","1,585,600,000","1,454,300,000","1,460,000,000","1,402,200,000","1,273,400,000","1,096,400,000","1,103,400,000","1,024,700,000","1,051,900,000","950,200,000","976,200,000","908,900,000","937,400,000","906,900,000","1,081,200,000","856,500,000","857,500,000","813,400,000","826,300,000","802,800,000","864,300,000","819,400,000","874,500,000","859,000,000","834,600,000","812,400,000","779,000,000","770,300,000","811,100,000",,,,,,,,,,,,,,,
NetIncomeFromContinuingAndDiscontinuedOperation,"1,423,400,000","317,800,000","405,700,000","464,700,000","235,200,000","244,700,000","400,600,000","238,800,000","-29,200,000","296,100,000","458,800,000","456,100,000","199,900,000","254,000,000","515,100,000","448,100,000","120,400,000","459,900,000","367,000,000","358,600,000","117,100,000","198,800,000","377,400,000","747,600,000","152,400,000","233,500,000","300,900,000","78,900,000","51,300,000","255,500,000","291,300,000","306,000,000","79,000,000","47,700,000","165,900,000","317,200,000","88,000,000","235,600,000","321,600,000","365,800,000","95,600,000","242,300,000","86,200,000","92,300,000","-77,600,000","212,100,000","232,200,000","196,400,000","1,400,000","139,400,000","216,600,000","122,100,000","-21,800,000","-3,290,200,000","227,700,000","256,100,000","181,600,000","2,518,500,000","266,600,000","964,100,000","217,500,000","221,900,000","243,800,000","313,500,000","253,200,000","291,500,000","254,200,000","285,400,000","223,100,000","515,200,000","237,800,000","286,200,000","179,500,000","197,400,000","154,600,000","139,300,000","153,200,000","183,400,000","89,300,000","107,400,000","80,900,000","100,100,000","33,900,000","62,900,000","49,300,000","106,100,000","251,900,000","175,400,000","136,000,000","165,900,000","137,500,000","166,500,000","121,100,000","149,700,000","119,400,000","140,900,000","99,100,000","94,000,000","97,100,000","111,600,000","77,800,000","109,300,000","81,900,000","92,300,000","74,500,000","95,600,000","61,800,000","66,600,000","46,300,000","78,100,000","48,400,000","51,600,000","33,000,000","67,700,000","35,200,000","36,000,000","24,600,000","14,800,000","35,900,000","38,600,000","26,400,000","54,700,000","34,700,000","32,800,000","28,400,000","45,700,000","40,200,000","53,900,000","45,600,000","64,800,000","44,300,000","52,400,000",,,,,,,,,,,,,,,
NormalizedIncome,"1,452,709,800","327,301,216.422","420,788,600","467,279,000","237,371,000","246,863,360.198","408,150,000","276,384,200","52,566,000","274,958,601.08","438,454,500","461,225,400","205,556,100","250,806,016.433","530,523,000","455,407,161.125","135,654,600","493,980,000","364,956,000","352,744,600","122,049,600","206,445,580.007","365,726,500","396,574,400","121,347,500","240,538,461.538","309,882,400","83,060,000","81,280,000","210,468,413.745","299,063,000","308,494,400","79,321,400","-44,225,000","243,823,600","316,781,600","100,795,900","249,751,984.511","319,308,255.067","353,478,637.771","97,946,629.213","242,520,754.717","284,147,677.075","309,117,164.545","117,254,593.954","201,461,559.669","262,812,485.682","247,611,049.211","9,850,000","125,044,259.012","230,617,705.324","131,047,995.352","-23,625,000","15,849,194.391","242,239,038.462","262,500,000","213,662,456.547","175,767,015.141","203,979,609.176","200,898,769.353","219,237,356.322","226,847,865.088","254,233,455.882","323,003,897.116","259,169,322.581","251,034,360.555","248,272,683.859","283,334,812.287","225,962,967.115","208,029,308.368","201,365,105.008","251,424,480.055","169,496,855.346","180,119,771.026","154,848,484.848","150,864,963.504","99,177,092.916","93,040,000","94,697,252.747","122,556,600.91","98,969,035.533","119,660,000","58,620,000","75,220,618.557","64,312,645.161","138,334,563.346","133,561,025.093","186,053,164.557","137,730,069.284","146,940,886.249","138,788,405.797","163,599,303.136","119,228,982.419","140,795,431.034","119,851,295.896","137,545,238.095","94,906,315.104","94,645,604.396","93,193,678.161","107,567,759.867","80,500,000","107,410,086.455","73,458,000","88,204,778.157","75,066,779.374","85,523,583.663","54,429,357.798","60,805,986.904","49,950,207.469","66,109,543.568","48,717,585.302","49,693,596.059","29,382,692.308","54,460,019.268","32,832,000","34,975,088.968","19,807,792.208","18,640,000","20,797,682.709","36,219,666.667","22,655,769.231","61,521,258.907","31,141,025.641","27,429,239.766","17,317,073.171","62,954,081.633","33,291,653.028","49,554,271.961","43,206,629.834","81,193,625.498","39,640,296.296","49,539,454.094",,,,,,,,,,,,,,,
InterestIncome,"4,000,000","1,000,000","800,000","1,100,000",,"900,000","1,900,000","1,800,000",,"900,000","-400,000","3,200,000","-600,000","100,000","100,000","2,600,000","3,600,000","2,700,000","2,300,000","1,300,000","3,100,000","2,600,000","800,000","2,600,000","2,000,000","2,800,000","2,500,000","2,400,000","2,900,000","3,800,000","3,000,000","3,600,000","2,800,000","3,200,000","3,600,000","2,500,000","3,500,000",,,"3,900,000",,,,"6,600,000",,,,,"2,400,000","2,400,000","3,400,000",,,,,,,,,,,,,,,,,,,,,,,,,,,,,,,,,,,,,,,,,,,,,,,,,,,,,,,,,,,,,,,,,,,,,,,,,,,,,,,,,,,,,,,,,,,,,,,,
InterestExpense,"233,700,000","56,000,000","57,700,000","59,300,000","59,600,000","61,900,000","62,400,000","61,300,000","63,200,000","63,300,000","64,500,000","64,700,000","51,500,000","49,000,000","48,500,000","50,300,000","72,900,000","53,800,000","53,900,000","54,100,000","54,000,000","53,800,000","54,500,000","56,500,000","56,700,000","56,300,000","55,800,000","55,800,000","55,100,000","68,000,000","52,300,000","53,000,000","52,000,000","52,000,000","103,400,000","62,400,000","61,000,000","61,400,000","60,600,000","62,100,000","69,400,000","70,300,000","69,700,000","71,600,000","68,300,000","70,900,000","70,200,000","71,100,000","71,200,000","76,400,000","76,500,000","81,900,000","67,400,000",,,,,,,,,,,,,,,,,,,,,,,,,,,,,,,,,,,,,,,,,,,,,,,,,,,,,,,,,,,,,,,,,,,,,,,,,,,,,,,,,,,,,,,,,,,,,,
NetInterestIncome,"-229,700,000","-55,000,000","-56,900,000","-58,200,000","-59,600,000","-61,000,000","-60,500,000","-59,500,000","-63,200,000","-62,400,000","-64,500,000","-61,500,000","-51,500,000","-48,900,000","-48,400,000","-47,700,000","-69,300,000","-51,100,000","-51,600,000","-52,800,000","-50,900,000","-51,200,000","-53,700,000","-53,900,000","-54,700,000","-53,500,000","-53,300,000","-53,400,000","-52,200,000","-64,200,000","-49,300,000","-49,400,000","-49,200,000","-48,800,000","-99,800,000","-59,900,000","-57,500,000","-45,100,000","-60,600,000","-58,200,000","-69,400,000","-70,300,000","-69,700,000","-65,000,000","-68,300,000","-70,900,000","-70,200,000","-71,100,000","-68,800,000","-74,000,000","-73,100,000","-81,900,000","-67,400,000",,,,,,,,,,,,,,,,,,,,,,,,,,,,,,,,,,,,,,,,,,,,,,,,,,,,,,,,,,,,,,,,,,,,,,,,,,,,,,,,,,,,,,,,,,,,,,
EBIT,"2,024,400,000","450,600,000","576,500,000","651,300,000","344,900,000","384,500,000","562,400,000","423,100,000","167,000,000","415,000,000","616,400,000","653,900,000","300,300,000","426,300,000","578,500,000","636,800,000","239,400,000","378,800,000","498,500,000","546,100,000","210,300,000","321,900,000","505,400,000","908,200,000","227,300,000","364,400,000","487,600,000","474,200,000","144,700,000","356,100,000","449,600,000","471,900,000","157,200,000","58,100,000","382,600,000","481,300,000","186,500,000","371,300,000","465,200,000","482,000,000","211,800,000","345,900,000","201,000,000","480,000,000","237,000,000","324,800,000","419,400,000","394,200,000","141,600,000","226,200,000","318,800,000","254,000,000","62,400,000","-3,529,800,000","347,400,000","361,600,000","247,000,000","298,800,000","276,300,000","274,100,000","299,900,000","325,500,000","357,700,000","416,500,000","341,100,000","345,700,000","340,000,000","379,100,000","296,900,000","297,900,000","278,200,000","334,500,000","236,900,000","263,900,000","222,400,000","219,500,000","165,400,000","108,800,000","179,100,000","213,700,000","183,400,000","118,300,000","150,200,000","183,700,000","175,500,000","296,500,000","276,200,000","348,500,000","269,300,000","283,000,000","272,900,000","319,300,000","246,700,000","294,300,000","250,200,000","286,300,000","213,600,000","204,400,000","179,700,000","209,600,000","166,600,000","207,900,000","148,700,000","176,300,000","150,600,000","170,000,000","119,100,000","118,700,000","89,200,000","136,300,000","89,000,000","91,900,000","60,100,000","112,500,000","64,600,000","69,400,000","45,200,000","10,400,000","47,500,000","69,400,000","47,800,000","107,600,000","62,700,000","58,300,000","44,800,000","92,500,000","77,600,000","97,400,000","89,900,000","114,000,000","75,000,000","96,300,000","801,800,000","-1,920,800,000","715,400,000","779,800,000","711,000,000","-1,636,200,000","631,100,000","664,300,000","609,400,000","-1,815,700,000","644,800,000","726,000,000","660,300,000","-1,707,400,000","612,200,000"
EBITDA,"2,323,800,000"
ReconciledCostOfRevenue,"9,666,800,000","2,527,800,000","2,515,600,000","2,559,000,000","2,064,400,000","2,231,200,000","2,360,800,000","2,160,500,000","1,898,800,000","2,904,300,000","2,935,800,000","3,094,100,000","2,517,300,000","2,745,000,000","2,718,300,000","2,964,100,000","2,420,200,000","2,542,500,000","2,489,900,000","2,653,100,000","2,126,100,000","2,351,300,000","2,418,700,000","2,512,300,000","2,047,000,000","2,341,000,000","2,379,400,000","2,494,500,000","2,086,700,000","2,261,100,000","2,327,000,000","2,439,900,000","1,954,800,000","1,300,000,000","2,504,700,000","2,678,800,000","2,192,100,000","2,410,500,000","2,454,400,000","2,644,000,000","2,249,400,000","2,461,000,000","2,771,800,000","2,708,400,000","2,249,800,000","2,700,800,000","2,651,400,000","2,655,800,000","2,173,300,000","2,411,700,000","2,486,600,000","2,540,400,000","2,206,400,000","2,801,700,000","3,209,400,000","2,196,100,000","1,540,900,000","1,658,200,000","1,608,200,000","1,589,700,000","1,953,000,000","2,166,900,000","2,043,900,000","2,215,400,000","1,998,000,000","1,993,700,000","1,920,700,000","2,019,100,000","1,810,700,000","1,777,700,000","1,738,800,000","2,002,600,000","1,682,000,000","1,973,300,000","1,921,100,000","1,907,600,000","1,689,500,000","1,105,900,000","1,951,500,000","1,994,900,000","1,774,300,000","2,016,200,000","1,868,200,000","1,697,500,000","1,552,800,000","1,708,400,000","1,585,300,000","1,501,400,000","1,368,900,000","1,263,800,000","1,268,000,000","1,548,100,000","1,458,200,000","1,413,000,000","1,413,700,000","1,522,600,000","1,414,700,000","1,366,500,000","1,201,200,000","1,311,400,000","1,172,300,000","1,228,400,000","1,153,900,000","1,288,300,000","1,156,800,000","1,155,500,000","1,109,900,000","1,009,000,000","856,400,000","860,800,000","807,300,000","832,100,000","744,100,000","771,200,000","704,500,000","720,200,000","697,100,000","798,100,000","661,000,000","674,400,000","631,800,000","657,900,000","628,800,000","685,500,000","644,200,000","695,900,000","687,500,000","667,100,000","646,500,000","627,800,000","620,300,000","662,100,000",,,,,,,,,,,,,,,
ReconciledDepreciation,"299,400,000","76,400,000","72,200,000","74,800,000","76,000,000","70,600,000","74,500,000","74,200,000","75,000,000","105,600,000","104,900,000","97,600,000","89,300,000","88,500,000","85,200,000","94,400,000","93,400,000","91,400,000","87,800,000","87,400,000","86,700,000","87,500,000","88,700,000","88,000,000","88,000,000","94,900,000","88,500,000","92,800,000","87,900,000","81,900,000","82,300,000","85,900,000","82,300,000","51,600,000","93,500,000","93,900,000","94,700,000","90,100,000","92,300,000","95,100,000","98,000,000","100,600,000","103,200,000","100,600,000","98,300,000","107,700,000","107,000,000","110,300,000","112,100,000","109,200,000","111,200,000","102,000,000","102,500,000","123,300,000","202,600,000","89,100,000","38,100,000","39,800,000","28,400,000","27,000,000","43,600,000","44,900,000","49,300,000","48,100,000","48,400,000","51,600,000","46,100,000","46,100,000","51,900,000","47,300,000","25,900,000","52,300,000","48,900,000","50,300,000","42,500,000","49,600,000","51,600,000","16,900,000","59,600,000","65,300,000","64,100,000","85,000,000","107,300,000","85,300,000","84,900,000","78,100,000","83,600,000","66,300,000","69,000,000","67,900,000","56,700,000","69,600,000","78,200,000","68,700,000","70,400,000","74,100,000","69,400,000","62,500,000","49,600,000","44,100,000","56,100,000","48,100,000","52,800,000","49,700,000","52,000,000","47,500,000","53,200,000","42,000,000","36,700,000","34,100,000","32,900,000","33,700,000","31,800,000","28,400,000","31,600,000","32,600,000","30,900,000","29,900,000","29,000,000","28,900,000","28,800,000","26,100,000","27,000,000","27,800,000","27,800,000","24,200,000","25,600,000","24,500,000","23,000,000","19,600,000","21,000,000","20,000,000",,,,,,,,,,,,,,,
NetIncomeFromContinuingOperationNetMinorityInterest,"1,444,000,000","325,800,000","419,000,000","464,900,000","234,300,000","245,700,000","406,100,000","275,000,000","49,500,000","272,200,000","434,400,000","461,700,000","202,000,000","248,500,000","526,800,000","454,000,000","129,800,000","490,800,000","363,300,000","350,300,000","123,600,000","200,200,000","363,200,000","754,400,000","125,500,000","234,400,000","312,900,000","83,000,000","58,600,000","212,200,000","298,300,000","310,600,000","76,100,000","30,200,000","168,400,000","311,600,000","95,200,000","234,600,000","333,900,000","358,000,000","97,800,000","251,000,000","94,800,000","307,500,000","121,100,000","211,100,000","271,700,000","256,700,000","11,800,000","124,600,000","224,900,000","133,800,000","-15,500,000","-3,275,200,000","233,700,000","262,500,000","211,700,000","170,900,000","197,600,000","208,000,000","216,500,000","229,900,000","254,000,000","322,000,000","262,300,000","272,900,000","256,100,000","291,800,000","232,300,000","222,300,000","205,600,000","250,400,000","165,000,000","196,000,000","153,300,000","153,100,000","93,500,000","89,800,000","89,300,000","107,400,000","80,900,000","100,100,000","33,900,000","62,900,000","49,300,000","106,100,000","130,700,000","183,400,000","139,600,000","141,200,000","133,500,000","166,500,000","121,100,000","149,700,000","119,400,000","140,900,000","99,100,000","94,000,000","97,100,000","111,600,000","77,800,000","109,300,000","81,900,000","92,300,000","74,500,000","95,600,000","61,800,000","66,600,000","46,300,000","78,100,000","48,400,000","51,600,000","33,000,000","67,700,000","35,200,000","36,000,000","24,600,000","14,800,000","35,900,000","38,600,000","26,400,000","54,700,000","34,700,000","32,800,000","28,400,000","45,700,000","40,200,000","53,900,000","45,600,000","64,800,000","44,300,000","52,400,000",,,,,,,,,,,,,,,
TotalUnusualItemsExcludingGoodwill,"-10,700,000","-1,800,000","-2,200,000","-3,000,000","-3,700,000","-1,500,000","-2,500,000","-1,800,000","-4,200,000","-3,500,000","-5,100,000","600,000","-4,300,000","-3,400,000","-5,100,000","-1,800,000","-7,300,000","-5,300,000","-2,000,000","-3,400,000","1,900,000","-8,200,000","-3,100,000","401,600,000","5,500,000","-7,900,000","4,100,000","-100,000","-32,400,000","2,300,000","-1,000,000","2,800,000","-4,200,000","114,500,000","-114,800,000","-6,800,000","-6,900,000","-19,500,000","17,400,000","5,200,000","-200,000","9,100,000","-243,500,000","-2,100,000","5,100,000","11,200,000","11,200,000","11,200,000","3,000,000","-500,000","-6,000,000","3,400,000","12,500,000","-3,654,600,000","-9,500,000",,"-2,400,000","-7,900,000","-7,600,000","8,600,000","-3,300,000","3,700,000","-300,000","-1,200,000","3,700,000","26,000,000","9,600,000","10,200,000","7,300,000","16,800,000","5,100,000","-1,200,000","-5,200,000","18,400,000","-1,800,000","2,600,000","-6,600,000","-5,400,000","-6,600,000","-18,600,000","-22,000,000","-32,600,000","-41,200,000","-19,000,000","-23,600,000","-49,400,000","-4,100,000","-4,000,000","2,900,000","-8,900,000","-8,200,000","4,500,000","2,900,000","13,800,000","-700,000","5,200,000","6,500,000","-1,000,000","6,300,000","6,500,000","-4,500,000","3,000,000","13,400,000","6,500,000","-900,000","16,000,000","11,700,000","9,300,000","-5,700,000","18,500,000","-500,000","3,000,000","5,700,000","20,300,000","3,700,000","1,600,000","7,500,000","-6,400,000","23,600,000","3,700,000","5,900,000","-10,500,000","5,600,000","8,400,000","17,600,000","-25,900,000","10,500,000","6,700,000","3,800,000","-25,400,000","7,100,000","4,400,000",,,,,,,,,,,,,,,
TotalUnusualItems,"-10,700,000","-1,800,000","-2,200,000","-3,000,000","-3,700,000","-1,500,000","-2,500,000","-1,800,000","-4,200,000","-3,500,000","-5,100,000","600,000","-4,300,000","-3,400,000","-5,100,000","-1,800,000","-7,300,000","-5,300,000","-2,000,000","-3,400,000","1,900,000","-8,200,000","-3,100,000","401,600,000","5,500,000","-7,900,000","4,100,000","-100,000","-32,400,000","2,300,000","-1,000,000","2,800,000","-4,200,000","114,500,000","-114,800,000","-6,800,000","-6,900,000","-19,500,000","17,400,000","5,200,000","-200,000","9,100,000","-243,500,000","-2,100,000","5,100,000","11,200,000","11,200,000","11,200,000","3,000,000","-500,000","-6,000,000","3,400,000","12,500,000","-3,654,600,000","-9,500,000",,"-2,400,000","-7,900,000","-7,600,000","8,600,000","-3,300,000","3,700,000","-300,000","-1,200,000","3,700,000","26,000,000","9,600,000","10,200,000","7,300,000","16,800,000","5,100,000","-1,200,000","-5,200,000","18,400,000","-1,800,000","2,600,000","-6,600,000","-5,400,000","-6,600,000","-18,600,000","-22,000,000","-32,600,000","-41,200,000","-19,000,000","-23,600,000","-49,400,000","-4,100,000","-4,000,000","2,900,000","-8,900,000","-8,200,000","4,500,000","2,900,000","13,800,000","-700,000","5,200,000","6,500,000","-1,000,000","6,300,000","6,500,000","-4,500,000","3,000,000","13,400,000","6,500,000","-900,000","16,000,000","11,700,000","9,300,000","-5,700,000","18,500,000","-500,000","3,000,000","5,700,000","20,300,000","3,700,000","1,600,000","7,500,000","-6,400,000","23,600,000","3,700,000","5,900,000","-10,500,000","5,600,000","8,400,000","17,600,000","-25,900,000","10,500,000","6,700,000","3,800,000","-25,400,000","7,100,000","4,400,000",,,,,,,,,,,,,,,
NormalizedEBITDA,"2,334,500,000","528,800,000","650,900,000","729,100,000","424,600,000","456,600,000","639,400,000","499,100,000","246,200,000","524,100,000","726,400,000","750,900,000","393,900,000","518,200,000","668,800,000","733,000,000","340,100,000","475,500,000","588,300,000","636,900,000","295,100,000","417,600,000","597,200,000","594,600,000","309,800,000","467,200,000","572,000,000","567,100,000","265,000,000","435,700,000","532,900,000","555,000,000","243,700,000","-4,800,000","590,900,000","582,000,000","288,100,000","480,900,000","540,100,000","571,900,000","310,000,000","437,400,000","547,700,000","582,700,000","330,200,000","421,300,000","515,200,000","493,300,000","250,700,000","335,900,000","436,000,000","352,600,000","152,400,000","248,100,000","559,500,000","450,700,000","287,500,000","346,500,000","312,300,000","292,500,000","346,800,000","366,700,000","407,300,000","465,800,000","385,800,000","371,300,000","376,500,000","415,000,000","341,500,000","328,400,000","299,000,000","388,000,000","291,000,000","295,800,000","266,700,000","266,500,000","223,600,000","131,100,000","245,300,000","297,600,000","269,500,000","235,900,000","298,700,000","288,000,000","284,000,000","424,000,000","363,900,000","418,800,000","335,400,000","359,800,000","337,800,000","384,400,000","322,000,000","349,200,000","321,300,000","355,200,000","276,500,000","267,900,000","223,000,000","247,200,000","227,200,000","253,000,000","188,100,000","219,500,000","203,500,000","201,500,000","160,600,000","151,400,000","131,600,000","151,900,000","122,400,000","122,600,000","86,200,000","120,600,000","92,500,000","100,400,000","68,600,000","46,700,000","52,900,000","94,600,000","70,700,000","144,200,000","84,100,000","77,700,000","55,000,000","142,600,000","92,700,000","115,200,000","109,100,000","159,000,000","88,900,000","111,900,000","801,800,000","-1,920,800,000","715,400,000","779,800,000","711,000,000","-1,636,200,000","631,100,000","664,300,000","609,400,000","-1,815,700,000","644,800,000","726,000,000","660,300,000","-1,707,400,000","612,200,000"
TaxRateForCalcs,"0.186","0.166","0.187","0.207","0.17","0.224","0.18","0.231","0.27","0.212","0.205","0.209","0.173","0.322","0.27","0.218","0.198","0.4","0.172","0.281","0.184","0.238","0.185","0.109","0.245","0.223","0.264","0.4","0.3","0.247","0.237","0.248","0.233","0.35","0.343","0.238","0.189","0.223","0.161","0.131","0.267","0.068","0.222","0.23","0.246","0.139","0.206","0.188","0.35","0.111","0.047","0.191","0.35","0.099","0.101","0.233","0.182","0.384","0.161","0.174","0.17","0.175","0.222","0.163","0.154","0.159","0.185","0.17","0.132","0.151","0.17","0.146","0.135","0.137","0.14","0.14","0.14","0.4","0.182","0.185","0.179","0.4","0.4","0.352","0.364","0.347","0.302","0.337","0.355","0.355","0.355","0.355","0.355","0.355","0.355","0.355","0.355","0.354","0.38","0.38","0.4","0.37","0.37","0.37","0.37","0.37","0.37","0.377","0.36","0.352","0.365","0.365","0.365","0.348","0.36","0.359","0.361","0.4","0.36","0.357","0.365","0.35","0.364","0.361","0.37","0.334","0.342","0.351","0.37","0.355","0.344","0.35",,,,,,,,,,,,,,,
TaxEffectOfUnusualItems,"-1,990,200","-298,783.578","-411,400","-621,000","-629,000","-336,639.802","-450,000","-415,800","-1,134,000","-741,398.92","-1,045,500","125,400","-743,900","-1,093,983.567","-1,377,000","-392,838.875","-1,445,400","-2,120,000","-344,000","-955,400","349,600","-1,954,419.993","-573,500","43,774,400","1,347,500","-1,761,538.462","1,082,400","-40,000","-9,720,000","568,413.745","-237,000","694,400","-978,600","40,075,000","-39,376,400","-1,618,400","-1,304,100","-4,348,015.489","2,808,255.067","678,637.771","-53,370.787","620,754.717","-54,152,322.925","-482,835.455","1,254,593.954","1,561,559.669","2,312,485.682","2,111,049.211","1,050,000","-55,740.988","-282,294.676","647,995.352","4,375,000","-363,550,805.609","-960,961.538","0","-437,543.453","-3,032,984.859","-1,220,390.824","1,498,769.353","-562,643.678","647,865.088","-66,544.118","-196,102.884","569,322.581","4,134,360.555","1,772,683.859","1,734,812.287","962,967.115","2,529,308.368","865,105.008","-175,519.945","-703,144.654","2,519,771.026","-251,515.152","364,963.504","-922,907.084","-2,160,000","-1,202,747.253","-3,443,399.09","-3,930,964.467","-13,040,000","-16,480,000","-6,679,381.443","-8,587,354.839","-17,165,436.654","-1,238,974.907","-1,346,835.443","1,030,069.284","-3,159,113.751","-2,911,594.203","1,599,303.136","1,028,982.419","4,895,431.034","-248,704.104","1,845,238.095","2,306,315.104","-354,395.604","2,393,678.161","2,467,759.867","-1,800,000","1,110,086.455","4,958,000","2,404,778.157","-333,220.626","5,923,583.663","4,329,357.798","3,505,986.904","-2,049,792.531","6,509,543.568","-182,414.698","1,093,596.059","2,082,692.308","7,060,019.268","1,332,000","575,088.968","2,707,792.208","-2,560,000","8,497,682.709","1,319,666.667","2,155,769.231","-3,678,741.093","2,041,025.641","3,029,239.766","6,517,073.171","-8,645,918.367","3,591,653.028","2,354,271.961","1,406,629.834","-9,006,374.502","2,440,296.296","1,539,454.094",,,,,,,,,,,,,,,