name,ttm,12/31/2021,09/30/2021,06/30/2021,03/31/2021,12/31/2020,09/30/2020,06/30/2020,03/31/2020,12/31/2019,09/30/2019,06/30/2019,03/31/2019,12/31/2018,09/30/2018,06/30/2018,03/31/2018,12/31/2017,09/30/2017,06/30/2017,03/31/2017,12/31/2016,09/30/2016,06/30/2016,03/31/2016,12/31/2015,09/30/2015,06/30/2015,03/31/2015,12/31/2014,09/30/2014,06/30/2014,03/31/2014,12/31/2013,09/30/2013,06/30/2013,03/31/2013,12/31/2012,09/30/2012,06/30/2012,03/31/2012,12/31/2011,09/30/2011,06/30/2011,03/31/2011,12/31/2010,09/30/2010,06/30/2010,03/31/2010,12/31/2009,09/30/2009,06/30/2009,03/31/2009,12/31/2008,09/30/2008,06/30/2008,03/31/2008,12/31/2007,09/30/2007,06/30/2007,03/31/2007,12/31/2006,09/30/2006,06/30/2006,03/31/2006,12/31/2005,09/30/2005,06/30/2005,03/31/2005,12/31/2004,09/30/2004,06/30/2004,03/31/2004,12/31/2003,09/30/2003,06/30/2003,03/31/2003,12/31/2002,09/30/2002,06/30/2002,03/31/2002,12/31/2001,09/30/2001,06/30/2001,03/31/2001,12/31/2000,09/30/2000,06/30/2000,03/31/2000,12/31/1999,09/30/1999,06/30/1999,03/31/1999,12/31/1998,09/30/1998,06/30/1998,03/31/1998,12/31/1997,09/30/1997,06/30/1997,03/31/1997,12/31/1996,09/30/1996,06/30/1996,03/31/1996,12/31/1995,09/30/1995,06/30/1995,03/31/1995,12/31/1994,09/30/1994,06/30/1994,03/31/1994,12/31/1993,09/30/1993,06/30/1993,03/31/1993,12/31/1992,09/30/1992,06/30/1992,03/31/1992,12/31/1991,09/30/1991,06/30/1991,03/31/1991,12/31/1990,09/30/1990,06/30/1990,03/31/1990,12/31/1989,09/30/1989,06/30/1989,03/31/1989,12/31/1988,09/30/1988,06/30/1988,03/31/1988
TotalRevenue,"1,592,287,000","433,537,000","459,873,000","404,075,000","294,802,000","283,285,000","285,746,000","271,091,000","276,541,000","288,837,000","275,400,000","275,124,000","247,066,000","241,981,000","236,067,000","236,060,000","221,174,000","217,851,000","214,146,000","209,123,000","199,542,000","193,281,000","194,497,000","188,972,000","179,293,000","158,916,000","150,845,000","146,295,000","134,966,000","127,440,000","128,664,000","124,371,000","112,626,000","110,735,000","107,021,000","103,088,000","95,799,000","95,368,000","93,845,000","91,368,000","82,723,000","82,079,000","77,184,000","76,735,000","73,393,000","72,439,000","73,769,000","72,600,000","69,820,000","74,217,000","74,332,000","72,172,000","69,565,000","69,544,000","68,638,000","67,569,000","59,351,000","60,420,000","54,932,000","54,112,000","50,332,000","51,155,000","50,139,000","49,151,000","44,858,000","44,307,000","42,306,000","43,185,000","40,659,000","44,734,000","41,811,000","44,263,000","41,462,000","39,120,000","37,874,000","36,135,000","32,325,000","37,232,000","34,693,000","33,316,000","28,656,000","31,204,000","28,435,000","30,977,000","27,272,000","-5,808,000","34,376,000","32,139,000","32,491,000","29,801,000","29,500,000","28,700,000","20,400,000","-41,800,000","35,700,000","33,200,000","23,400,000","18,200,000","20,200,000","23,000,000","26,500,000","45,200,000","25,900,000","26,600,000","30,800,000","-114,000,000","86,400,000","87,900,000","80,300,000","112,400,000","83,700,000","85,100,000","76,600,000","66,900,000","77,900,000","76,800,000","60,800,000","65,800,000","77,000,000","76,900,000","66,500,000","65,300,000","77,700,000","73,300,000","50,100,000","47,900,000","59,500,000","58,900,000","51,300,000","44,700,000","51,700,000","51,700,000","41,300,000","44,900,000","48,100,000","48,200,000","38,000,000"
	OperatingRevenue,"1,592,287,000","433,537,000","459,873,000","404,075,000","294,802,000","283,285,000","285,746,000","271,091,000","276,541,000","288,837,000","275,400,000","275,124,000","247,066,000","241,981,000","236,067,000","236,060,000","221,174,000","217,851,000","214,146,000","209,123,000","199,542,000","193,281,000","194,497,000","188,972,000","179,293,000","158,916,000","150,845,000","146,295,000","134,966,000","127,440,000","128,664,000","124,371,000","112,626,000","110,735,000","107,021,000","103,088,000","95,799,000","95,368,000","93,845,000","91,368,000","82,723,000","82,079,000","77,184,000","76,735,000","73,393,000","72,439,000","73,769,000","72,600,000","69,820,000","74,217,000","74,332,000","72,172,000","69,565,000","69,544,000","68,637,000","67,569,000","59,351,000","60,420,000","54,932,000","54,112,000","50,332,000","51,155,000","50,139,000","49,151,000","44,858,000","44,307,000","42,306,000","43,185,000","40,659,000","44,734,000","41,811,000","44,263,000","41,462,000","39,120,000","37,874,000","36,135,000","32,325,000","37,232,000","34,693,000","33,316,000","28,656,000","31,204,000","28,435,000","30,977,000","27,272,000","-5,808,000","34,376,000","32,139,000","32,491,000","29,801,000","29,500,000","28,700,000","20,400,000","-41,800,000","35,700,000","33,200,000","23,400,000","18,200,000","20,200,000","23,000,000","26,500,000","45,200,000","25,900,000","26,600,000","30,800,000","-114,000,000","86,400,000","87,900,000","80,300,000","112,400,000","83,700,000","85,100,000","76,600,000","66,900,000","77,900,000","76,800,000","60,800,000","65,800,000","77,000,000","76,900,000","66,500,000","65,300,000","77,700,000","73,300,000","50,100,000","47,900,000","59,500,000","58,900,000","51,300,000","44,700,000","51,700,000","51,700,000","41,300,000","44,900,000","48,100,000","48,200,000","38,000,000"
CostOfRevenue,"882,643,000","246,377,000","263,657,000","222,014,000","150,595,000","144,616,000","142,237,000","139,888,000","147,410,000","146,562,000","144,683,000","147,264,000","131,018,000","126,110,000","124,441,000","126,784,000","118,369,000","112,351,000","110,717,000","113,260,000","105,194,000","100,464,000","101,017,000","102,036,000","97,175,000","85,694,000","79,012,000","78,042,000","71,087,000","66,949,000","66,872,000","65,813,000","60,096,000","57,968,000","57,472,000","56,046,000","51,954,000","50,728,000","48,901,000","50,669,000","45,304,000","43,059,000","41,052,000","42,598,000","40,770,000","39,823,000","40,562,000","40,125,000","39,801,000","40,978,000","41,097,000","40,175,000","39,273,000","40,599,000","38,687,000","38,480,000","37,548,000","35,984,000","33,302,000","33,775,000","32,310,000","30,916,000","29,982,000","30,205,000","29,396,000","28,202,000","26,286,000","26,936,000","27,546,000","26,670,000","26,515,000","27,163,000","26,637,000","23,264,000","22,404,000","22,272,000","20,681,000","23,004,000","22,381,000","21,608,000","18,922,000","19,858,000","18,515,000","20,845,000","16,135,000","2,360,000","17,520,000","17,163,000","17,799,000","16,867,000","12,700,000","11,800,000","9,100,000","-20,900,000","17,900,000","17,400,000","12,300,000","10,100,000","11,600,000","11,600,000","11,500,000","17,700,000","12,800,000","13,200,000","13,200,000","-122,000,000","63,200,000","63,900,000","54,900,000","72,800,000","61,400,000","59,200,000","50,100,000","48,600,000","59,200,000","56,500,000","46,000,000","48,200,000","56,500,000","57,200,000","50,800,000","49,600,000","57,700,000","55,900,000","41,900,000","39,700,000","46,400,000","48,000,000","41,100,000",,,,,,,,
GrossProfit,"709,644,000","187,160,000","196,216,000","182,061,000","144,207,000","138,669,000","143,509,000","131,203,000","129,131,000","142,275,000","130,717,000","127,860,000","116,048,000","115,871,000","111,626,000","109,276,000","102,805,000","105,500,000","103,429,000","95,863,000","94,348,000","92,817,000","93,480,000","86,936,000","82,118,000","73,222,000","71,833,000","68,253,000","63,879,000","60,491,000","61,792,000","58,558,000","52,530,000","52,767,000","49,549,000","47,042,000","43,845,000","44,640,000","44,944,000","40,699,000","37,419,000","39,020,000","36,132,000","34,137,000","32,623,000","32,616,000","33,207,000","32,475,000","30,019,000","33,239,000","33,235,000","31,997,000","30,292,000","28,945,000","29,951,000","29,089,000","21,803,000","24,436,000","21,630,000","20,337,000","18,022,000","20,239,000","20,157,000","18,946,000","15,462,000","16,105,000","16,020,000","16,249,000","13,113,000","18,064,000","15,296,000","17,100,000","14,825,000","15,856,000","15,470,000","13,863,000","11,644,000","14,228,000","12,312,000","11,708,000","9,734,000","11,346,000","9,920,000","10,132,000","11,137,000","-8,168,000","16,856,000","14,976,000","14,692,000","12,934,000","16,800,000","16,900,000","11,300,000","-20,900,000","17,800,000","15,800,000","11,100,000","8,100,000","8,600,000","11,400,000","15,000,000","27,500,000","13,100,000","13,400,000","17,600,000","8,000,000","23,200,000","24,000,000","25,400,000","39,600,000","22,300,000","25,900,000","26,500,000","18,300,000","18,700,000","20,300,000","14,800,000","17,600,000","20,500,000","19,700,000","15,700,000","15,700,000","20,000,000","17,400,000","8,200,000","8,200,000","13,100,000","10,900,000","10,200,000",,,,,,,,
OperatingExpense,"528,909,000","139,108,000","140,032,000","143,770,000","105,999,000","90,633,000","93,853,000","89,862,000","95,238,000","97,118,000","90,664,000","91,194,000","81,557,000","76,944,000","74,041,000","72,134,000","63,967,000","61,241,000","59,982,000","58,788,000","58,199,000","57,413,000","56,535,000","56,021,000","54,077,000","53,442,000","40,344,000","38,657,000","36,701,000","35,898,000","35,047,000","34,936,000","32,668,000","33,315,000","31,692,000","31,693,000","29,375,000","29,221,000","26,285,000","28,244,000","27,375,000","24,698,000","23,752,000","24,304,000","22,641,000","21,427,000","21,376,000","21,990,000","21,883,000","22,290,000","20,772,000","20,600,000","20,317,000","10,192,000","18,013,000","27,307,000","17,135,000","14,856,000","13,702,000","14,541,000","14,546,000","13,984,000","13,527,000","13,318,000","12,200,000","11,311,000","11,960,000","11,778,000","12,459,000","12,739,000","11,895,000","12,082,000","11,449,000","10,291,000","10,358,000","10,786,000","9,886,000","9,424,000","9,378,000","9,587,000","8,854,000","9,681,000","9,229,000","9,501,000","9,317,000","-6,128,000","16,197,000","17,231,000","16,489,000","16,670,000","13,100,000","12,100,000","7,300,000","-19,800,000","15,200,000","12,800,000","10,700,000","8,200,000","8,400,000","13,300,000","14,900,000","33,500,000","16,700,000","15,900,000","17,800,000","2,000,000","25,600,000","24,000,000","26,500,000","37,600,000","25,600,000","25,700,000","27,200,000","17,800,000","17,100,000","17,500,000","16,300,000","17,600,000","17,100,000","16,800,000","15,400,000","15,000,000","16,000,000","15,800,000","11,200,000","8,400,000","11,000,000","8,900,000","9,200,000",,,,,,,,
	SellingGeneralAndAdministration,"390,579,000","101,036,000","101,847,000","108,922,000","78,774,000","62,736,000","66,819,000","62,521,000","67,485,000","70,265,000","63,888,000","65,827,000","57,766,000","55,134,000","52,605,000","52,262,000","47,604,000","45,725,000","44,656,000","43,451,000","43,142,000","42,163,000","42,007,000","42,232,000","40,759,000","42,507,000","31,869,000","30,396,000","28,545,000","28,130,000","27,344,000","27,419,000","25,367,000","26,091,000","24,581,000","24,971,000","22,646,000","22,763,000","20,909,000","21,699,000","21,335,000","21,141,000","18,755,000","18,466,000","17,288,000","17,143,000","17,337,000","17,439,000","17,561,000","18,507,000","17,114,000","17,084,000","17,410,000","16,768,000","15,985,000","15,418,000","14,752,000","13,276,000","12,691,000","12,781,000","12,976,000","13,639,000","13,201,000","12,993,000","11,878,000","11,590,000","11,445,000","11,263,000","11,944,000","12,200,000","11,312,000","11,412,000","10,527,000","9,550,000","9,678,000","10,061,000","9,101,000","8,592,000","8,546,000","8,756,000","8,020,000","8,195,000","7,508,000","7,782,000","7,580,000","-2,139,000","11,295,000","12,655,000","12,292,000","13,009,000","9,800,000","9,600,000","5,500,000","-20,500,000","13,300,000","12,100,000","9,600,000","7,600,000","8,300,000","12,600,000","14,200,000","32,100,000","15,600,000","14,900,000","16,800,000","7,700,000","22,000,000","20,600,000","23,200,000","34,200,000","22,500,000","22,600,000","24,100,000","15,200,000","14,400,000","14,800,000","13,600,000","14,800,000","14,300,000","14,000,000","12,700,000","12,100,000","13,300,000","13,300,000","8,900,000","6,100,000","6,700,000","6,800,000","7,100,000",,,,,,,,
	ResearchAndDevelopment,"93,481,000","24,238,000","24,002,000","23,428,000","21,813,000","22,411,000","21,642,000","21,949,000","22,361,000","21,170,000","21,130,000","20,101,000","18,941,000","17,335,000","17,050,000","15,831,000","13,048,000","12,017,000","11,834,000","11,874,000","11,599,000","11,792,000","11,070,000","10,336,000","9,956,000","8,615,000","7,193,000","7,110,000","7,004,000","6,615,000","6,567,000","6,389,000","6,172,000","6,095,000","5,982,000","5,594,000","5,598,000","5,365,000","4,273,000","5,408,000","5,094,000","2,634,000","4,196,000","5,035,000","4,549,000","3,478,000","3,233,000","3,744,000","3,516,000","3,112,000","2,973,000","2,839,000","2,235,000","1,801,000","1,416,000","2,253,000","1,816,000","1,177,000","639,000","1,404,000","1,223,000",,,,,,,,,,,,,,,,,,,,,,,,,,,,,,,,,,,,,,,,,,,,,,,,,,,,,,,,,,,,,,,,,,,,,,,,,,,,
	DepreciationAmortizationDepletionIncomeStatement,"44,849,000","13,834,000","14,183,000","11,420,000","5,412,000","5,486,000","5,392,000","5,392,000","5,392,000","5,683,000","5,646,000","5,266,000","4,850,000","4,475,000","4,386,000","4,041,000","3,315,000","3,499,000","3,492,000","3,463,000","3,458,000","3,458,000","3,458,000","3,453,000","3,362,000","2,320,000","1,282,000","1,151,000","1,152,000","1,153,000","1,136,000","1,128,000","1,129,000","1,129,000","1,129,000","1,128,000","1,131,000","1,093,000","1,103,000","1,137,000","946,000","923,000","801,000","803,000","804,000","806,000","806,000","807,000","806,000","671,000","685,000","677,000","672,000","668,000","612,000","591,000","567,000","403,000","372,000","356,000","347,000","345,000","326,000","325,000","322,000","-279,000","515,000","515,000","515,000","539,000","583,000","670,000","922,000","741,000","680,000","725,000","785,000","832,000","832,000","831,000","834,000","1,721,000","1,721,000","1,719,000","4,253,000","-3,989,000","4,902,000","4,576,000","4,197,000","3,661,000","3,300,000","2,500,000","1,800,000","700,000","1,900,000","700,000","1,100,000","600,000","100,000","700,000","700,000","1,400,000","1,100,000","1,000,000","1,000,000","-5,700,000","3,600,000","3,400,000","3,300,000","3,400,000","3,100,000","3,100,000","3,100,000","2,600,000","2,700,000","2,700,000","2,700,000","2,800,000","2,800,000","2,800,000","2,700,000","2,900,000","2,700,000","2,500,000","2,300,000","2,300,000","4,300,000","2,100,000","2,100,000",,,,,,,,
		DepreciationAndAmortizationInIncomeStatement,"44,849,000","13,834,000","14,183,000","11,420,000","5,412,000","5,486,000","5,392,000","5,392,000","5,392,000","5,683,000","5,646,000","5,266,000","4,850,000","4,475,000","4,386,000","4,041,000","3,315,000","3,499,000","3,492,000","3,463,000","3,458,000","3,458,000","3,458,000","3,453,000","3,362,000","2,320,000","1,282,000","1,151,000","1,152,000","1,153,000","1,136,000","1,128,000","1,129,000","1,129,000","1,129,000","1,128,000","1,131,000","1,093,000","1,103,000","1,137,000","946,000","923,000","801,000","803,000","804,000","806,000","806,000","807,000","806,000","671,000","685,000","677,000","672,000","668,000","612,000","591,000","567,000","403,000","372,000","356,000","347,000","345,000","326,000","325,000","322,000","-279,000","515,000","515,000","515,000","539,000","583,000","670,000","922,000","741,000","680,000","725,000","785,000","832,000","832,000","831,000","834,000","1,721,000","1,721,000","1,719,000","4,253,000","-3,989,000","4,902,000","4,576,000","4,197,000","3,661,000","3,300,000","2,500,000","1,800,000","700,000","1,900,000","700,000","1,100,000","600,000","100,000","700,000","700,000","1,400,000","1,100,000","1,000,000","1,000,000","-5,700,000","3,600,000","3,400,000","3,300,000","3,400,000","3,100,000","3,100,000","3,100,000","2,600,000","2,700,000","2,700,000","2,700,000","2,800,000","2,800,000","2,800,000","2,700,000","2,900,000","2,700,000","2,500,000","2,300,000","2,300,000","4,300,000","2,100,000","2,100,000",,,,,,,,
			DepreciationIncomeStatement,,,,,,,,,,,,,,,,,,,,,,,,,,,,,,,,,,,,,,,,,,,,,,,,,,,,,,,,,,,,,,,,,,,,,,,,,,,,,,,,,,,,,"2,516,000",,,,,,,,,,,,,,,,,,,,,,,,,,,,,,,,,,,,,,,,,,,,,,,,,,,,
			Amortization,"44,849,000","13,834,000","14,183,000","11,420,000","5,412,000","5,486,000","5,392,000","5,392,000","5,392,000","5,683,000","5,646,000","5,266,000","4,850,000","4,475,000","4,386,000","4,041,000","3,315,000","3,499,000","3,492,000","3,463,000","3,458,000","3,458,000","3,458,000","3,453,000","3,362,000","2,320,000","1,282,000","1,151,000","1,152,000","1,153,000","1,136,000","1,128,000","1,129,000","1,129,000","1,129,000","1,128,000","1,131,000","1,093,000","1,103,000","1,137,000","946,000","923,000","801,000","803,000","804,000","806,000","806,000","807,000","806,000","671,000","685,000","677,000","672,000","668,000","612,000","591,000","567,000","403,000","372,000","356,000","347,000","345,000","326,000","325,000","322,000","-279,000","515,000","515,000","515,000","539,000","583,000","670,000","922,000","741,000","680,000","725,000","785,000","832,000","832,000","831,000","834,000","1,721,000","1,721,000","1,719,000","1,737,000",,,,,,,,,,,,,,,,,,,,,,,,,,,,,,,,,,,,,,,,,,,,,,,,,,,,
				AmortizationOfIntangiblesIncomeStatement,"44,849,000","13,834,000","14,183,000","11,420,000","5,412,000","5,486,000","5,392,000","5,392,000","5,392,000","5,683,000","5,646,000","5,266,000","4,850,000","4,475,000","4,386,000","4,041,000","3,315,000","3,499,000","3,492,000","3,463,000","3,458,000","3,458,000","3,458,000","3,453,000","3,362,000","2,320,000","1,282,000","1,151,000","1,152,000","1,153,000","1,136,000","1,128,000","1,129,000","1,129,000","1,129,000","1,128,000","1,131,000","1,093,000","1,103,000","1,137,000","946,000","923,000","801,000","803,000","804,000","806,000","806,000","807,000","806,000","671,000","685,000","677,000","672,000","668,000","612,000","591,000","567,000","403,000","372,000","356,000","347,000","345,000","326,000","325,000","322,000","-279,000","515,000","515,000","515,000","539,000","583,000","670,000","922,000","741,000","680,000","725,000","785,000","832,000","832,000","831,000","834,000","1,721,000","1,721,000","1,719,000","1,737,000",,,,,,,,,,,,,,,,,,,,,,,,,,,,,,,,,,,,,,,,,,,,,,,,,,,,
	OtherOperatingExpenses,,,,,,,,,,,,,,,,,,,,,,,,,,,,,,,,,,,,,,,,,,,,,,,,,,,,,,,,"9,045,000",,,,,,,,,,,,,,,,,,,,,,,,,,,,,"-2,516,000",,,,,,,,,,,,,,,,,,,,,,,,,,,,,,,,,,,,,,,,,,,,,,,,,,,,
OperatingIncome,"180,735,000","48,052,000","56,184,000","38,291,000","38,208,000","48,036,000","49,656,000","41,341,000","33,893,000","45,157,000","40,053,000","36,666,000","34,491,000","38,927,000","37,585,000","37,142,000","38,838,000","44,259,000","43,447,000","37,075,000","36,149,000","35,404,000","36,945,000","30,915,000","28,041,000","19,780,000","31,489,000","29,596,000","27,178,000","24,593,000","26,745,000","23,622,000","19,862,000","19,452,000","17,857,000","15,349,000","14,470,000","15,419,000","18,659,000","12,455,000","10,044,000","14,322,000","12,380,000","9,833,000","9,982,000","11,189,000","11,831,000","10,485,000","8,136,000","10,949,000","12,463,000","11,397,000","9,975,000","18,753,000","11,938,000","1,782,000","4,668,000","9,580,000","7,928,000","5,796,000","3,476,000","6,255,000","6,630,000","5,628,000","3,262,000","4,794,000","4,060,000","4,471,000","654,000","5,325,000","3,401,000","5,018,000","3,376,000","5,565,000","5,112,000","3,077,000","1,758,000","4,804,000","2,934,000","2,121,000","880,000","1,665,000","691,000","631,000","1,820,000","-2,040,000","659,000","-2,255,000","-1,797,000","-3,736,000","3,700,000","4,800,000","4,000,000","-1,100,000","2,600,000","3,000,000","400,000","-100,000","200,000","-1,900,000","100,000","-6,000,000","-3,600,000","-2,500,000","-200,000","6,000,000","-2,400,000","0","-1,100,000","2,000,000","-3,300,000","200,000","-700,000","500,000","1,600,000","2,800,000","-1,500,000","0","3,400,000","2,900,000","300,000","700,000","4,000,000","1,600,000","-3,000,000","-200,000","2,100,000","2,000,000","1,000,000","-147,600,000","51,700,000","51,700,000","41,300,000","-135,600,000","48,100,000","48,200,000","38,000,000"
NetNonOperatingInterestIncomeExpense,"-23,298,000","-4,987,000","-5,396,000","-11,946,000",,,,,"990,000",,,,,,,,,,,,,,,,,,,,,,,,,,,,,,,,,,,,,,,,,,,,,,,,,,,,,,,,,,,,,,,,,,,,,,,,,,,,,,,,,,,,,,,,,,,,,,,,,,,,,,,,,,,,,,,,,,,,,,,,,,,,,,,,
	InterestIncomeNonOperating,,,,"492,000",,,,,"990,000",,,,,,,,,,,,,,,,,,,,,,,,,,,,,,,,,,,,,,,,,,,,,,,,,,,,,,,,,,,,,,,,,,,,,,,,,,,,,,,,,,,,,,,,,,,,,,,,,,,,,,,,,,,,,,,,,,,,,,,,,,,,,,,,
	InterestExpenseNonOperating,"23,298,000","4,987,000","5,396,000","12,438,000",,,,,,,,,,,,,,,,,,,,,,,,,,,,,,,,,,,,,,,,,,,,,,,,,,,,,,,,,,,,,,,,,,,,,,,,,,,,,,,,,,,,,,,,,,,,,,,,,,,,,,,,,,,,,,,,,,,,,,,,,,,,,,,,,,,,,
OtherIncomeExpense,"1,544,000","295,000","445,000","-253,000","88,000","376,000","280,000","470,000","990,000","2,633,000","499,000","-247,000","586,000","1,180,000","1,041,000","558,000","599,000","914,000","75,000","-101,000","-190,000","-285,000","-526,000","-720,000","-467,000","-240,000","255,000","185,000","181,000","167,000","-47,000","-216,000","-259,000","-390,000","-285,000","-296,000","-338,000","-384,000","-849,000","-773,000","-703,000","3,990,000","-562,000","-524,000","-500,000","-1,030,000","-568,000","-102,000","-42,000","-27,000","-42,000","-63,000","-14,000","137,000","398,000","-8,801,000","402,000","548,000","441,000","364,000","447,000","477,000","306,000","200,000","97,000","303,000","224,000","-1,027,000","146,000","-410,000","138,000","41,000","102,000","339,000",,,"23,233,000",,,,,"0",,"235,000",,,"251,000","-90,000","-1,174,000","-2,251,000",,"300,000",,"1,000,000","-100,000","-700,000",,"200,000","200,000","200,000","200,000","-52,000,000","100,000","100,000","100,000",,,,,,,,,,,,,,,,,,,,,,"100,000","200,000",,,,,,,,,
	SpecialIncomeCharges,,,,,,,,,,,,,,,,,,,,,,,,,,,,,,,,,,,,,,,"-849,000","-773,000","-703,000","3,990,000","-562,000","-524,000","-500,000","-1,030,000","-568,000","-102,000","-42,000","-27,000","-42,000","-63,000","-14,000","137,000","398,000","-8,801,000","402,000","548,000","441,000","364,000","447,000","477,000","306,000","200,000","97,000","303,000","224,000","-1,027,000","146,000","-410,000","138,000","41,000","102,000","339,000",,,"23,233,000",,,,,"0",,"235,000",,,"251,000","-90,000","-1,174,000","-2,251,000",,"300,000",,"1,000,000","-100,000","-700,000",,"200,000","200,000","200,000","200,000","-52,000,000","100,000","100,000","100,000",,,,,,,,,,,,,,,,,,,,,,"100,000","200,000",,,,,,,,,
		RestructuringAndMergernAcquisition,,,,,,,,,,,,,,,,,,,,,,,,,,,,,,,,,,,,,,,,,,,,,,,,,,,,,,,,,,,,,,,,,,"0",,"1,260,000",,,,,,,,,,,,,,,,"-235,000",,,,,,,,,,,,,,,,,,,,,,,,,,,,,,,,,,,,,,,,,,,,,,,,,,,,,
		OtherSpecialCharges,,,,,,,,,,,,,,,,,,,,,,,,,,,,,,,,,,,,,,,,,,,,,,,,,,,,,,,,,,,,,,,,,,"-303,000",,"-233,000",,,,,,,,,,,,,,,,,,,,,,,,,,,,,,,,,,,,,,,,,,,,,,,,,,,,,,,,,,,,,,,,,,,,,
	OtherNonOperatingIncomeExpenses,"1,544,000","295,000","445,000","-253,000","88,000","376,000","280,000","470,000","990,000","2,633,000","499,000","-247,000","586,000","1,180,000","1,041,000","558,000","599,000","914,000","75,000","-101,000","-190,000","-285,000","-526,000","-720,000","-467,000","-240,000","255,000","185,000","181,000","167,000","-47,000","-216,000","-259,000","-390,000","-285,000","-296,000","-338,000","-384,000",,,,,,,,,,,,,,,,,,,,,,,,,,,,,,,,,,,,,,,,,,,,,,,,,,,,,,,,,,,,,,,,,,,,,,,,,,,,,,,,,,,,,,,,,,,,,,,,,,,
PretaxIncome,"158,981,000","43,360,000","51,233,000","26,092,000","38,296,000","48,412,000","49,936,000","41,811,000","34,883,000","47,790,000","40,552,000","36,419,000","35,077,000","40,107,000","38,626,000","37,700,000","39,437,000","45,173,000","43,522,000","36,974,000","35,959,000","35,119,000","36,419,000","30,195,000","27,574,000","19,540,000","31,744,000","29,781,000","27,359,000","24,760,000","26,698,000","23,406,000","19,603,000","19,062,000","17,572,000","15,053,000","14,132,000","15,035,000","17,810,000","11,682,000","9,341,000","13,504,000","11,818,000","9,309,000","9,482,000","10,159,000","11,263,000","10,383,000","8,094,000","10,922,000","12,421,000","11,334,000","9,961,000","9,845,000","12,335,000","2,026,000","5,070,000","10,128,000","8,369,000","6,160,000","3,923,000","6,732,000","6,936,000","5,828,000","3,359,000","5,097,000","4,284,000","3,444,000","800,000","5,361,000","3,539,000","5,059,000","3,478,000","5,617,000","5,253,000","3,214,000","25,000,000","4,086,000","2,922,000","2,116,000","917,000","1,310,000","614,000","745,000","-857,000","1,531,000","-2,636,000","-4,365,000","-4,847,000","-7,160,000","2,400,000","4,000,000","3,300,000","-700,000","1,800,000","1,700,000","300,000","100,000","500,000","-1,700,000","200,000","-58,100,000","-3,600,000","-2,400,000","-200,000","8,000,000","-3,800,000","-1,600,000","-2,700,000","700,000","-4,500,000","-600,000","-1,300,000","400,000","1,600,000","2,500,000","-1,600,000","-100,000","3,200,000","2,800,000","200,000","600,000","3,700,000","1,200,000","-3,100,000","100,000","2,200,000","2,100,000","1,000,000",,,,,,,,
TaxProvision,"-2,477,000","-11,422,000","7,063,000","562,000","1,320,000","-5,682,000","10,652,000","-12,081,000","-12,667,000","1,000,000","162,000","4,420,000","7,729,000","8,555,000","-298,000","-1,461,000","1,612,000","-16,625,000","5,259,000","5,396,000","3,653,000","-16,523,000","14,155,000","11,323,000","10,495,000","10,922,000","11,602,000","10,945,000","10,086,000","9,443,000","9,698,000","8,666,000","7,720,000","8,550,000","6,523,000","6,006,000","5,639,000","5,659,000","6,978,000","4,577,000","3,660,000","4,805,000","4,312,000","3,685,000","3,754,000","2,949,000","4,540,000","4,134,000","3,222,000","4,266,000","4,946,000","4,461,000","3,955,000","4,714,000","5,976,000","1,780,000","1,944,000","3,938,000","3,209,000","2,410,000","1,522,000","2,555,000","2,523,000","2,068,000","1,347,000","1,976,000","1,703,000","1,423,000","330,000","2,331,000","1,507,000","2,084,000","1,387,000","2,149,000","2,020,000","1,233,000","7,704,000","1,505,000","1,183,000","826,000","355,000","1,147,000","363,000","373,000","-343,000","-649,000","-160,000","-454,000","-1,547,000","-2,396,000","1,200,000","2,100,000","1,600,000","200,000","900,000","800,000","100,000","-300,000","200,000","-600,000","100,000","-2,800,000","-100,000","-1,300,000","-100,000","4,700,000","-1,500,000","-1,200,000","-1,400,000","1,200,000","-1,300,000","-300,000","-600,000","0","1,200,000","1,100,000","-700,000","-100,000","1,600,000","1,300,000","100,000","300,000","1,400,000","300,000","-700,000","0","800,000","700,000","400,000",,,,,,,,
NetIncomeCommonStockholders,"161,458,000","54,782,000","44,170,000","25,530,000","36,976,000","54,094,000","39,284,000","53,892,000","47,550,000","46,790,000","40,390,000","31,999,000","27,348,000","31,552,000","38,924,000","39,161,000","37,825,000","61,798,000","38,263,000","31,578,000","32,306,000","51,642,000","22,264,000","18,872,000","17,079,000","8,618,000","20,142,000","18,836,000","17,273,000","15,317,000","17,000,000","14,740,000","11,883,000","10,512,000","11,049,000","9,047,000","8,493,000","9,376,000","10,832,000","7,105,000","5,681,000","8,699,000","7,506,000","5,624,000","5,728,000","7,210,000","6,723,000","6,249,000","4,872,000","6,656,000","7,475,000","6,873,000","6,006,000","5,131,000","6,359,000","246,000","3,126,000","6,190,000","5,160,000","3,750,000","2,401,000","4,177,000","4,413,000","3,760,000","2,012,000","3,121,000","2,581,000","2,021,000","470,000","3,030,000","2,032,000","2,975,000","2,091,000","3,892,000","3,233,000","1,981,000","17,296,000","4,398,000","1,739,000","1,290,000","562,000","198,000","228,000","371,000","-528,000","-14,341,000","-2,558,000","-3,979,000","-3,719,000","-5,624,000","600,000","1,100,000","1,100,000","-10,800,000","900,000","1,300,000","200,000","-500,000","-2,200,000","-1,100,000","100,000","-56,600,000","-3,500,000","-1,100,000","-100,000","-13,000,000","-2,300,000","-400,000","-1,300,000","-500,000","-3,200,000","-300,000","-700,000","400,000","400,000","1,400,000","-4,500,000","0","1,600,000","1,500,000","100,000","300,000","2,300,000","900,000","-2,400,000","100,000","1,400,000","1,900,000","200,000",,,,,,,,
	NetIncome,"161,458,000","54,782,000","44,170,000","25,530,000","36,976,000","54,094,000","39,284,000","53,892,000","47,550,000","46,790,000","40,390,000","31,999,000","27,348,000","31,552,000","38,924,000","39,161,000","37,825,000","61,798,000","38,263,000","31,578,000","32,306,000","51,642,000","22,264,000","18,872,000","17,079,000","8,618,000","20,142,000","18,836,000","17,273,000","15,317,000","17,000,000","14,740,000","11,883,000","10,512,000","11,049,000","9,047,000","8,493,000","9,376,000","10,832,000","7,105,000","5,681,000","8,699,000","7,506,000","5,624,000","5,728,000","7,210,000","6,723,000","6,249,000","4,872,000","6,656,000","7,475,000","6,873,000","6,006,000","5,131,000","6,359,000","246,000","3,126,000","6,190,000","5,160,000","3,750,000","2,401,000","4,177,000","4,413,000","3,760,000","2,012,000","3,121,000","2,581,000","2,021,000","470,000","3,030,000","2,032,000","2,975,000","2,091,000","3,892,000","3,233,000","1,981,000","17,296,000","4,398,000","1,739,000","1,290,000","562,000","198,000","228,000","371,000","-528,000","-14,341,000","-2,558,000","-3,979,000","-3,719,000","-5,624,000","600,000","1,100,000","1,100,000","-10,800,000","900,000","1,300,000","200,000","-500,000","-2,200,000","-1,100,000","100,000","-56,600,000","-3,500,000","-1,100,000","-100,000","-13,000,000","-2,300,000","-400,000","-1,300,000","-500,000","-3,200,000","-300,000","-700,000","400,000","400,000","1,400,000","-4,500,000","0","1,600,000","1,500,000","100,000","300,000","2,300,000","900,000","-2,400,000","100,000","1,400,000","1,900,000","200,000",,,,,,,,
		NetIncomeIncludingNoncontrollingInterests,"161,458,000","54,782,000","44,170,000","25,530,000","36,976,000","54,094,000","39,284,000","53,892,000","47,550,000","46,790,000","40,390,000","31,999,000","27,348,000","31,552,000","38,924,000","39,161,000","37,825,000","61,798,000","38,263,000","31,578,000","32,306,000","51,642,000","22,264,000","18,872,000","17,079,000","8,618,000","20,142,000","18,836,000","17,273,000","15,317,000","17,000,000","14,740,000","11,883,000","10,512,000","11,049,000","9,047,000","8,493,000","9,376,000","10,832,000","7,105,000","5,681,000","8,699,000","7,506,000","5,624,000","5,728,000","7,210,000","6,723,000","6,249,000","4,872,000","6,656,000","7,475,000","6,873,000","6,006,000","5,131,000","6,359,000","246,000","3,126,000","6,190,000","5,160,000","3,750,000","2,401,000","4,177,000","4,413,000","3,760,000","2,012,000","3,121,000","2,581,000","2,021,000","470,000","3,030,000","2,032,000","2,975,000","2,091,000","3,892,000","3,233,000","1,981,000","17,296,000","4,398,000","1,739,000","1,290,000","562,000","198,000","228,000","371,000","-528,000","-14,341,000","-2,558,000","-3,979,000","-3,719,000","-5,624,000","600,000","1,100,000","1,100,000","-10,800,000","900,000","1,300,000","200,000","-500,000","-2,200,000","-1,100,000","100,000","-56,600,000","-3,500,000","-1,100,000","-100,000","-13,000,000","-2,300,000","-400,000","-1,300,000","-500,000","-3,200,000","-300,000","-700,000","400,000","400,000","1,400,000","-4,500,000","0","1,600,000","1,500,000","100,000","300,000","2,300,000","900,000","-2,400,000","100,000","1,400,000","1,900,000","200,000","-1,700,000","2,200,000","2,900,000","-2,000,000","900,000","10,500,000","8,000,000","1,600,000"
			NetIncomeContinuousOperations,"161,458,000","54,782,000","44,170,000","25,530,000","36,976,000","54,094,000","39,284,000","53,892,000","47,550,000","46,790,000","40,390,000","31,999,000","27,348,000","31,552,000","38,924,000","39,161,000","37,825,000","61,798,000","38,263,000","31,578,000","32,306,000","51,642,000","22,264,000","18,872,000","17,079,000","8,618,000","20,142,000","18,836,000","17,273,000","15,317,000","17,000,000","14,740,000","11,883,000","10,512,000","11,049,000","9,047,000","8,493,000","9,376,000","10,832,000","7,105,000","5,681,000","8,699,000","7,506,000","5,624,000","5,728,000","7,210,000","6,723,000","6,249,000","4,872,000","6,656,000","7,475,000","6,873,000","6,006,000","5,131,000","6,359,000","246,000","3,126,000","6,190,000","5,160,000","3,750,000","2,401,000","4,177,000","4,413,000","3,760,000","2,012,000","3,121,000","2,581,000","2,021,000","470,000","3,030,000","2,032,000","2,975,000","2,091,000","3,468,000","3,233,000","1,981,000","17,296,000","2,581,000","1,739,000","1,290,000","562,000","163,000","251,000","372,000","-514,000","2,180,000","-2,476,000","-3,911,000","-3,300,000","-4,764,000","1,200,000","1,900,000","1,700,000","-900,000","900,000","900,000","200,000","400,000","300,000","-1,100,000","100,000","-55,300,000","-3,500,000","-1,100,000","-100,000","3,300,000","-2,300,000","-400,000","-1,300,000","-500,000","-3,200,000","-300,000","-700,000","400,000","400,000","1,400,000","-900,000","0","1,600,000","1,500,000","100,000","300,000","2,300,000","900,000","-2,400,000","100,000","1,400,000","1,400,000","600,000","-1,800,000","500,000","800,000","-1,800,000","-2,000,000","-400,000","1,600,000","-500,000"
			NetIncomeDiscontinuousOperations,,,,,,,,,,,,,,,,,,,,,,,,,,,,,,,,,,,,,,,,,,,,,,,,,,,,,,,,,,,,,,,,,,,,,,,,,,,,,,,,,,"35,000","-23,000","-1,000","-14,000","-16,521,000","-82,000","-68,000","-419,000",,"-600,000","-800,000","-600,000","-9,900,000",,"400,000",,"-900,000","-2,500,000",,,,,,,,,,,,,,,,,,,,,,,,,,,"0",,"500,000","-400,000","100,000","1,700,000","2,100,000","-200,000","2,900,000","10,900,000","6,400,000","2,100,000"
			NetIncomeExtraordinary,,,,,,,,,,,,,,,,,,,,,,,,,,,,,,,,,,,,,,,,,,,,,,,,,,,,,,,,,,,,,,,,,,,,,,,,,,,,,,,,,,,,,,,,,,,,,,,,,,,,,,,,,,,,,,,,,,"0",,,"-3,600,000",,,,,,,,,,,,,,,,,,,,
DilutedNIAvailtoComStockholders,"161,458,000","54,782,000","44,170,000","25,530,000","36,976,000","54,094,000","39,284,000","53,892,000","47,550,000","46,790,000","40,390,000","31,999,000","27,348,000","31,552,000","38,924,000","39,161,000","37,825,000","61,798,000","38,263,000","31,578,000","32,306,000","51,642,000","22,264,000","18,872,000","17,079,000","8,618,000","20,142,000","18,836,000","17,273,000","15,317,000","17,000,000","14,740,000","11,883,000","10,512,000","11,049,000","9,047,000","8,493,000","9,376,000","10,832,000","7,105,000","5,681,000","8,699,000","7,506,000","5,624,000","5,728,000","7,210,000","6,723,000","6,249,000","4,872,000","6,656,000","7,475,000","6,873,000","6,006,000","5,131,000","6,359,000","246,000","3,126,000","6,190,000","5,160,000","3,750,000","2,401,000","4,177,000","4,413,000","3,760,000","2,012,000","3,121,000","2,581,000","2,021,000","470,000","3,030,000","2,032,000","2,975,000","2,091,000","3,892,000","3,233,000","1,981,000","17,296,000","4,398,000","1,739,000","1,290,000","562,000","198,000","228,000","371,000","-528,000","-14,341,000","-2,558,000","-3,979,000","-3,719,000","-5,624,000","600,000","1,100,000","1,100,000","-10,800,000","900,000","1,300,000","200,000","-500,000","-2,200,000","-1,100,000","100,000","-56,600,000","-3,500,000","-1,100,000","-100,000","-13,000,000","-2,300,000","-400,000","-1,300,000","-500,000","-3,200,000","-300,000","-700,000","400,000","400,000","1,400,000","-4,500,000","0","1,600,000","1,500,000","100,000","300,000","2,300,000","900,000","-2,400,000","100,000","1,400,000","1,900,000","200,000",,,,,,,,
BasicEPS,,"1.33","1.08","0.63","0.91","1.34","0.98","1.35","1.2","1.2","1.04","0.83","0.71","0.82","1","1.02","1","1.64","1.02","0.85","0.88","0.85","0.61","0.52","0.47","0.24","0.59","0.56","0.51","0.46","0.52","0.45","0.36","0.32","0.34","0.29","0.27","0.3","0.36","0.24","0.19","0.29","0.24","0.18","0.18",,"0.2","0.18","0.14",,"0.21","0.19","0.17",,"0.17","0.01","0.08",,"0.13","0.1","0.06",,"0.11","0.1","0.05",,"0.07","0.05","0.01",,"0.05","0.07","0.05",,"0.08","0.05","0.38",,"0.04","0.03","0.01",,"0","0.01","-0.01",,"-0.05","-0.09","-0.09",,"0.01","0.03","0.03",,"0.03","0.04","0.01",,"-0.13","-0.06","0.01",,"-0.18","-0.06","-0.005",,"-0.11","-0.02","-0.07",,"-0.16","-0.02","-0.03",,"0.02","0.07","-0.22",,"0.08","0.07","0.01",,"0.11","0.04","-0.11",,"0.07","0.09","0.01",,"0.11","0.13","-0.09",,"0.55","0.46","0.1"
DilutedEPS,,"1.29","1.04","0.61","0.88","1.29","0.94","1.3","1.16","1.15","1","0.8","0.69","0.79","0.96","0.97","0.95","1.56","0.97","0.81","0.83","0.8","0.58","0.49","0.44","0.23","0.55","0.52","0.48","0.43","0.48","0.42","0.33","0.3","0.32","0.26","0.25","0.28","0.33","0.22","0.17","0.27","0.23","0.17","0.17",,"0.19","0.17","0.13",,"0.2","0.19","0.16",,"0.16","0.01","0.08",,"0.12","0.09","0.06",,"0.11","0.09","0.05",,"0.06","0.05","0.01",,"0.05","0.07","0.05",,"0.07","0.04","0.36",,"0.04","0.026","0.01",,"0","0.008","-0.01",,"-0.055","-0.09","-0.09",,"0.01","0.03","0.03",,"0.03","0.04","0.01",,"-0.13","-0.06","0.01",,"-0.18","-0.06","-0.005",,"-0.11","-0.02","-0.07",,"-0.16","-0.02","-0.03",,"0.02","0.07","-0.22",,"0.08","0.07","0.01",,"0.11","0.04","-0.11",,"0.07","0.09","0.01",,"0.11","0.13","-0.09",,"0.55","0.46","0.1"
BasicAverageShares,,"41,126,000","40,888,000","40,765,000","40,611,000","40,404,000","40,261,000","39,963,000","39,500,000","39,076,000","38,765,000","38,402,000","38,308,000","38,614,000","38,761,000","38,390,000","38,002,000","37,694,000","37,391,000","37,154,000","36,845,000","36,653,000","36,433,000","36,160,000","36,549,000","35,334,000","33,900,000","33,751,000","33,562,000","33,275,000","32,935,000","32,918,000","32,916,000","32,498,000","32,037,000","31,617,000","31,403,000","30,779,000","30,387,000","30,171,000","30,015,000","29,823,000","31,097,000","32,005,000","32,086,000",,"34,103,000","34,862,000","35,101,000",,"35,118,000","35,343,000","35,497,000",,"38,474,000","38,087,000","38,020,000",,"38,688,000","38,540,000","38,813,000",,"38,705,000","39,026,000","39,114,000",,"39,104,000","39,615,000","40,229,000",,"41,307,000","41,420,000","41,468,000",,"40,464,000","42,881,000","45,951,000",,"47,173,000","47,647,000","47,386,000",,"47,171,000","47,149,000","47,179,000",,"46,654,000","44,894,000","43,291,000",,"36,666,667","36,666,667","36,666,667",,"30,000,000","32,500,000","34,116,000",,"16,923,077","18,333,333","19,883,000",,"19,444,444","18,333,333","19,875,000",,"20,909,091","20,000,000","18,571,429",,"20,000,000","15,000,000","23,333,333",,"20,000,000","20,000,000","20,454,545",,"20,000,000","21,428,571","20,847,000",,"20,909,091","22,500,000","21,818,182",,"20,000,000","21,111,111","20,000,000",,"20,825,000","20,825,000","20,825,000",,"21,466,000","21,466,000","21,466,000"
DilutedAverageShares,,"42,536,000","42,286,000","42,094,000","42,056,000","41,925,000","41,606,000","41,416,000","41,144,000","40,736,000","40,280,000","39,813,000","39,585,000","39,891,000","40,528,000","40,224,000","39,836,000","39,499,000","39,342,000","39,201,000","38,932,000","38,975,000","38,506,000","38,196,000","38,557,000","37,864,000","36,349,000","36,097,000","35,895,000","35,661,000","35,284,000","35,161,000","35,500,000","35,348,000","34,764,000","34,290,000","33,948,000","33,421,000","32,986,000","32,769,000","32,530,000","32,031,000","32,960,000","33,848,000","33,720,000",,"35,410,000","36,203,000","36,655,000",,"36,487,000","36,723,000","36,747,000",,"40,019,000","39,633,000","39,527,000",,"41,395,000","41,448,000","42,066,000",,"41,898,000","41,946,000","41,894,000",,"41,771,000","41,943,000","42,735,000",,"44,350,000","44,803,000","45,062,000",,"43,181,000","44,796,000","47,738,000",,"49,372,000","50,405,000","49,725,000",,"48,396,000","47,425,000","47,179,000",,"46,654,000","44,894,000","43,291,000",,"44,000,000","36,666,667","36,666,667",,"30,000,000","32,500,000","34,116,000",,"16,923,077","18,333,333","19,883,000",,"19,444,444","18,333,333","19,875,000",,"20,909,091","20,000,000","18,571,429",,"20,000,000","15,000,000","23,333,333",,"20,000,000","20,000,000","20,454,545",,"20,000,000","21,428,571","20,847,000",,"20,909,091","22,500,000","21,818,182",,"20,000,000","21,111,111","20,000,000",,"20,825,000","20,825,000","20,825,000",,"21,466,000","21,466,000","21,466,000"
TotalOperatingIncomeAsReported,"180,735,000","48,052,000","56,184,000","38,291,000","38,208,000","48,036,000","49,656,000","41,341,000","33,893,000","45,157,000","40,053,000","36,666,000","34,491,000","38,927,000","37,585,000","37,142,000","38,838,000","44,259,000","43,447,000","37,075,000","36,149,000","35,404,000","36,945,000","30,915,000","28,041,000","19,780,000","31,489,000","29,596,000","27,178,000","24,593,000","26,745,000","23,622,000","19,862,000","19,452,000","17,857,000","15,349,000","14,470,000","15,419,000","18,659,000","12,455,000","10,044,000","14,322,000","12,380,000","9,833,000","9,982,000","11,189,000","11,831,000","10,485,000","8,136,000","10,949,000","12,463,000","11,397,000","9,975,000","9,708,000","11,937,000","1,782,000","4,668,000","9,580,000","7,928,000","5,796,000","3,476,000","6,255,000","6,630,000","5,628,000","3,262,000","4,794,000","4,060,000","3,211,000","654,000","5,325,000","3,401,000","5,018,000","3,376,000","5,565,000","5,112,000","3,077,000","1,758,000","4,804,000","2,934,000","2,121,000","880,000","1,430,000","691,000","866,000","-696,000","-2,040,000","659,000","-2,255,000","-1,797,000","-3,736,000","3,700,000","4,800,000","4,000,000","-1,100,000","2,600,000","3,000,000","400,000","-100,000","200,000","-1,900,000","100,000","-6,000,000","-3,600,000","-2,500,000","-200,000","6,000,000","-2,400,000",,"-1,100,000","2,000,000","-3,300,000","200,000","-700,000","500,000","1,600,000","2,800,000","-1,500,000","0","3,400,000","2,900,000","300,000","700,000","4,000,000","1,600,000","-3,000,000","-200,000","2,100,000","2,000,000","1,000,000",,,,,,,,
TotalExpenses,"1,411,552,000","385,485,000","403,689,000","365,784,000","256,594,000","235,249,000","236,090,000","229,750,000","242,648,000","243,680,000","235,347,000","238,458,000","212,575,000","203,054,000","198,482,000","198,918,000","182,336,000","173,592,000","170,699,000","172,048,000","163,393,000","157,877,000","157,552,000","158,057,000","151,252,000","139,136,000","119,356,000","116,699,000","107,788,000","102,847,000","101,919,000","100,749,000","92,764,000","91,283,000","89,164,000","87,739,000","81,329,000","79,949,000","75,186,000","78,913,000","72,679,000","67,757,000","64,804,000","66,902,000","63,411,000","61,250,000","61,938,000","62,115,000","61,684,000","63,268,000","61,869,000","60,775,000","59,590,000","50,791,000","56,700,000","65,787,000","54,683,000","50,840,000","47,004,000","48,316,000","46,856,000","44,900,000","43,509,000","43,523,000","41,596,000","39,513,000","38,246,000","38,714,000","40,005,000","39,409,000","38,410,000","39,245,000","38,086,000","33,555,000","32,762,000","33,058,000","30,567,000","32,428,000","31,759,000","31,195,000","27,776,000","29,539,000","27,744,000","30,346,000","25,452,000","-3,768,000","33,717,000","34,394,000","34,288,000","33,537,000","25,800,000","23,900,000","16,400,000","-40,700,000","33,100,000","30,200,000","23,000,000","18,300,000","20,000,000","24,900,000","26,400,000","51,200,000","29,500,000","29,100,000","31,000,000","-120,000,000","88,800,000","87,900,000","81,400,000","110,400,000","87,000,000","84,900,000","77,300,000","66,400,000","76,300,000","74,000,000","62,300,000","65,800,000","73,600,000","74,000,000","66,200,000","64,600,000","73,700,000","71,700,000","53,100,000","48,100,000","57,400,000","56,900,000","50,300,000",,,,,,,,
NetIncomeFromContinuingAndDiscontinuedOperation,"161,458,000","54,782,000","44,170,000","25,530,000","36,976,000","54,094,000","39,284,000","53,892,000","47,550,000","46,790,000","40,390,000","31,999,000","27,348,000","31,552,000","38,924,000","39,161,000","37,825,000","61,798,000","38,263,000","31,578,000","32,306,000","51,642,000","22,264,000","18,872,000","17,079,000","8,618,000","20,142,000","18,836,000","17,273,000","15,317,000","17,000,000","14,740,000","11,883,000","10,512,000","11,049,000","9,047,000","8,493,000","9,376,000","10,832,000","7,105,000","5,681,000","8,699,000","7,506,000","5,624,000","5,728,000","7,210,000","6,723,000","6,249,000","4,872,000","6,656,000","7,475,000","6,873,000","6,006,000","5,131,000","6,359,000","246,000","3,126,000","6,190,000","5,160,000","3,750,000","2,401,000","4,177,000","4,413,000","3,760,000","2,012,000","3,121,000","2,581,000","2,021,000","470,000","3,030,000","2,032,000","2,975,000","2,091,000","3,892,000","3,233,000","1,981,000","17,296,000","4,398,000","1,739,000","1,290,000","562,000","198,000","228,000","371,000","-528,000","-14,341,000","-2,558,000","-3,979,000","-3,719,000","-2,864,000","600,000","1,100,000","1,100,000","-10,800,000","900,000","1,300,000","200,000","-500,000","-2,200,000","-1,100,000","100,000","-56,600,000","-3,500,000","-1,100,000","-100,000","-13,000,000","-2,300,000","-400,000","-1,300,000","-500,000","-3,200,000","-300,000","-700,000","400,000","400,000","1,400,000","-900,000","0","1,600,000","1,500,000","100,000","300,000","2,300,000","900,000","-2,400,000","100,000","1,400,000","1,900,000","200,000",,,,,,,,
NormalizedIncome,"161,458,000","54,782,000","44,170,000","25,530,000","36,976,000","54,094,000","39,284,000","53,892,000","47,550,000","46,790,000","40,390,000","31,999,000","27,348,000","31,552,000","38,924,000","39,161,000","37,825,000","61,798,000","38,263,000","31,578,000","32,306,000","51,642,000","22,264,000","18,872,000","17,079,000","8,618,000","20,142,000","18,836,000","17,273,000","15,317,000","17,000,000","14,740,000","11,883,000","10,512,000","11,049,000","9,047,000","8,493,000","9,376,000","11,348,359.798","7,575,139.103","6,108,549.834","6,128,723.786","7,862,944.661","5,940,572.779","6,030,045.982","7,941,006.989","7,063,800","6,310,388.616","4,897,280.949","6,672,454.129","7,500,275.743","6,911,203.547","6,014,441.321","5,041,950","6,100,300","5,966,650","2,878,139.645","5,855,075.039","4,888,096.547","3,528,409.091","2,127,421.871","3,881,036.096","4,218,308.824","3,630,967.742","1,953,800","2,935,466.745","2,446,045.752","2,637,200","382,400","3,276,000","1,949,200","2,950,400","2,029,676.826","3,258,697.525","3,233,000","1,981,000","1,222,481.28","2,581,000","1,739,000","1,290,000","562,000","163,000","251,000","231,000","-514,000","2,180,000","-2,711,764.795","-3,830,360.825","-2,500,701.465","-3,266,267.598","1,200,000","1,720,000","1,700,000","-1,500,000","960,000","1,320,000","200,000","280,000","180,000","-1,229,411.765","-20,000","-5,806,024.096","-3,597,222.222","-1,160,000","-160,000","3,300,000","-2,300,000","-400,000","-1,300,000","-500,000","-3,200,000","-300,000","-700,000","400,000","400,000","1,400,000","-900,000","0","1,600,000","1,500,000","100,000","300,000","2,300,000","900,000","-2,400,000","100,000","1,336,363.636","1,266,666.667","600,000",,,,,,,,
InterestIncome,,,,"492,000",,,,,"990,000",,,,,,,,,,,,,,,,,,,,,,,,,,,,,,,,,,,,,,,,,,,,,,,,,,,,,,,,,,,,,,,,,,,,,,,,,,,,,,,,,,,,,,,,,,,,,,,,,,,,,,,,,,,,,,,,,,,,,,,,,,,,,,,,
InterestExpense,"23,298,000","4,987,000","5,396,000","12,438,000",,,,,,,,,,,,,,,,,,,,,,,,,,,,,,,,,,,,,,,,,,,,,,,,,,,,,,,,,,,,,,,,,,,,,,,,,,,,,,,,,,,,,,,,,,,,,,,,,,,,,,,,,,,,,,,,,,,,,,,,,,,,,,,,,,,,,
NetInterestIncome,"-23,298,000","-4,987,000","-5,396,000","-11,946,000",,,,,"990,000",,,,,,,,,,,,,,,,,,,,,,,,,,,,,,,,,,,,,,,,,,,,,,,,,,,,,,,,,,,,,,,,,,,,,,,,,,,,,,,,,,,,,,,,,,,,,,,,,,,,,,,,,,,,,,,,,,,,,,,,,,,,,,,,
EBIT,"182,279,000","48,347,000","56,629,000","38,530,000","38,208,000","48,036,000","49,656,000","41,341,000","33,893,000","45,157,000","40,053,000","36,666,000","34,491,000","38,927,000","37,585,000","37,142,000","38,838,000","44,259,000","43,447,000","37,075,000","36,149,000","35,404,000","36,945,000","30,915,000","28,041,000","19,780,000","31,489,000","29,596,000","27,178,000","24,593,000","26,745,000","23,622,000","19,862,000","19,452,000","17,857,000","15,349,000","14,470,000","15,419,000","18,659,000","12,455,000","10,044,000","14,322,000","12,380,000","9,833,000","9,982,000","11,189,000","11,831,000","10,485,000","8,136,000","10,949,000","12,463,000","11,397,000","9,975,000","18,753,000","11,938,000","1,782,000","4,668,000","9,580,000","7,928,000","5,796,000","3,476,000","6,255,000","6,630,000","5,628,000","3,262,000","4,794,000","4,060,000","4,471,000","654,000","5,325,000","3,401,000","5,018,000","3,376,000","5,565,000","5,112,000","3,077,000","1,758,000","4,804,000","2,934,000","2,121,000","880,000","1,665,000","691,000","631,000","1,820,000","-2,040,000","659,000","-2,255,000","-1,797,000","-3,736,000","3,700,000","4,800,000","4,000,000","-1,100,000","2,600,000","3,000,000","400,000","-100,000","200,000","-1,900,000","100,000","-6,000,000","-3,600,000","-2,500,000","-200,000","6,000,000","-2,400,000","0","-1,100,000","2,000,000","-3,300,000","200,000","-700,000","500,000","1,600,000","2,800,000","-1,500,000","0","3,400,000","2,900,000","300,000","700,000","4,000,000","1,600,000","-3,000,000","-200,000","2,100,000","2,000,000","1,000,000","-147,600,000","51,700,000","51,700,000","41,300,000","-135,600,000","48,100,000","48,200,000","38,000,000"
EBITDA,"317,903,000"
ReconciledCostOfRevenue,"791,868,000","222,451,000","240,952,000","193,558,000","134,907,000","129,191,000","127,153,000","124,995,000","132,817,000","132,120,000","130,526,000","133,094,000","118,560,000","114,453,000","112,849,000","115,288,000","107,572,000","102,021,000","100,479,000","103,456,000","95,553,000","91,142,000","91,804,000","92,815,000","88,361,000","80,026,000","76,192,000","75,422,000","68,526,000","64,433,000","64,353,000","63,316,000","57,569,000","55,404,000","55,189,000","53,815,000","49,763,000","48,726,000","46,724,000","48,496,000","43,224,000","41,084,000","39,294,000","40,767,000","38,989,000","37,918,000","38,609,000","38,263,000","37,958,000","39,217,000","39,451,000","38,450,000","37,613,000","37,645,000","36,231,000","36,086,000","35,179,000","32,971,000","31,033,000","31,526,000","30,108,000","28,751,000","27,837,000","28,056,000","27,071,000","25,337,000","24,283,000","24,884,000","25,289,000","24,410,000","24,279,000","24,966,000","24,658,000","21,638,000","20,336,000","20,870,000","19,312,000","21,669,000","21,076,000","20,313,000","17,664,000","18,675,000","17,425,000","19,885,000","17,872,000","2,360,000","17,520,000","17,163,000","17,799,000","16,867,000","12,700,000","11,800,000","9,100,000","-20,900,000","16,800,000","17,400,000","12,300,000","10,100,000","11,600,000","11,600,000","11,500,000","17,700,000","12,800,000","13,200,000","13,200,000","-122,000,000","63,200,000","63,900,000","54,900,000","72,800,000","61,300,000","59,200,000","50,100,000","48,600,000","59,300,000","56,500,000","46,000,000","48,200,000","56,600,000","57,200,000","50,800,000","49,600,000","57,700,000","55,900,000","41,900,000","39,700,000","48,500,000","48,000,000","41,100,000",,,,,,,,
ReconciledDepreciation,"135,624,000","37,760,000","36,888,000","39,876,000","21,100,000","20,911,000","20,476,000","20,285,000","19,985,000","20,125,000","19,803,000","19,436,000","17,308,000","16,132,000","15,978,000","15,537,000","14,112,000","13,829,000","13,730,000","13,267,000","13,099,000","12,780,000","12,671,000","12,674,000","12,176,000","7,988,000","4,102,000","3,771,000","3,713,000","3,669,000","3,655,000","3,625,000","3,656,000","3,693,000","3,412,000","3,359,000","3,322,000","3,095,000","3,280,000","3,310,000","3,026,000","2,898,000","2,559,000","2,634,000","2,585,000","2,711,000","2,759,000","2,669,000","2,649,000","2,432,000","2,331,000","2,402,000","2,332,000","3,622,000","3,068,000","2,985,000","2,936,000","3,416,000","2,641,000","2,605,000","2,549,000","2,510,000","2,471,000","2,474,000","2,647,000","2,586,000","2,518,000","2,567,000","2,772,000","2,799,000","2,819,000","2,867,000","2,901,000","2,367,000","2,748,000","2,127,000","2,154,000","2,167,000","2,137,000","2,126,000","2,092,000","2,904,000","2,811,000","2,679,000","2,516,000","-3,989,000","4,902,000","4,576,000","4,197,000","3,661,000","3,300,000","2,500,000","1,800,000","700,000","3,000,000","700,000","1,100,000","600,000","100,000","700,000","700,000","1,400,000","1,100,000","1,000,000","1,000,000","-5,700,000","3,600,000","3,400,000","3,300,000","3,400,000","3,200,000","3,100,000","3,100,000","2,600,000","2,600,000","2,700,000","2,700,000","2,800,000","2,700,000","2,800,000","2,700,000","2,900,000","2,700,000","2,500,000","2,300,000","2,300,000","2,200,000","2,100,000","2,100,000",,,,,,,,
NetIncomeFromContinuingOperationNetMinorityInterest,"161,458,000","54,782,000","44,170,000","25,530,000","36,976,000","54,094,000","39,284,000","53,892,000","47,550,000","46,790,000","40,390,000","31,999,000","27,348,000","31,552,000","38,924,000","39,161,000","37,825,000","61,798,000","38,263,000","31,578,000","32,306,000","51,642,000","22,264,000","18,872,000","17,079,000","8,618,000","20,142,000","18,836,000","17,273,000","15,317,000","17,000,000","14,740,000","11,883,000","10,512,000","11,049,000","9,047,000","8,493,000","9,376,000","10,832,000","7,105,000","5,681,000","8,699,000","7,506,000","5,624,000","5,728,000","7,210,000","6,723,000","6,249,000","4,872,000","6,656,000","7,475,000","6,873,000","6,006,000","5,131,000","6,359,000","246,000","3,126,000","6,190,000","5,160,000","3,750,000","2,401,000","4,177,000","4,413,000","3,760,000","2,012,000","3,121,000","2,581,000","2,021,000","470,000","3,030,000","2,032,000","2,975,000","2,091,000","3,468,000","3,233,000","1,981,000","17,296,000","2,581,000","1,739,000","1,290,000","562,000","163,000","251,000","372,000","-514,000","2,180,000","-2,476,000","-3,911,000","-3,300,000","-4,764,000","1,200,000","1,900,000","1,700,000","-900,000","900,000","900,000","200,000","400,000","300,000","-1,100,000","100,000","-55,300,000","-3,500,000","-1,100,000","-100,000","3,300,000","-2,300,000","-400,000","-1,300,000","-500,000","-3,200,000","-300,000","-700,000","400,000","400,000","1,400,000","-900,000","0","1,600,000","1,500,000","100,000","300,000","2,300,000","900,000","-2,400,000","100,000","1,400,000","1,400,000","600,000",,,,,,,,
TotalUnusualItemsExcludingGoodwill,,,,,,,,,,,,,,,,,,,,,,,,,,,,,,,,,,,,,,,"-849,000","-773,000","-703,000","3,990,000","-562,000","-524,000","-500,000","-1,030,000","-568,000","-102,000","-42,000","-27,000","-42,000","-63,000","-14,000","137,000","398,000","-8,801,000","402,000","548,000","441,000","364,000","447,000","477,000","306,000","200,000","97,000","303,000","224,000","-1,027,000","146,000","-410,000","138,000","41,000","102,000","339,000",,,"23,233,000",,,,,"0",,"235,000",,,"251,000","-90,000","-1,174,000","-2,251,000",,"300,000",,"1,000,000","-100,000","-700,000",,"200,000","200,000","200,000","200,000","-52,000,000","100,000","100,000","100,000",,,,,,,,,,,,,,,,,,,,,,"100,000","200,000",,,,,,,,,
TotalUnusualItems,,,,,,,,,,,,,,,,,,,,,,,,,,,,,,,,,,,,,,,"-849,000","-773,000","-703,000","3,990,000","-562,000","-524,000","-500,000","-1,030,000","-568,000","-102,000","-42,000","-27,000","-42,000","-63,000","-14,000","137,000","398,000","-8,801,000","402,000","548,000","441,000","364,000","447,000","477,000","306,000","200,000","97,000","303,000","224,000","-1,027,000","146,000","-410,000","138,000","41,000","102,000","339,000",,,"23,233,000",,,,,"0",,"235,000",,,"251,000","-90,000","-1,174,000","-2,251,000",,"300,000",,"1,000,000","-100,000","-700,000",,"200,000","200,000","200,000","200,000","-52,000,000","100,000","100,000","100,000",,,,,,,,,,,,,,,,,,,,,,"100,000","200,000",,,,,,,,,
NormalizedEBITDA,"317,903,000","86,107,000","93,517,000","78,406,000","59,308,000","68,947,000","70,132,000","61,626,000","53,878,000","65,282,000","59,856,000","56,102,000","51,799,000","55,059,000","53,563,000","52,679,000","52,950,000","58,088,000","57,177,000","50,342,000","49,248,000","48,184,000","49,616,000","43,589,000","40,217,000","27,768,000","35,591,000","33,367,000","30,891,000","28,262,000","30,400,000","27,247,000","23,518,000","23,145,000","21,269,000","18,708,000","17,792,000","18,514,000","22,788,000","16,538,000","13,773,000","13,230,000","15,501,000","12,991,000","13,067,000","14,930,000","15,158,000","13,256,000","10,827,000","13,408,000","14,836,000","13,862,000","12,321,000","22,238,000","14,608,000","13,568,000","7,202,000","12,448,000","10,128,000","8,037,000","5,578,000","8,288,000","8,795,000","7,902,000","5,812,000","7,077,000","6,354,000","8,065,000","3,280,000","8,534,000","6,082,000","7,844,000","6,175,000","7,593,000","7,860,000","5,204,000","-19,321,000","6,971,000","5,071,000","4,247,000","2,972,000","4,569,000","3,502,000","3,075,000","6,073,000","-6,029,000","5,310,000","2,411,000","3,574,000","2,176,000","7,000,000","7,000,000","5,800,000","-1,400,000","5,700,000","4,400,000","1,500,000","300,000","100,000","-1,400,000","600,000","47,400,000","-2,600,000","-1,600,000","700,000","300,000","1,200,000","3,400,000","2,200,000","5,400,000","-100,000","3,300,000","2,400,000","3,100,000","4,300,000","5,500,000","1,200,000","2,800,000","6,200,000","5,700,000","3,000,000","3,600,000","6,700,000","4,100,000","-700,000","2,100,000","6,300,000","3,900,000","3,100,000","-147,600,000","51,700,000","51,700,000","41,300,000","-135,600,000","48,100,000","48,200,000","38,000,000"
TaxRateForCalcs,"0.27","0.27","0.138","0.022","0.034","0.27","0.213","0.27","0.27","0.021","0.004","0.121","0.22","0.213","0.27","0.27","0.041","0.4","0.121","0.146","0.102","0.4","0.389","0.375","0.381","0.4","0.365","0.368","0.369","0.381","0.363","0.37","0.394","0.35","0.371","0.399","0.399","0.376","0.392","0.392","0.392","0.356","0.365","0.396","0.396","0.29","0.4","0.398","0.398","0.391","0.398","0.394","0.397","0.35","0.35","0.35","0.383","0.389","0.383","0.391","0.388","0.38","0.364","0.355","0.4","0.388","0.398","0.4","0.4","0.4","0.4","0.4","0.399","0.383","0.385","0.384","0.308","0.368","0.4","0.39","0.387","0.4","0.4","0.4","0.4","0.4","0.061","0.104","0.319","0.335","0.4","0.4","0.4","0.4","0.4","0.4","0.333","0.4","0.4","0.353","0.4","0.048","0.028","0.4","0.4","0.4","0.395","0.4","0.4","0.4","0.289","0.4","0.4","0","0.4","0.4","0.4","0.4","0.4","0.4","0.4","0.4","0.378","0.25","0.226","0","0.364","0.333","0.4",,,,,,,,
TaxEffectOfUnusualItems,"0","0","0","0","0","0","0","0","0","0","0","0","0","0","0","0","0","0","0","0","0","0","0","0","0","0","0","0","0","0","0","0","0","0","0","0","0","0","-332,640.202","-302,860.897","-275,450.166","1,419,723.786","-205,055.339","-207,427.221","-197,954.018","-298,993.011","-227,200","-40,611.384","-16,719.051","-10,545.871","-16,724.257","-24,796.453","-5,558.679","47,950","139,300","-3,080,350","154,139.645","213,075.039","169,096.547","142,409.091","173,421.871","181,036.096","111,308.824","70,967.742","38,800","117,466.745","89,045.752","-410,800","58,400","-164,000","55,200","16,400","40,676.826","129,697.525","0","0","7,159,481.28","0","0","0","0","0","0","94,000","0","0","15,235.205","-9,360.825","-374,701.465","-753,267.598","0","120,000","0","400,000","-40,000","-280,000","0","80,000","80,000","70,588.235","80,000","-2,506,024.096","2,777.778","40,000","40,000","0","0","0","0","0","0","0","0","0","0","0","0","0","0","0","0","0","0","0","0","0","36,363.636","66,666.667","0",,,,,,,,