name,ttm,12/31/2021,09/30/2021,06/30/2021,03/31/2021,12/31/2020,09/30/2020,06/30/2020,03/31/2020,12/31/2019,09/30/2019,06/30/2019,03/31/2019,12/31/2018,09/30/2018,06/30/2018,03/31/2018,12/31/2017,09/30/2017,06/30/2017,03/31/2017,12/31/2016,09/30/2016,06/30/2016,03/31/2016,12/31/2015,09/30/2015,06/30/2015,03/31/2015,12/31/2014,09/30/2014,06/30/2014,03/31/2014,12/31/2013,09/30/2013,06/30/2013,03/31/2013,12/31/2012,09/30/2012,06/30/2012,03/31/2012,12/31/2011,09/30/2011,06/30/2011,03/31/2011,12/31/2010,09/30/2010,06/30/2010,03/31/2010,12/31/2009,09/30/2009,06/30/2009,03/31/2009,12/31/2008,09/30/2008,06/30/2008,03/31/2008,12/31/2007,09/30/2007,06/30/2007,03/31/2007,12/31/2006,09/30/2006,06/30/2006,03/31/2006,12/31/2005,09/30/2005,06/30/2005,03/31/2005,12/31/2004,09/30/2004,06/30/2004,03/31/2004,12/31/2003,09/30/2003,06/30/2003,03/31/2003,12/31/2002,09/30/2002,06/30/2002,03/31/2002,12/31/2001,09/30/2001,06/30/2001,03/31/2001,12/31/2000,09/30/2000,06/30/2000,03/31/2000,12/31/1999,09/30/1999,06/30/1999,03/31/1999,12/31/1998,09/30/1998,06/30/1998,03/31/1998,12/31/1997,09/30/1997,06/30/1997,03/31/1997,12/31/1996,09/30/1996,06/30/1996,03/31/1996,12/31/1995,09/30/1995,06/30/1995,03/31/1995,12/31/1994,09/30/1994,06/30/1994,03/31/1994,12/31/1993,09/30/1993,06/30/1993,03/31/1993,12/31/1992,09/30/1992,06/30/1992,03/31/1992,12/31/1991,09/30/1991,06/30/1991,03/31/1991,12/31/1990,09/30/1990,06/30/1990,03/31/1990,12/31/1989,09/30/1989,06/30/1989,03/31/1989,12/31/1988,09/30/1988,06/30/1988,03/31/1988,12/31/1987,09/30/1987,06/30/1987,03/31/1987,12/31/1986,09/30/1986,06/30/1986,03/31/1986,12/31/1985,09/30/1985
TotalRevenue,"12,642,117,000","3,275,251,000","3,155,999,000","3,197,880,000","3,012,987,000","3,086,935,000","2,912,541,000","2,729,754,000","2,829,667,000","2,896,247,000","2,822,453,000","2,855,168,000","2,804,391,000","2,754,496,000","2,648,913,000","2,681,353,000","2,687,516,000","2,642,787,000","2,541,864,000","2,612,356,000","2,612,858,000","2,475,685,000","2,409,872,000","2,430,855,000","2,449,798,000","2,315,239,000","2,227,655,000","2,275,204,000","2,225,353,000","2,107,581,000","2,017,758,000","2,019,821,000","1,920,166,000","1,800,846,000","1,816,369,000","1,834,975,000","1,831,632,000","1,764,927,000","1,680,353,000","1,729,803,000","1,825,289,000","1,838,774,000","1,848,662,000","1,902,234,000","1,910,528,000","1,559,453,000","1,323,264,000","1,338,315,000","1,347,153,000","1,291,211,000","1,295,109,000","1,303,640,000","1,312,419,000","1,237,402,000","1,244,462,000","1,278,692,000","1,297,715,000","1,194,211,000","1,180,217,000","1,178,976,000","1,197,601,000","1,065,881,000","1,043,457,000","1,047,673,000","1,034,289,000","967,175,000","970,772,000","990,888,000","1,090,981,000","889,288,000","1,012,868,000","1,018,700,000","1,035,482,000","949,472,000","896,332,000","902,954,000","897,808,000","835,478,000","813,104,000","805,945,000","804,371,000","724,162,000","720,784,000","718,596,000","676,949,000","614,822,000","561,790,000","524,828,000","541,004,000","519,400,000","489,800,000","513,100,000","520,100,000","480,700,000","456,100,000","474,600,000","463,100,000","396,300,000","362,400,000","343,800,000","340,200,000","328,100,000","303,500,000","287,000,000","271,600,000","262,100,000","234,100,000","214,200,000","220,700,000","204,100,000","191,500,000","192,200,000","194,400,000","192,400,000","186,300,000","187,500,000","195,300,000","181,000,000","173,700,000","174,400,000","202,000,000","174,000,000","166,400,000","168,700,000","178,800,000","158,900,000","150,100,000","151,500,000","166,500,000","146,500,000","140,200,000","147,000,000","153,500,000","137,000,000","133,900,000","137,200,000","145,900,000","388,200,000","129,000,000","128,900,000","128,900,000","175,600,000","158,200,000","166,500,000","166,500,000","219,900,000","92,600,000"
	OperatingRevenue,"12,642,117,000","3,275,251,000","3,155,999,000","3,197,880,000","3,012,987,000","3,086,935,000","2,912,541,000","2,729,754,000","2,829,667,000","2,896,247,000","2,822,453,000","2,855,168,000","2,804,391,000","2,754,496,000","2,648,913,000","2,681,353,000","2,687,516,000","2,849,971,000","2,775,790,000","2,827,709,000","2,825,472,000","2,638,436,000","2,610,911,000","2,638,848,000","2,619,593,000","2,512,872,000","2,439,071,000","2,452,680,000","2,380,101,000","2,264,629,000","2,175,554,000","2,195,776,000","2,128,350,000","2,116,288,000","2,134,740,000","2,081,662,000","2,078,348,000","1,969,395,000","1,869,263,000","1,914,463,000","1,977,003,000","1,838,774,000","1,848,662,000","1,902,234,000","1,910,528,000","1,559,453,000","1,323,264,000","1,338,315,000","1,347,153,000","1,291,211,000","1,295,109,000","1,303,640,000","1,312,419,000","1,237,402,000","1,244,462,000","1,278,692,000","1,297,715,000","1,194,211,000","1,180,217,000","1,178,976,000","1,197,601,000","1,065,881,000","1,043,457,000","1,047,673,000","1,034,289,000","967,175,000","970,772,000","990,888,000","1,090,981,000","889,288,000","1,012,868,000","1,018,700,000","1,035,482,000","949,472,000","896,332,000","902,954,000","894,808,000","835,478,000","813,104,000","805,945,000","804,371,000","724,162,000","720,784,000","718,596,000","676,949,000","614,822,000","561,790,000","524,828,000","541,004,000","519,400,000","489,800,000","513,100,000","520,100,000","480,700,000","456,100,000","474,600,000","463,100,000","396,300,000","362,400,000","343,800,000","340,200,000","328,100,000","303,500,000","287,000,000","271,600,000","262,100,000","234,100,000","214,200,000","220,700,000","204,100,000","191,500,000","192,200,000","194,400,000","192,400,000","186,300,000","187,500,000","195,300,000","181,000,000","173,700,000","174,400,000","202,000,000","174,000,000","166,400,000","168,700,000","178,800,000","158,900,000","150,100,000","151,500,000","166,500,000","146,500,000","140,200,000","147,000,000","153,500,000","137,000,000","133,900,000","137,200,000","145,900,000","388,200,000","129,000,000","128,900,000","128,900,000","175,600,000","158,200,000","166,500,000","166,500,000","219,900,000","92,600,000"
CostOfRevenue,"1,427,134,000","374,157,000","367,834,000","338,033,000","347,110,000","351,324,000","335,409,000","283,572,000","317,827,000","324,090,000","313,936,000","305,857,000","307,463,000","300,791,000","285,201,000","289,733,000","292,929,000","284,854,000","268,089,000","274,539,000","277,614,000","263,872,000","257,793,000","254,422,000","255,250,000","252,109,000","242,259,000","240,979,000","238,741,000","233,413,000","222,708,000","223,774,000","215,798,000","207,108,000","206,995,000","202,344,000","204,642,000","204,697,000","191,747,000","198,100,000","209,532,000","1,057,437,000","1,048,635,000","205,594,000","1,053,034,000","897,209,000","752,766,000","0","762,742,000","740,150,000","729,896,000","718,361,000","715,264,000","170,231,000","170,743,000","713,355,000","732,277,000","687,998,000","673,259,000","667,825,000","686,351,000","617,931,000","606,043,000","559,570,000","570,745,000","536,033,000","513,065,000","534,021,000","587,559,000","489,959,000","553,817,000","554,087,000","566,094,000","353,300,000","333,321,000","333,172,000","324,647,000","247,917,000","323,331,000","302,153,000","295,404,000","270,755,000","262,233,000","262,855,000","240,274,000","225,783,000","206,903,000","193,212,000","190,849,000","219,200,000","201,700,000","204,700,000","203,100,000","184,600,000","192,100,000","195,100,000","181,000,000","161,900,000","147,300,000","136,300,000","129,700,000","128,000,000","118,100,000","109,600,000","102,300,000","100,400,000","92,000,000","84,100,000","84,500,000","-179,000,000","161,000,000","158,700,000","157,400,000","165,400,000","158,500,000","157,900,000","162,100,000","154,600,000","148,200,000","144,500,000","148,700,000","154,200,000","142,000,000","139,300,000","144,900,000","142,000,000","132,600,000","130,800,000",,,,,,,,,,,,,,,,,,,
GrossProfit,"11,214,983,000","2,901,094,000","2,788,165,000","2,859,847,000","2,665,877,000","2,735,611,000","2,577,132,000","2,446,182,000","2,511,840,000","2,572,157,000","2,508,517,000","2,549,311,000","2,496,928,000","2,453,705,000","2,363,712,000","2,391,620,000","2,394,587,000","2,357,933,000","2,273,775,000","2,337,817,000","2,335,244,000","2,211,813,000","2,152,079,000","2,176,433,000","2,194,548,000","2,063,130,000","1,985,396,000","2,034,225,000","1,986,612,000","1,874,168,000","1,795,050,000","1,796,047,000","1,704,368,000","1,593,738,000","1,609,374,000","1,632,631,000","1,626,990,000","1,560,230,000","1,488,606,000","1,531,703,000","1,615,757,000","781,337,000","800,027,000","1,696,640,000","857,494,000","662,244,000","570,498,000","1,338,315,000","584,411,000","551,061,000","565,213,000","585,279,000","597,155,000","1,067,171,000","1,073,719,000","565,337,000","565,438,000","506,213,000","506,958,000","511,151,000","511,250,000","447,950,000","437,414,000","488,103,000","463,544,000","431,142,000","457,707,000","456,867,000","503,422,000","399,329,000","459,051,000","464,613,000","469,388,000","596,172,000","563,011,000","569,782,000","573,161,000","587,561,000","489,773,000","503,792,000","508,967,000","453,407,000","458,551,000","455,741,000","436,675,000","389,039,000","354,887,000","331,616,000","350,155,000","300,200,000","288,100,000","308,400,000","317,000,000","296,100,000","264,000,000","279,500,000","282,100,000","234,400,000","215,100,000","207,500,000","210,500,000","200,100,000","185,400,000","177,400,000","169,300,000","161,700,000","142,100,000","130,100,000","136,200,000","383,100,000","30,500,000","33,500,000","37,000,000","27,000,000","27,800,000","29,600,000","33,200,000","26,400,000","25,500,000","29,900,000","53,300,000","19,800,000","24,400,000","29,400,000","33,900,000","16,900,000","17,500,000","20,700,000",,,,,,,,,,,,,,,,,,,
OperatingExpense,"9,851,889,000","2,587,445,000","2,473,357,000","2,420,879,000","2,370,208,000","2,321,652,000","2,227,462,000","2,088,151,000","2,275,146,000","2,231,178,000","2,319,588,000","2,203,748,000","2,156,491,000","2,193,883,000","2,106,548,000","2,067,158,000","2,060,773,000","2,019,189,000","2,016,465,000","2,007,626,000","1,981,311,000","1,902,922,000","1,874,510,000","1,843,145,000","1,838,224,000","1,755,402,000","1,710,595,000","1,700,228,000","1,659,558,000","1,575,755,000","1,583,693,000","1,504,789,000","1,433,822,000","1,384,218,000","1,407,636,000","1,328,660,000","1,387,780,000","1,303,253,000","1,301,275,000","1,301,371,000","1,346,729,000","572,387,000","604,499,000","1,464,403,000","597,081,000","531,528,000","465,814,000","1,208,566,000","443,863,000","432,199,000","463,336,000","422,236,000","460,405,000","978,939,000","991,225,000","451,806,000","438,407,000","417,622,000","440,453,000","403,143,000","404,084,000","376,113,000","366,921,000","392,338,000","378,370,000","368,154,000","385,093,000","383,461,000","392,383,000","323,139,000","381,344,000","372,653,000","380,812,000","511,057,000","476,521,000","470,524,000","471,560,000","507,027,000","410,724,000","420,630,000","422,199,000","389,925,000","397,378,000","390,674,000","365,944,000","338,605,000","309,549,000","284,630,000","295,436,000","265,800,000","265,500,000","262,100,000","258,800,000","256,000,000","235,100,000","237,200,000","234,200,000","206,300,000","188,700,000","175,700,000","171,500,000","171,500,000","162,600,000","152,200,000","140,500,000","137,300,000","127,500,000","114,200,000","115,300,000","374,300,000","19,400,000","18,800,000","18,400,000","20,500,000","18,300,000","17,700,000","17,400,000","18,600,000","17,200,000","16,900,000","30,400,000","18,000,000","17,400,000","17,000,000","17,000,000","9,800,000","9,700,000","9,500,000",,,,,,,,,,,,,,,,,,,
	SellingGeneralAndAdministration,"6,282,807,000","1,651,803,000","1,584,823,000","1,517,084,000","1,529,097,000","1,497,162,000","1,434,836,000","1,336,196,000","1,460,962,000","1,459,129,000","1,435,886,000","1,410,016,000","1,391,671,000","1,357,866,000","1,342,820,000","1,333,093,000","1,326,851,000","1,280,565,000","1,277,725,000","1,262,321,000","1,263,153,000","1,180,996,000","1,173,528,000","1,155,739,000","1,172,591,000","1,103,736,000","1,081,770,000","1,067,260,000","1,054,594,000","1,017,930,000","977,443,000","985,378,000","958,703,000","926,885,000","927,116,000","921,416,000","926,961,000","899,844,000","861,556,000","880,881,000","913,368,000","22,182,000","23,076,000","875,417,000","23,168,000","75,633,000","18,429,000","581,737,000","17,934,000","18,035,000","17,253,000","17,587,000","17,072,000","549,528,000","548,458,000","403,797,000","391,037,000","369,758,000","393,905,000","357,737,000","360,621,000","332,779,000","325,960,000","351,969,000","339,340,000","328,912,000","346,541,000","345,473,000","348,774,000","289,351,000","338,451,000","332,334,000","341,434,000","472,440,000","440,722,000","435,011,000","437,023,000","472,677,000","380,588,000","389,730,000","392,791,000","357,032,000","364,791,000","358,426,000","336,149,000","310,074,000","281,074,000","256,471,000","267,792,000","238,400,000","238,800,000","234,900,000","231,800,000","228,500,000","207,900,000","210,900,000","209,800,000","184,500,000","168,600,000","155,900,000","152,500,000","150,300,000","143,400,000","135,500,000","125,700,000","122,200,000","114,200,000","102,500,000","104,000,000","363,000,000","8,500,000","8,500,000","8,500,000","9,100,000","8,400,000","8,500,000","8,300,000","8,900,000","8,500,000","8,100,000","8,500,000","8,700,000","8,600,000","8,600,000","8,500,000",,,,,,,,,,,,,,,,,,,,,,
		GeneralAndAdministrativeExpense,"6,282,807,000","1,651,803,000","1,584,823,000","1,517,084,000","1,529,097,000","1,497,162,000","1,434,836,000","1,336,196,000","1,460,962,000","1,459,129,000","1,435,886,000","1,410,016,000","1,391,671,000","1,357,866,000","1,342,820,000","1,333,093,000","1,326,851,000","1,280,565,000","1,277,725,000","1,262,321,000","1,263,153,000","1,180,996,000","1,173,528,000","1,155,739,000","1,172,591,000","1,103,736,000","1,081,770,000","1,067,260,000","1,054,594,000","1,017,930,000","977,443,000","985,378,000","958,703,000","926,885,000","927,116,000","921,416,000","926,961,000","899,844,000","861,556,000","880,881,000","913,368,000","22,182,000","23,076,000","875,417,000","23,168,000","75,633,000","18,429,000","581,737,000","17,934,000","18,035,000","17,253,000","17,587,000","17,072,000","549,528,000","548,458,000",,,,,,,,,,,,,,,,,,,,,,,,,,,,,,,,,,,,,,,,,,,,,,,,,,,,,,,,,,,,,,,,,,,,,,,,,,,,,,,,,,,,,,,,,,,,
			SalariesAndWages,"6,163,944,000","1,621,788,000","1,556,448,000","1,487,935,000","1,497,773,000","1,466,070,000","1,406,348,000","1,308,010,000","1,432,669,000","1,431,640,000","1,408,226,000","1,383,481,000","1,365,546,000","1,331,704,000","1,316,710,000","1,305,974,000","1,300,148,000","1,254,851,000","1,251,528,000","1,236,294,000","1,237,964,000","1,156,729,000","1,149,729,000","1,130,933,000","1,148,139,000","1,079,394,000","1,057,226,000","1,044,064,000","1,031,703,000","994,593,000","953,583,000","961,920,000","935,365,000","901,778,000","903,212,000","897,334,000","902,296,000","875,865,000","838,075,000","856,878,000","889,506,000",,,"852,078,000",,,,"563,552,000",,,,,,"532,667,000","530,858,000",,,,,,,,,,,,,,,,,,,,,,,,,,,,,,,,,,,,,,,,,,,,,,,,,,,,,,,,,,,,,,,,,,,,,,,,,,,,,,,,,,,,,,,,,,,,
			RentAndLandingFees,"118,863,000","30,015,000","28,375,000","29,149,000","31,324,000","31,092,000","28,488,000","28,186,000","28,293,000","27,489,000","27,660,000","26,535,000","26,125,000","26,162,000","26,110,000","27,119,000","26,703,000","25,714,000","26,197,000","26,027,000","25,189,000","24,267,000","23,799,000","24,806,000","24,452,000","24,342,000","24,544,000","23,196,000","22,891,000","23,337,000","23,860,000","23,458,000","23,338,000","25,107,000","23,904,000","24,082,000","24,665,000","23,979,000","23,481,000","24,003,000","23,862,000","22,182,000","23,076,000","23,339,000","23,168,000","22,413,000","18,429,000","18,185,000","17,934,000","18,035,000","17,253,000","17,587,000","17,072,000","16,861,000","17,600,000",,,,,,,,,,,,,,,,,,,,,,,,,,,,,,,,,,,,,,,,,,,,,,,,,,,,,,,,,,,,,,,,,,,,,,,,,,,,,,,,,,,,,,,,,,,,
	DepreciationAmortizationDepletionIncomeStatement,"533,213,000","133,363,000","134,462,000","133,985,000","131,403,000","133,930,000","125,961,000","126,208,000","124,394,000","127,656,000","121,528,000","121,168,000","120,040,000","118,075,000","112,286,000","109,581,000","113,103,000","113,638,000","110,217,000","113,112,000","110,798,000","107,436,000","103,712,000","101,411,000","104,049,000","102,921,000","99,442,000","97,257,000","98,998,000","98,118,000","93,456,000","90,691,000","93,359,000","88,707,000","86,971,000","81,682,000","79,812,000","80,619,000","77,032,000","73,078,000","73,820,000","75,477,000","75,166,000","73,234,000","71,351,000","60,849,000","55,530,000","54,025,000","53,511,000","51,279,000","51,205,000","51,085,000","51,134,000","51,091,000","48,465,000","48,009,000","47,370,000","47,864,000","46,548,000","45,406,000","43,463,000","43,334,000","40,961,000","40,369,000","39,030,000","39,242,000","38,552,000","37,988,000","43,609,000","33,788,000","42,893,000","40,319,000","39,378,000","38,617,000","35,799,000","35,513,000","34,537,000","34,350,000","30,136,000","30,900,000","29,408,000","32,893,000","32,587,000","32,248,000","29,795,000","28,531,000","28,475,000","28,159,000","27,644,000","27,400,000","26,700,000","27,200,000","27,000,000","27,500,000","27,200,000","26,300,000","24,400,000","21,800,000","20,100,000","19,800,000","19,000,000","21,200,000","19,200,000","16,700,000","14,800,000","15,100,000","13,300,000","11,700,000","11,300,000","11,300,000","10,900,000","10,300,000","9,900,000","11,400,000","9,900,000","9,200,000","9,100,000","9,700,000","8,700,000","8,800,000","21,900,000","9,300,000","8,800,000","8,400,000","8,500,000","9,800,000","9,700,000","9,500,000",,,,,,,,,,,,,,,,,,,
		DepreciationAndAmortizationInIncomeStatement,"533,213,000","133,363,000","134,462,000","133,985,000","131,403,000","133,930,000","125,961,000","126,208,000","124,394,000","127,656,000","121,528,000","121,168,000","120,040,000","118,075,000","112,286,000","109,581,000","113,103,000","113,638,000","110,217,000","113,112,000","110,798,000","107,436,000","103,712,000","101,411,000","104,049,000","102,921,000","99,442,000","97,257,000","98,998,000","98,118,000","93,456,000","90,691,000","93,359,000","88,707,000","86,971,000","81,682,000","79,812,000","80,619,000","77,032,000","73,078,000","73,820,000","75,477,000","75,166,000","73,234,000","71,351,000","60,849,000","55,530,000","54,025,000","53,511,000","51,279,000","51,205,000","51,085,000","51,134,000","51,091,000","48,465,000","48,009,000","47,370,000","47,864,000","46,548,000","45,406,000","43,463,000","43,334,000","40,961,000","40,369,000","39,030,000","39,242,000","38,552,000","37,988,000","43,609,000","33,788,000","42,893,000","40,319,000","39,378,000","38,617,000","35,799,000","35,513,000","34,537,000","34,350,000","30,136,000","30,900,000","29,408,000","32,893,000","32,587,000","32,248,000","29,795,000","28,531,000","28,475,000","28,159,000","27,644,000","27,400,000","26,700,000","27,200,000","27,000,000","27,500,000","27,200,000","26,300,000","24,400,000","21,800,000","20,100,000","19,800,000","19,000,000","21,200,000","19,200,000","16,700,000","14,800,000","15,100,000","13,300,000","11,700,000","11,300,000","11,300,000","10,900,000","10,300,000","9,900,000","11,400,000","9,900,000","9,200,000","9,100,000","9,700,000","8,700,000","8,800,000","21,900,000","9,300,000","8,800,000","8,400,000","8,500,000","9,800,000","9,700,000","9,500,000",,,,,,,,,,,,,,,,,,,
	ProvisionForDoubtfulAccounts,,,,,,,,,,,,,,,,,,,,,,,,,,,,,,,,,,,,,,,,,,"143,687,000","155,899,000","160,917,000","153,116,000","144,288,000","133,467,000","143,764,000","125,390,000","127,869,000","141,086,000","120,670,000","118,978,000","111,299,000","125,003,000",,,,,,,,,,,,,,,,,,,,,,,,,,,,,,,,,,,,,,,,,,,,,,,,,,,,,,,,,,,,,,,,,,,,,,,,,,,,,,,,,,,,,,,,,,,,
	OtherOperatingExpenses,"3,035,869,000","802,279,000","754,072,000","769,810,000","709,708,000","690,560,000","666,665,000","625,747,000","689,790,000","644,393,000","762,174,000","672,564,000","644,780,000","717,942,000","651,442,000","624,484,000","620,819,000","624,986,000","628,523,000","632,193,000","607,360,000","614,490,000","597,270,000","585,995,000","561,584,000","548,745,000","529,383,000","535,711,000","505,966,000","459,707,000","512,794,000","428,720,000","381,760,000","368,626,000","393,549,000","325,562,000","381,007,000","322,790,000","362,687,000","347,412,000","359,541,000","331,041,000","350,358,000","354,835,000","349,446,000","250,758,000","258,388,000","429,040,000","247,028,000","235,016,000","253,792,000","232,894,000","273,221,000","267,021,000","269,299,000",,,,,,,,,,,,,,,,,,,,,,,,,,,,,,,,,,,,,,,,,,,,,,,,,,,,,,,,,,,,,,,,,,,,,,,,,,,,,,,,,,,,,,,,,,,,
OperatingIncome,"1,363,094,000","313,649,000","314,808,000","438,968,000","295,669,000","413,959,000","349,670,000","358,031,000","236,694,000","340,979,000","188,929,000","345,563,000","340,437,000","259,822,000","257,164,000","324,462,000","333,814,000","338,744,000","257,310,000","330,191,000","353,933,000","308,891,000","277,569,000","333,288,000","356,324,000","307,728,000","274,801,000","333,997,000","327,054,000","298,413,000","211,357,000","291,258,000","270,546,000","209,520,000","201,738,000","303,971,000","239,210,000","256,977,000","187,331,000","230,332,000","269,028,000","208,950,000","195,528,000","232,237,000","260,413,000","130,716,000","104,684,000","129,749,000","140,548,000","118,862,000","101,877,000","163,043,000","136,750,000","88,232,000","82,494,000","113,531,000","127,031,000","88,591,000","66,505,000","108,008,000","107,166,000","71,837,000","70,493,000","95,765,000","85,174,000","62,988,000","72,614,000","73,406,000","111,039,000","76,190,000","77,707,000","91,960,000","88,576,000","85,115,000","86,490,000","99,258,000","101,601,000","80,534,000","79,049,000","83,162,000","86,768,000","63,482,000","61,173,000","65,067,000","70,731,000","50,434,000","45,338,000","46,986,000","54,719,000","34,400,000","22,600,000","46,300,000","58,200,000","40,100,000","28,900,000","42,300,000","47,900,000","28,100,000","26,400,000","31,800,000","39,000,000","28,600,000","22,800,000","25,200,000","28,800,000","24,400,000","14,600,000","15,900,000","20,900,000","8,800,000","11,100,000","14,700,000","18,600,000","6,500,000","9,500,000","11,900,000","15,800,000","7,800,000","8,300,000","13,000,000","22,900,000","1,800,000","7,000,000","12,400,000","16,900,000","7,100,000","7,800,000","11,200,000","166,500,000","-401,700,000","140,200,000","147,000,000","153,500,000","-374,000,000","133,900,000","137,200,000","145,900,000","-329,700,000","129,000,000","128,900,000","128,900,000","-424,400,000","158,200,000","166,500,000","166,500,000","-218,000,000","92,600,000"
NetNonOperatingInterestIncomeExpense,"-83,672,000","-19,217,000","-21,199,000","-21,299,000","-21,957,000","-19,886,000","-24,575,000","-25,473,000","-36,351,000","-39,159,000","-41,447,000","-42,943,000","-42,584,000","-42,397,000","-41,474,000","-39,526,000","-38,285,000","-36,720,000","-36,710,000","-35,147,000","-34,189,000","-31,000,000","-29,983,000","-28,251,000","-27,331,000","-26,259,000","-25,488,000","-25,652,000","-25,889,000","-26,500,000","-27,293,000","-30,302,000","-30,480,000","-30,765,000","-27,460,000","-33,459,000","-35,264,000","-36,326,000","-39,809,000","-40,603,000","-41,552,000","-46,115,000","-48,452,000","-49,808,000","-56,417,000","-41,468,000","-11,478,000","-12,277,000","-12,377,000","-10,513,000","-10,780,000","-11,879,000","-12,638,000","-13,060,000","-13,419,000",,,,,,,,,,,,,,,,,,,,,,,,,,,,,,,,,,,,,,,,,,,,,,,,,,,,,,,,,,,,,,,,,,,,,,,,,,,,,,,,,,,,,,,,,,,,
	InterestIncomeNonOperating,"1,596,000","116,000","166,000","410,000","904,000","1,937,000","520,000","317,000","30,000","86,000","65,000","49,000","269,000","846,000","36,000","546,000","103,000","39,000","17,000","12,000","13,000","82,000","25,000","13,000","30,000","264,000","5,000","5,000","5,000","86,000","441,000","5,000","5,000","1,041,000","4,686,000","18,000","9,000","15,000","21,000","20,000","29,000",,,"42,000","44,000",,,"53,000","1,679,000",,,,,,,,,,,,,,,,,,,,,,,,,,,,,,,,,,,,,,,,,,,,,,,,,,,,,,,,,,,,,,,,,,,,,,,,,,,,,,,,,,,,,,,,,,,,,,,,,,
	InterestExpenseNonOperating,"80,958,000","18,228,000","20,278,000","20,683,000","21,769,000","20,750,000","23,790,000","24,512,000","35,099,000","37,965,000","40,230,000","41,714,000","41,575,000","40,829,000","39,268,000","37,832,000","36,141,000","34,517,000","34,488,000","32,934,000","31,976,000","28,859,000","27,787,000","26,395,000","25,581,000","24,671,000","23,732,000","23,899,000","24,131,000","24,821,000","24,573,000","25,069,000","25,249,000","26,384,000","26,693,000","28,028,000","29,814,000","30,887,000","32,743,000","33,334,000","34,304,000","46,115,000","48,452,000","49,850,000","56,461,000","41,859,000","11,478,000","12,330,000","14,056,000","10,513,000","10,780,000","11,879,000","12,638,000","13,924,000","13,419,000",,,,,,,,,,,,,,,,,,,,,,,,,,,,,,,,,,,,,,,,,,,,,,,,,,,,,,,,,,,,,,,,,,,,,,,,,,,,,,,,,,,,,,,,,,,,
	TotalOtherFinanceCost,"4,310,000","1,105,000","1,087,000","1,026,000","1,092,000","1,073,000","1,305,000","1,278,000","1,282,000","1,280,000","1,282,000","1,278,000","1,278,000","2,414,000","2,242,000","2,240,000","2,247,000","2,242,000","2,239,000","2,225,000","2,226,000","2,223,000","2,221,000","1,869,000","1,780,000","1,852,000","1,761,000","1,758,000","1,763,000","1,765,000","3,161,000","5,238,000","5,236,000","5,422,000","5,453,000","5,449,000","5,459,000","5,454,000","7,087,000","7,289,000","7,277,000",,,"49,808,000",,,,,"12,377,000",,,,,,,,,,,,,,,,,,,,,,,,,,,,,,,,,,,,,,,,,,,,,,,,,,,,,,,,,,,,,,,,,,,,,,,,,,,,,,,,,,,,,,,,,,,,,,,,,,
OtherIncomeExpense,"13,891,000","12,316,000","-6,719,000","9,129,000","-835,000","8,305,000","-1,831,000","3,100,000","-9,560,000","19,338,000","-9,407,000","8,188,000","-1,557,000","-9,975,000","13,377,000","16,834,000","709,000","-66,000","-246,000","-773,000","-1,318,000","3,457,000","-2,146,000","-2,191,000","-2,269,000","11,680,000","-1,286,000","-637,000","-4,148,000","19,148,000","-39,586,000","-2,611,000","-4,283,000","28,203,000","18,294,000","-4,694,000","38,000","12,745,000","-24,017,000","-5,285,000","-5,158,000",,,,,,,,,,"0",,,,"-9,316,000",,,"493,000","-82,000","-1,058,000","433,000","640,000","130,328,000","21,644,000","15,387,000","-36,133,000","-47,186,000","-7,926,000",,,,,"-4,919,000","1,911,000","7,837,000",,"6,000","2,232,000","-255,000","-249,000","234,000","-47,353,000","-108,000","26,000","-1,427,000","-7,747,000",,,,,,,,,"0",,,,,,,,"-100,000",,,,,,,,,,,,,,"-100,000",,,,,"100,000","100,000","100,000","100,000","100,000",,"100,000",,,,,,,,,,,,,,,,,,,
	GainOnSaleOfSecurity,"5,923,000",,,,,,,,,"0",,"456,000","2,944,000","2,523,000","1,968,000","1,526,000","709,000","-66,000","-246,000","-773,000","-1,318,000","-1,882,000","-2,146,000","-2,191,000","-2,269,000","-2,384,000","-1,642,000","-2,032,000","-4,148,000","-4,725,000","-4,840,000","-4,785,000","-4,713,000","-4,878,000","-4,854,000","-4,777,000","-4,674,000","-4,787,000","-5,398,000","-5,285,000","-5,158,000",,,,,,,,,,,,,,,,,,,,,,,,,,,,,,,,,,,,,,,,,,,,,,,,,,,,,,,,,,,,,,,,,,,,,,,,,,,,,,,,,,,,,,,,,,,,,,,,,,,,,,,,,,
	EarningsFromEquityInterest,,,,,,,,,,,,,,,,,,,,,,,,,,,,,,,,,,,,,,,,,,,,,,,,,,,,,,,"-9,316,000",,,,,,,,,,,,,,,,,,,,,,,,,,,,,,,,,,,,,,,,,,,,,,,,,,,,,,,,,,,,,,,,,,,,,,,,,,,,,,,,,,,,,,,,,,,,
	SpecialIncomeCharges,,,,,,,,,,,,,,,,,,,,,,,,,,"0","0",,,"0","-36,171,000",,,"0","0",,,"0","-29,170,000",,,,,,,,,,,,,,,,,,,"493,000","-82,000","-1,058,000","433,000","640,000","130,328,000","21,644,000","15,387,000","-36,133,000","-47,186,000",,,,,,,"1,911,000","7,837,000",,"6,000","2,232,000","-255,000","-249,000","234,000","-47,353,000","-108,000","26,000","-1,427,000",,,,,,,,,,,,,,,,,,,,,,,,,,,,,,,,,,,,,"100,000","100,000","100,000","100,000","100,000",,,,,,,,,,,,,,,,,,,,,
		OtherSpecialCharges,,,,,,,,,,,,,,,,,,,,,,,,,,,,,,"0","36,171,000",,,,,,,"0","29,170,000",,,,,,,,,,,,,,,,,,,,,,,,,,,,,,,,,,,,,,,,,,,,,,,,,,,,,,,,,,,,,,,,,,,,,,,,,,,,,,,,,,,,,,,,,,,,,,,,,,,,,,,,,,,,
	OtherNonOperatingIncomeExpenses,"13,891,000","12,316,000","-6,719,000","9,129,000","-835,000","8,305,000","-1,831,000","3,100,000","-9,560,000","19,338,000","-9,407,000","7,732,000","-4,501,000","-12,498,000","11,409,000","15,308,000",,,,,,"5,339,000",,,,"14,064,000","356,000","1,395,000",,"23,873,000","1,425,000","2,174,000","430,000","33,081,000","23,148,000","83,000","4,712,000","17,532,000","10,551,000",,,,,,,,,,,,,,,,,,,,,,,,,,,,,,,,,,,,,,,,,,,,,,,,,,,,,,,,,,,,,,,,,,,,,,,,,,,,,,,,,,,,,,,,,,,,,,,,,,,,,,,,,,,,
PretaxIncome,"1,293,313,000","306,748,000","286,890,000","426,798,000","272,877,000","402,378,000","323,264,000","335,658,000","190,783,000","321,158,000","138,075,000","310,808,000","296,296,000","207,450,000","229,067,000","301,770,000","296,238,000","301,958,000","220,354,000","294,271,000","318,426,000","281,348,000","245,440,000","302,846,000","326,724,000","293,149,000","248,027,000","307,708,000","297,017,000","291,061,000","144,478,000","258,345,000","235,783,000","206,958,000","192,572,000","265,818,000","203,984,000","233,396,000","123,505,000","184,444,000","222,318,000","162,835,000","147,076,000","182,429,000","203,996,000","89,248,000","93,206,000","117,472,000","128,171,000","108,349,000","91,097,000","151,164,000","124,112,000","68,501,000","59,759,000","88,855,000","100,273,000","65,391,000","43,758,000","85,235,000","80,685,000","54,660,000","179,733,000","97,220,000","80,859,000","12,666,000","15,010,000","58,030,000","89,488,000","61,848,000","61,375,000","74,801,000","72,746,000","74,388,000","78,236,000","81,353,000","83,722,000","69,345,000","65,489,000","70,072,000","72,165,000","2,567,000","47,519,000","50,888,000","56,923,000","30,265,000","35,172,000","36,423,000","44,248,000","21,600,000","16,700,000","36,800,000","47,700,000","31,200,000","20,400,000","31,700,000","39,900,000","23,500,000","21,900,000","26,500,000","34,000,000","19,200,000","17,500,000","19,100,000","24,200,000","7,900,000","11,300,000","14,500,000","19,300,000","7,100,000","9,600,000","13,400,000","16,800,000","4,800,000","7,500,000","9,800,000","13,100,000","5,100,000","5,700,000","10,000,000","19,900,000","3,900,000","4,200,000","9,500,000","12,600,000","1,700,000","2,200,000","5,600,000",,,,,,,,,,,,,,,,,,,
TaxProvision,"305,681,000","72,837,000","67,515,000","101,522,000","63,807,000","94,644,000","79,172,000","79,154,000","46,323,000","73,148,000","37,205,000","69,543,000","58,898,000","43,828,000","54,186,000","71,059,000","67,569,000","76,923,000","74,992,000","103,883,000","107,899,000","102,610,000","88,175,000","107,397,000","111,005,000","101,832,000","84,373,000","106,304,000","102,694,000","100,569,000","48,440,000","91,731,000","83,931,000","73,772,000","69,473,000","98,015,000","74,049,000","85,736,000","42,132,000","67,000,000","79,748,000","54,828,000","52,234,000","66,395,000","74,009,000","38,432,000","27,404,000","41,057,000","45,409,000","39,167,000","32,043,000","57,187,000","42,078,000","28,026,000","22,536,000","34,615,000","38,610,000","25,488,000","14,756,000","33,193,000","31,113,000","20,458,000","65,704,000","36,349,000","30,367,000","3,624,000","5,531,000","21,398,000","33,086,000","23,732,000","22,625,000","27,699,000","26,946,000","27,920,000","29,175,000","30,403,000","30,932,000","25,455,000","24,038,000","25,725,000","26,492,000","632,000","17,265,000","18,498,000","20,752,000","11,176,000","12,837,000","13,114,000","15,619,000","7,600,000","5,900,000","13,800,000","17,700,000","11,000,000","7,000,000","11,200,000","14,200,000","8,500,000","8,100,000","9,600,000","12,500,000","7,500,000","6,200,000","6,900,000","8,700,000","1,000,000","4,100,000","4,900,000","7,500,000","2,700,000","3,800,000","5,200,000","6,500,000","1,000,000","2,300,000","3,300,000","4,500,000","2,100,000","2,300,000","3,900,000","12,500,000","1,600,000","1,700,000","3,700,000","2,900,000","600,000","800,000","2,100,000",,,,,,,,,,,,,,,,,,,
NetIncomeCommonStockholders,"989,531,000","238,674,000","217,955,000","324,363,000","208,539,000","307,714,000","240,489,000","251,105,000","141,664,000","244,562,000","96,947,000","237,664,000","233,653,000","157,797,000","171,429,000","225,660,000","223,728,000","219,504,000","141,164,000","185,312,000","205,961,000","174,136,000","151,796,000","185,493,000","190,670,000","173,689,000","150,205,000","182,122,000","174,231,000","172,725,000","82,780,000","151,594,000","138,008,000","124,427,000","114,544,000","151,753,000","119,715,000","135,343,000","71,732,000","107,435,000","128,439,000","95,271,000","85,054,000","103,649,000","114,193,000","37,182,000","55,610,000","65,572,000","71,819,000","60,865,000","51,074,000","93,977,000","67,541,000","46,516,000","36,987,000","54,240,000","61,663,000","39,954,000","28,854,000","52,071,000","49,508,000","34,170,000","113,945,000","60,259,000","51,084,000","12,274,000","8,319,000","146,454,000","61,409,000","37,174,000","37,845,000","48,289,000","46,183,000","46,468,000","49,061,000","50,950,000","52,790,000","43,890,000","41,451,000","44,347,000","45,673,000","927,000","30,254,000","32,390,000","36,171,000","19,089,000","22,335,000","23,309,000","28,629,000","14,000,000","10,800,000","23,000,000","30,000,000","20,200,000","13,400,000","20,500,000","25,700,000","15,000,000","13,800,000","16,900,000","21,500,000","11,700,000","11,300,000","12,200,000","15,500,000","6,900,000","7,200,000","9,600,000","11,800,000","4,400,000","5,800,000","8,200,000","10,300,000","3,800,000","5,200,000","6,500,000","8,600,000","3,000,000","3,400,000","6,100,000","7,400,000","2,300,000","2,500,000","5,800,000","9,700,000","1,100,000","1,400,000","3,500,000",,,,,,,,,,,,,,,,,,,
	NetIncome,"991,590,000","239,124,000","218,351,000","325,024,000","209,091,000","308,708,000","241,279,000","251,929,000","142,037,000","245,176,000","97,190,000","238,320,000","234,168,000","158,075,000","171,746,000","226,052,000","223,832,000","219,609,000","141,245,000","185,394,000","206,055,000","174,208,000","151,865,000","185,577,000","190,759,000","173,749,000","150,287,000","182,193,000","174,299,000","172,797,000","82,797,000","151,671,000","138,078,000","124,521,000","114,587,000","151,841,000","119,784,000","135,461,000","71,817,000","107,561,000","128,607,000","95,271,000","85,054,000","103,649,000","114,193,000","37,182,000","55,610,000","65,572,000","71,819,000","60,865,000","51,074,000","93,977,000","67,541,000","46,477,000","36,997,000","54,240,000","61,663,000","39,954,000","28,854,000","52,071,000","49,508,000","34,170,000","113,945,000","60,259,000","51,084,000","12,274,000","8,319,000","146,454,000","61,409,000","37,174,000","37,845,000","48,289,000","46,183,000","46,468,000","49,061,000","50,950,000","52,790,000","43,890,000","41,451,000","44,347,000","45,673,000","927,000","30,254,000","32,390,000","36,171,000","19,089,000","22,335,000","23,309,000","28,629,000","14,000,000","10,800,000","23,000,000","30,000,000","20,200,000","13,400,000","20,500,000","25,700,000","15,000,000","13,800,000","16,900,000","21,500,000","11,700,000","11,300,000","12,200,000","15,500,000","6,900,000","7,200,000","9,600,000","11,800,000","4,400,000","5,800,000","8,200,000","10,300,000","3,800,000","5,200,000","6,500,000","8,600,000","3,000,000","3,400,000","6,100,000","7,400,000","2,300,000","2,500,000","5,800,000","9,700,000","1,100,000","1,400,000","3,500,000",,,,,,,,,,,,,,,,,,,
		NetIncomeIncludingNoncontrollingInterests,"987,632,000","233,911,000","219,375,000","325,276,000","209,070,000","307,734,000","244,092,000","256,504,000","144,460,000","248,010,000","100,870,000","241,265,000","237,398,000","163,622,000","174,881,000","230,711,000","228,669,000","225,035,000","145,362,000","190,388,000","210,527,000","178,738,000","157,265,000","195,449,000","215,719,000","191,317,000","163,654,000","201,404,000","194,323,000","190,492,000","96,038,000","166,614,000","151,852,000","133,186,000","123,099,000","167,803,000","129,935,000","147,660,000","81,373,000","117,444,000","142,570,000","108,007,000","94,842,000","116,034,000","129,987,000","50,816,000","65,802,000","76,415,000","82,762,000","69,182,000","59,054,000","80,893,000","53,048,000","46,477,000","36,997,000","65,667,000","74,942,000","50,664,000","38,638,000","60,746,000","63,700,000","42,791,000","128,893,000","71,751,000","62,261,000","18,060,000","12,333,000","154,380,000","70,965,000","40,595,000","43,494,000","54,549,000","51,102,000","48,712,000","56,537,000","59,480,000","57,820,000","48,063,000","46,375,000","49,035,000","51,546,000","7,121,000","33,954,000","36,089,000","40,096,000","23,084,000","25,507,000","26,680,000","31,772,000","14,100,000","10,200,000","25,800,000","34,000,000","22,600,000","14,800,000","24,000,000","27,400,000","15,000,000","13,800,000","16,900,000","21,500,000","11,700,000","11,300,000","12,200,000","15,500,000","6,900,000","7,200,000","9,600,000","11,800,000","4,400,000","5,800,000","8,200,000","10,300,000","3,800,000","5,200,000","6,500,000","8,600,000","3,000,000","3,400,000","6,100,000","7,400,000","2,300,000","2,500,000","5,800,000","9,700,000","1,100,000","1,400,000","3,500,000","5,600,000","1,000,000","600,000","2,900,000","4,500,000","200,000","100,000","2,200,000","3,900,000","0","100,000","100,000","100,000","-5,600,000","3,000,000","6,600,000","7,200,000","5,600,000","5,200,000"
			NetIncomeContinuousOperations,"987,632,000","233,911,000","219,375,000","325,276,000","209,070,000","307,734,000","244,092,000","256,504,000","144,460,000","248,010,000","100,870,000","241,265,000","237,398,000","163,622,000","174,881,000","230,711,000","228,669,000","225,035,000","145,362,000","190,388,000","210,527,000","178,738,000","157,265,000","195,449,000","215,719,000","191,317,000","163,654,000","201,404,000","194,323,000","190,492,000","96,038,000","166,614,000","151,852,000","133,186,000","123,099,000","167,803,000","129,935,000","147,660,000","81,373,000","117,444,000","142,570,000","108,007,000","94,842,000","116,034,000","129,987,000","50,816,000","65,802,000","76,415,000","82,762,000","69,182,000","59,054,000","80,893,000","67,541,000","40,475,000","37,223,000","54,240,000","61,663,000","39,903,000","29,002,000","52,042,000","49,572,000","34,202,000","114,029,000","60,871,000","50,492,000","9,042,000","9,479,000","36,632,000","56,402,000","38,116,000","38,750,000","47,102,000","45,800,000","46,468,000","49,061,000","50,950,000","52,790,000","43,890,000","41,451,000","44,347,000","45,673,000","1,935,000","30,254,000","32,390,000","36,171,000","19,089,000","22,335,000","23,309,000","28,629,000","14,000,000","10,800,000","23,000,000","30,000,000","20,200,000","13,400,000","20,500,000","25,700,000","15,000,000","13,800,000","16,900,000","21,500,000","11,700,000","11,300,000","12,200,000","15,500,000","6,900,000","7,200,000","9,600,000","11,800,000","4,400,000","5,800,000","8,200,000","10,300,000","3,800,000","5,200,000","6,500,000","8,600,000","3,000,000","3,400,000","6,100,000","7,400,000","2,300,000","2,500,000","5,800,000","9,700,000","1,100,000","1,400,000","3,500,000","5,600,000","1,000,000","600,000","2,900,000","4,500,000","200,000","100,000","2,200,000","3,900,000","600,000","600,000","600,000","600,000","-5,600,000","3,000,000","6,600,000","7,200,000","5,600,000","5,200,000"
			NetIncomeDiscontinuousOperations,,,,,,,,,,,,,,,,,,,,,,,,,,,,,,,,,,,,,,,,,,,,,,,,,,"0","0","0","0","6,002,000","-226,000",,,"51,000","-148,000","29,000","-64,000","-32,000","-84,000","-612,000","592,000","3,232,000","-1,160,000","109,822,000","5,007,000","-942,000","-905,000","1,187,000","383,000",,,,,,,,,,,,,,,,,,,,,,,,,,,,,,,,,,,,,,,,,,,,,,,,,,,,,,,,,,,,,,,,,"-600,000","-500,000","-500,000","-500,000",,,,,,
		MinorityInterests,"3,958,000","5,213,000","-1,024,000","-252,000","21,000","974,000","-2,813,000","-4,575,000","-2,423,000","-2,834,000","-3,680,000","-2,945,000","-3,230,000","-5,547,000","-3,135,000","-4,659,000","-4,837,000","-5,426,000","-4,117,000","-4,994,000","-4,472,000","-4,530,000","-5,400,000","-9,872,000","-24,960,000","-17,568,000","-13,367,000","-19,211,000","-20,024,000","-17,695,000","-13,241,000","-14,943,000","-13,774,000","-8,665,000","-8,512,000","-15,962,000","-10,151,000","-12,199,000","-9,556,000","-9,883,000","-13,963,000","-12,736,000","-9,788,000","-12,385,000","-15,794,000","-13,634,000","-10,192,000","-10,843,000","-10,943,000","-8,317,000","-7,980,000","-13,084,000","14,493,000",,"-9,316,000","-11,427,000","-13,279,000","-10,710,000","-9,784,000","-8,675,000","-14,192,000","-8,621,000","-14,948,000","-11,492,000","-11,177,000","-5,786,000","-4,014,000","-7,926,000","-9,556,000","-3,421,000","-5,649,000","-6,260,000","-4,919,000","-2,244,000","-7,476,000","-8,530,000","-5,030,000","-4,173,000","-4,924,000","-4,688,000","-5,873,000","-6,194,000","-3,700,000","-3,699,000","-3,925,000","-3,995,000","-3,172,000","-3,371,000","-3,143,000","-100,000","600,000","-2,800,000","-4,000,000","-2,400,000","-1,400,000","-3,500,000","-1,700,000",,,,,,,,,,,,,,,,,,,,,,,,,,,,,,,,,,,,,,,,,,,,,,,,,,
	PreferredStockDividends,,,,,,,,,,,,,,,,,,,"81,000",,,,,,,,,,,,,,,,,,,,,,,,,,,,,,,,,,,,,,,,,,,,,,,,,,,,,,,,,,,,,,,,,,,,,,,,,,,,,,,,,,,,,,,,,,,,,,,,,,,,,,,,,,,,,,,,,,,,,,,,,,,,,,,,
	OtherunderPreferredStockDividend,"2,059,000","450,000","396,000","661,000","552,000","994,000","790,000","824,000","373,000","614,000","243,000","656,000","515,000","278,000","317,000","392,000","104,000","105,000","81,000","82,000","94,000","72,000","69,000","84,000","89,000","60,000","82,000","71,000","68,000","72,000","17,000","77,000","70,000","94,000","43,000","88,000","69,000","118,000","85,000","126,000","168,000",,,,,,,,,,,,,,"10,000",,,,,,,,,,,,,,,,,,,,,,,,,,,,,,,,,,,,,,,,,,,,,,,,,,,,,,,,,,,,,,,,,,,,,,,,,,,,,,,,,,,,,,,,,,,,
DilutedNIAvailtoComStockholders,"989,531,000","238,674,000","217,955,000","324,363,000","208,539,000","307,714,000","240,489,000","251,105,000","141,664,000","244,562,000","96,947,000","237,664,000","233,653,000","157,797,000","171,429,000","225,660,000","223,728,000","219,504,000","141,164,000","185,312,000","205,961,000","174,136,000","151,796,000","185,493,000","190,670,000","173,689,000","150,205,000","182,122,000","174,231,000","172,725,000","82,780,000","151,594,000","138,008,000","124,427,000","114,544,000","151,753,000","119,715,000","135,343,000","71,732,000","107,435,000","128,439,000","95,271,000","85,054,000","103,649,000","114,193,000","37,182,000","55,610,000","65,572,000","71,819,000","60,865,000","51,074,000","93,977,000","67,541,000","46,516,000","36,987,000","54,240,000","61,663,000","39,954,000","28,854,000","52,071,000","49,508,000","34,170,000","113,945,000","60,259,000","51,084,000","12,274,000","8,319,000","146,454,000","61,409,000","37,174,000","37,845,000","48,289,000","46,183,000","46,468,000","49,061,000","50,950,000","52,790,000","43,890,000","41,451,000","44,347,000","45,673,000","927,000","30,254,000","32,390,000","36,171,000","19,089,000","22,335,000","23,309,000","28,629,000","14,000,000","10,800,000","23,000,000","30,000,000","20,200,000","13,400,000","20,500,000","25,700,000","15,000,000","13,800,000","16,900,000","21,500,000","11,700,000","11,300,000","12,200,000","15,500,000","6,900,000","7,200,000","9,600,000","11,800,000","4,400,000","5,800,000","8,200,000","10,300,000","3,800,000","5,200,000","6,500,000","8,600,000","3,000,000","3,400,000","6,100,000","7,400,000","2,300,000","2,500,000","5,800,000","9,700,000","1,100,000","1,400,000","3,500,000",,,,,,,,,,,,,,,,,,,
BasicEPS,,"3.03","2.65","3.85","2.46","3.63","2.84","2.97","1.64","2.81","1.1","2.67","2.57","1.71","1.85","2.4","2.37","2.32","1.48","1.93","2.13","1.8","1.56","1.91","1.95","1.76","1.52","1.84","1.76","1.75","0.84","1.53","1.4",,"1.17","1.55","1.23",,"0.74","1.11","1.33",,"0.87","1.06","1.17",,"0.57","0.68","0.74",,"0.52","0.825","0.685",,"0.365","0.535","0.6",,"0.27","0.485","0.465",,"1.005","0.56","0.475",,"0.075","1.405","0.535",,"0.325","0.42","0.4",,"0.43","0.44","0.455",,"0.345","0.37","0.38",,"0.25","0.27","0.303",,"0.188","0.193","0.235",,"0.085","0.183","0.235",,"0.103","0.158","0.198",,"0.108","0.13","0.168",,"0.088","0.108","0.14",,"0.065","0.085","0.108",,"0.053","0.073","0.09",,"0.048","0.058","0.075",,"0.033","0.055","0.065",,"0.025","0.053","0.083",,"0.015","0.033","0.048",,"0.008","0.025","0.038",,"0.003","0.02","0.033",,"0","0","0",,"0.023","0.043","0.048",,"0.04"
DilutedEPS,,"3","2.6","3.79","2.43","3.6","2.82","2.95","1.64","2.79","1.1","2.66","2.57","1.7","1.84","2.39","2.36","2.31","1.47","1.91","2.12","1.78","1.54","1.89","1.93","1.74","1.48","1.8","1.73","1.71","0.82","1.51","1.38",,"1.15","1.53","1.21",,"0.73","1.1","1.31",,"0.86","1.04","1.15",,"0.57","0.67","0.73",,"0.515","0.82","0.685",,"0.365","0.535","0.6",,"0.27","0.485","0.46",,"1","0.52","0.44",,"0.075","1.265","0.495",,"0.31","0.39","0.37",,"0.395","0.41","0.42",,"0.325","0.345","0.355",,"0.24","0.255","0.285",,"0.18","0.19","0.23",,"0.085","0.178","0.23",,"0.1","0.153","0.193",,"0.105","0.128","0.163",,"0.085","0.105","0.135",,"0.065","0.085","0.108",,"0.053","0.073","0.09",,"0.048","0.058","0.075",,"0.033","0.055","0.065",,"0.025","0.053","0.083",,"0.015","0.033","0.048",,"0.008","0.025","0.038",,"0.003","0.02","0.033",,"0","0","0",,"0.023","0.043","0.048",,"0.04"
BasicAverageShares,,"78,808,000","82,262,000","84,224,000","84,782,000","84,728,000","84,672,000","84,632,000","86,212,000","87,184,000","87,952,000","89,136,000","90,776,000","92,187,000","92,849,000","93,842,000","94,226,000","94,530,000","95,246,000","96,247,000","96,585,000","96,998,000","97,118,000","97,109,000","97,607,000","98,416,000","98,858,000","99,004,000","98,910,000","98,808,000","99,052,000","98,872,000","98,572,000",,"98,151,000","98,033,000","97,711,000",,"96,817,000","96,691,000","96,593,000",,"97,397,000","97,563,000","97,381,000",,"96,777,000","96,703,000","96,539,000",,"97,774,000","97,700,000","98,412,000",,"101,088,000","101,258,000","102,526,000",,"106,962,000","106,998,000","106,986,000",,"113,588,000","107,460,000","107,536,000",,"109,364,000","112,850,000","115,046,000",,"115,582,000","115,244,000","115,128,000",,"114,708,000","115,310,000","116,554,000",,"119,766,000","119,868,000","119,724,000",,"119,842,000","119,836,000","119,656,000",,"119,572,000","120,476,000","122,364,000",,"127,058,824","126,027,397","127,659,574",,"130,731,707","130,158,730","130,126,582",,"128,372,093","130,000,000","128,358,209",,"129,142,857","113,488,372","110,714,286",,"110,769,231","112,941,176","109,767,442",,"110,476,190","113,103,448","114,444,444",,"109,473,684","113,043,478","114,666,667",,"104,615,385","110,909,091","113,846,154",,"100,000,000","110,476,190","117,575,758",,"93,333,333","107,692,308","113,144,000",,"116,400,000","117,328,000","117,488,000",,"117,480,000","118,832,000","117,488,000",,"118,832,000","118,832,000","118,832,000",,"142,776,000","142,776,000","129,192,000",,"128,216,000"
DilutedAverageShares,,"79,675,000","83,673,000","85,624,000","85,796,000","85,587,000","85,247,000","85,059,000","86,455,000","87,603,000","88,355,000","89,235,000","90,967,000","92,706,000","93,330,000","94,281,000","94,683,000","94,909,000","95,977,000","97,042,000","97,372,000","97,915,000","98,321,000","98,389,000","98,895,000","100,043,000","101,159,000","100,927,000","100,647,000","100,751,000","101,033,000","100,235,000","100,157,000",,"99,587,000","99,211,000","98,571,000",,"97,611,000","97,729,000","97,791,000",,"98,598,000","99,258,000","98,868,000",,"97,935,000","98,054,000","97,450,000",,"98,504,000","98,104,000","98,412,000",,"101,522,000","101,620,000","102,672,000",,"107,258,000","107,456,000","107,372,000",,"114,002,000","119,974,000","121,012,000",,"110,296,000","127,296,000","128,832,000",,"129,820,000","129,946,000","130,174,000",,"129,680,000","129,884,000","131,192,000",,"134,350,000","134,508,000","134,096,000",,"134,834,000","134,448,000","134,296,000",,"135,376,000","124,556,000","124,473,913",,"127,058,824","129,577,465","130,434,783",,"134,000,000","134,426,230","133,506,494",,"131,428,571","132,549,020","132,307,692",,"132,941,176","116,190,476","114,814,815",,"110,769,231","112,941,176","109,767,442",,"110,476,190","113,103,448","114,444,444",,"109,473,684","113,043,478","114,666,667",,"104,615,385","110,909,091","113,846,154",,"100,000,000","110,476,190","117,575,758",,"93,333,333","107,692,308","113,144,000",,"116,400,000","117,328,000","117,488,000",,"117,480,000","118,832,000","117,488,000",,"118,832,000","118,832,000","118,832,000",,"142,776,000","142,776,000","129,192,000",,"128,216,000"
TotalOperatingIncomeAsReported,"1,363,094,000","313,649,000","314,808,000","438,968,000","295,669,000","413,959,000","349,670,000","358,031,000","236,694,000","340,979,000","188,929,000","345,563,000","340,437,000","259,822,000","257,164,000","324,462,000","333,814,000","338,744,000","257,310,000","330,191,000","353,933,000","314,230,000","277,569,000","333,288,000","356,324,000","321,792,000","275,157,000","335,392,000","327,054,000","322,286,000","176,611,000","293,432,000","270,976,000","242,601,000","224,886,000","304,054,000","243,922,000","274,509,000","168,712,000","230,332,000","269,028,000","208,950,000","195,528,000","232,237,000","260,413,000","130,716,000","104,684,000","129,749,000","140,548,000","118,862,000","101,877,000","163,043,000","136,750,000","88,232,000","82,494,000","113,531,000","127,031,000","88,591,000","66,505,000","108,008,000","107,166,000","71,837,000","70,493,000","95,765,000","85,174,000","62,988,000","72,614,000","73,406,000","111,039,000","76,190,000","77,707,000","91,960,000","88,576,000","85,115,000","86,490,000","99,258,000","101,601,000","80,534,000","79,049,000","83,162,000","86,768,000","63,482,000","61,173,000","65,067,000","70,731,000","50,434,000","45,338,000","46,986,000","54,719,000","34,400,000","22,600,000","46,300,000","58,200,000","40,100,000","28,900,000","42,300,000","47,900,000","28,100,000","26,400,000","31,800,000","39,000,000","28,600,000","22,800,000","25,200,000","28,800,000","24,400,000","14,600,000","15,900,000","20,900,000","8,800,000","11,100,000","14,700,000","18,600,000","6,500,000","9,500,000","11,900,000","15,800,000","7,800,000","8,300,000","13,000,000","22,900,000","1,800,000","7,000,000","12,400,000","16,900,000","7,100,000","7,800,000","11,200,000",,,,,,,,,,,,,,,,,,,
RentExpenseSupplemental,"118,863,000","30,015,000","28,375,000","29,149,000","31,324,000","31,092,000","28,488,000","28,186,000","28,293,000","27,489,000","27,660,000","26,535,000","26,125,000","26,162,000","26,110,000","27,119,000","26,703,000","25,714,000","26,197,000","26,027,000","25,189,000","24,267,000","23,799,000","24,806,000","24,452,000","24,342,000","24,544,000","23,196,000","22,891,000","23,337,000","23,860,000","23,458,000","23,338,000","25,107,000","23,904,000","24,082,000","24,665,000","23,979,000","23,481,000","24,003,000","23,862,000","22,182,000","23,076,000","23,339,000","23,168,000","22,413,000","18,429,000","18,185,000","17,934,000","18,035,000","17,253,000","17,587,000","17,072,000","16,861,000","17,600,000",,,,,,,,,,,,,,,,,,,,,,,,,,,,,,,,,,,,,,,,,,,,,,,,,,,,,,,,,,,,,,,,,,,,,,,,,,,,,,,,,,,,,,,,,,,,
TotalExpenses,"11,279,023,000","2,961,602,000","2,841,191,000","2,758,912,000","2,717,318,000","2,672,976,000","2,562,871,000","2,371,723,000","2,592,973,000","2,555,268,000","2,633,524,000","2,509,605,000","2,463,954,000","2,494,674,000","2,391,749,000","2,356,891,000","2,353,702,000","2,304,043,000","2,284,554,000","2,282,165,000","2,258,925,000","2,166,794,000","2,132,303,000","2,097,567,000","2,093,474,000","2,007,511,000","1,952,854,000","1,941,207,000","1,898,299,000","1,809,168,000","1,806,401,000","1,728,563,000","1,649,620,000","1,591,326,000","1,614,631,000","1,531,004,000","1,592,422,000","1,507,950,000","1,493,022,000","1,499,471,000","1,556,261,000","1,629,824,000","1,653,134,000","1,669,997,000","1,650,115,000","1,428,737,000","1,218,580,000","1,208,566,000","1,206,605,000","1,172,349,000","1,193,232,000","1,140,597,000","1,175,669,000","1,149,170,000","1,161,968,000","1,165,161,000","1,170,684,000","1,105,620,000","1,113,712,000","1,070,968,000","1,090,435,000","994,044,000","972,964,000","951,908,000","949,115,000","904,187,000","898,158,000","917,482,000","979,942,000","813,098,000","935,161,000","926,740,000","946,906,000","864,357,000","809,842,000","803,696,000","796,207,000","754,944,000","734,055,000","722,783,000","717,603,000","660,680,000","659,611,000","653,529,000","606,218,000","564,388,000","516,452,000","477,842,000","486,285,000","485,000,000","467,200,000","466,800,000","461,900,000","440,600,000","427,200,000","432,300,000","415,200,000","368,200,000","336,000,000","312,000,000","301,200,000","299,500,000","280,700,000","261,800,000","242,800,000","237,700,000","219,500,000","198,300,000","199,800,000","195,300,000","180,400,000","177,500,000","175,800,000","185,900,000","176,800,000","175,600,000","179,500,000","173,200,000","165,400,000","161,400,000","179,100,000","172,200,000","159,400,000","156,300,000","161,900,000","151,800,000","142,300,000","140,300,000",,,,,,,,,,,,,,,,,,,
NetIncomeFromContinuingAndDiscontinuedOperation,"991,590,000","239,124,000","218,351,000","325,024,000","209,091,000","308,708,000","241,279,000","251,929,000","142,037,000","245,176,000","97,190,000","238,320,000","234,168,000","158,075,000","171,746,000","226,052,000","223,832,000","219,609,000","141,245,000","185,394,000","206,055,000","174,208,000","151,865,000","185,577,000","190,759,000","173,749,000","150,287,000","182,193,000","174,299,000","172,797,000","82,797,000","151,671,000","138,078,000","124,521,000","114,587,000","151,841,000","119,784,000","135,461,000","71,817,000","107,561,000","128,607,000","95,271,000","85,054,000","103,649,000","114,193,000","37,182,000","55,610,000","65,572,000","71,819,000","60,865,000","51,074,000","93,977,000","67,541,000","46,477,000","36,997,000","54,240,000","61,663,000","39,954,000","28,854,000","52,071,000","49,508,000","34,170,000","113,945,000","60,259,000","51,084,000","12,274,000","8,319,000","146,454,000","61,409,000","37,174,000","37,845,000","48,289,000","46,183,000","46,468,000","49,061,000","50,950,000","52,790,000","43,890,000","41,451,000","44,347,000","45,673,000","1,935,000","30,254,000","32,390,000","36,171,000","19,089,000","22,335,000","23,309,000","28,629,000","14,000,000","10,800,000","23,000,000","30,000,000","20,200,000","13,400,000","20,500,000","25,700,000","15,000,000","13,800,000","16,900,000","21,500,000","11,700,000","11,300,000","12,200,000","15,500,000","6,900,000","7,200,000","9,600,000","11,800,000","4,400,000","5,800,000","8,200,000","10,300,000","3,800,000","5,200,000","6,500,000","8,600,000","3,000,000","3,400,000","6,100,000","7,400,000","2,300,000","2,500,000","5,800,000","9,700,000","1,100,000","1,400,000","3,500,000",,,,,,,,,,,,,,,,,,,
NormalizedIncome,"991,590,000","239,124,000","218,351,000","325,024,000","209,091,000","308,708,000","241,279,000","251,929,000","142,037,000","245,176,000","97,190,000","237,966,144","231,809,856","156,085,034.678","170,244,416","224,884,610","223,284,652","219,658,186.675","141,407,360","185,894,116.981","206,926,198","175,403,618.65","153,240,586","186,990,195","192,256,540","175,304,863.155","151,370,720","183,523,960","177,011,792","175,889,391.973","110,069,315","154,757,325","141,113,172","127,660,193.981","117,688,706","154,855,287","122,761,338","138,489,536.993","94,592,611.222","110,926,203.205","131,914,766.623","95,271,000","85,054,000","103,649,000","114,193,000","37,182,000","55,610,000","65,572,000","71,819,000","60,865,000","51,074,000","93,977,000","67,541,000","40,475,000","37,223,000","54,240,000","61,663,000","39,602,160.756","29,056,348.096","52,687,983.88","49,305,969.437","33,801,537.505","31,344,287.054","47,319,344.744","40,883,664.453","34,836,614.401","39,277,540.573","36,632,000","56,402,000","38,116,000","38,750,000","47,102,000","45,800,000","45,274,254.396","44,146,496.996","50,950,000","52,786,216.765","42,477,317.326","41,612,401.228","44,504,586.525","45,524,902.141","37,629,606.545","30,322,760.538","32,373,451.108","37,077,769.092","19,089,000","22,335,000","23,309,000","28,629,000","14,000,000","10,800,000","23,000,000","30,000,000","20,200,000","13,400,000","20,500,000","25,700,000","15,000,000","13,800,000","16,900,000","21,500,000","11,700,000","11,300,000","12,200,000","15,500,000","6,900,000","7,200,000","9,600,000","11,800,000","4,400,000","5,800,000","8,200,000","10,300,000","3,800,000","5,200,000","6,500,000","8,600,000","3,000,000","3,400,000","6,100,000","7,400,000","2,240,000","2,440,000","5,738,947.368","9,623,015.873","1,035,294.118","1,400,000","3,500,000",,,,,,,,,,,,,,,,,,,
InterestIncome,"1,596,000","116,000","166,000","410,000","904,000","1,937,000","520,000","317,000","30,000","86,000","65,000","49,000","269,000","846,000","36,000","546,000","103,000","39,000","17,000","12,000","13,000","82,000","25,000","13,000","30,000","264,000","5,000","5,000","5,000","86,000","441,000","5,000","5,000","1,041,000","4,686,000","18,000","9,000","15,000","21,000","20,000","29,000",,,"42,000","44,000",,,"53,000","1,679,000",,,,,,,,,,,,,,,,,,,,,,,,,,,,,,,,,,,,,,,,,,,,,,,,,,,,,,,,,,,,,,,,,,,,,,,,,,,,,,,,,,,,,,,,,,,,,,,,,,
InterestExpense,"80,958,000","18,228,000","20,278,000","20,683,000","21,769,000","20,750,000","23,790,000","24,512,000","35,099,000","37,965,000","40,230,000","41,714,000","41,575,000","40,829,000","39,268,000","37,832,000","36,141,000","34,517,000","34,488,000","32,934,000","31,976,000","28,859,000","27,787,000","26,395,000","25,581,000","24,671,000","23,732,000","23,899,000","24,131,000","24,821,000","24,573,000","25,069,000","25,249,000","26,384,000","26,693,000","28,028,000","29,814,000","30,887,000","32,743,000","33,334,000","34,304,000","46,115,000","48,452,000","49,850,000","56,461,000","41,859,000","11,478,000","12,330,000","14,056,000","10,513,000","10,780,000","11,879,000","12,638,000","13,924,000","13,419,000",,,,,"13,040,000",,"10,974,000",,,,"8,403,000",,"7,450,000",,,,,"10,911,000","10,394,000","8,615,000",,,,,"8,153,000",,,,,,"8,427,000",,,,,,,,,"7,100,000",,,,,,,,"5,200,000",,,,,,,,,,,,,,"2,600,000",,,,,,,,,,,"5,700,000",,,,,,,,,,,,,,,,,,,
NetInterestIncome,"-83,672,000","-19,217,000","-21,199,000","-21,299,000","-21,957,000","-19,886,000","-24,575,000","-25,473,000","-36,351,000","-39,159,000","-41,447,000","-42,943,000","-42,584,000","-42,397,000","-41,474,000","-39,526,000","-38,285,000","-36,720,000","-36,710,000","-35,147,000","-34,189,000","-31,000,000","-29,983,000","-28,251,000","-27,331,000","-26,259,000","-25,488,000","-25,652,000","-25,889,000","-26,500,000","-27,293,000","-30,302,000","-30,480,000","-30,765,000","-27,460,000","-33,459,000","-35,264,000","-36,326,000","-39,809,000","-40,603,000","-41,552,000","-46,115,000","-48,452,000","-49,808,000","-56,417,000","-41,468,000","-11,478,000","-12,277,000","-12,377,000","-10,513,000","-10,780,000","-11,879,000","-12,638,000","-13,060,000","-13,419,000",,,,,"-13,040,000",,"-9,196,000",,,,"-8,403,000",,"-7,450,000",,,,,"-10,911,000","-10,394,000","-8,615,000",,,,,"-8,153,000",,,,,,"-8,427,000",,,,,,,,,"-7,100,000",,,,,,,,"-5,200,000",,,,,,,,,,,,,,"-2,600,000",,,,,,,,,,,"-5,700,000",,,,,,,,,,,,,,,,,,,
EBIT,"1,374,271,000","324,976,000","307,168,000","447,481,000","294,646,000","423,128,000","347,054,000","360,170,000","225,882,000","359,123,000","178,305,000","352,522,000","337,871,000","248,279,000","268,335,000","339,602,000","332,379,000","336,475,000","254,842,000","327,205,000","350,402,000","310,207,000","273,227,000","329,241,000","352,305,000","317,820,000","271,759,000","331,607,000","321,148,000","315,882,000","169,051,000","283,414,000","261,032,000","233,342,000","219,265,000","293,846,000","233,798,000","264,283,000","156,248,000","217,778,000","256,622,000","208,950,000","195,528,000","232,279,000","260,457,000","131,107,000","104,684,000","129,802,000","142,227,000","118,862,000","101,877,000","163,043,000","136,750,000","82,425,000","73,178,000","113,531,000","127,031,000","88,591,000","66,505,000","108,008,000","107,166,000","71,837,000","70,493,000","95,765,000","85,174,000","62,988,000","72,614,000","73,406,000","111,039,000","76,190,000","77,707,000","91,960,000","88,576,000","85,115,000","86,490,000","99,258,000","101,601,000","80,534,000","79,049,000","83,162,000","86,768,000","63,482,000","61,173,000","65,067,000","70,731,000","50,434,000","45,338,000","46,986,000","54,719,000","34,400,000","22,600,000","46,300,000","58,200,000","40,100,000","28,900,000","42,300,000","47,900,000","28,100,000","26,400,000","31,800,000","39,000,000","28,600,000","22,800,000","25,200,000","28,800,000","24,400,000","14,600,000","15,900,000","20,900,000","8,800,000","11,100,000","14,700,000","18,600,000","6,500,000","9,500,000","11,900,000","15,800,000","7,800,000","8,300,000","13,000,000","22,900,000","1,800,000","7,000,000","12,400,000","16,900,000","7,100,000","7,800,000","11,200,000","166,500,000","-401,700,000","140,200,000","147,000,000","153,500,000","-374,000,000","133,900,000","137,200,000","145,900,000","-329,700,000","129,000,000","128,900,000","128,900,000","-424,400,000","158,200,000","166,500,000","166,500,000","-218,000,000","92,600,000"
EBITDA,"1,907,484,000"
ReconciledCostOfRevenue,"1,427,134,000","374,157,000","367,834,000","338,033,000","347,110,000","351,324,000","335,409,000","283,572,000","317,827,000","324,090,000","313,936,000","305,857,000","307,463,000","300,792,000","285,201,000","289,732,000","292,898,000","284,736,000","268,089,000","274,539,000","277,614,000","263,872,000","257,793,000","254,422,000","255,250,000","252,109,000","242,259,000","240,979,000","238,741,000","233,413,000","222,708,000","223,774,000","215,798,000","207,107,000","206,995,000","202,272,000","204,531,000","204,267,000","189,841,000","196,295,000","209,532,000","1,057,261,000","1,048,542,000","205,405,000","1,052,859,000","897,127,000","752,766,000","0","762,742,000","740,150,000","729,896,000","718,362,000","715,263,000","170,267,000","169,876,000","713,355,000","732,277,000","687,998,000","673,278,000","667,825,000","686,332,000","617,931,000","606,043,000","559,570,000","570,745,000","536,024,000","512,912,000","531,757,000","585,662,000","481,477,000","553,703,000","553,712,000","564,766,000","353,300,000","333,321,000","333,172,000","324,647,000","247,917,000","323,331,000","302,153,000","295,404,000","270,755,000","262,233,000","262,855,000","240,274,000","225,783,000","206,903,000","193,212,000","190,849,000","219,200,000","201,700,000","204,700,000","203,100,000","184,600,000","192,100,000","195,100,000","181,000,000","161,900,000","147,300,000","136,300,000","129,700,000","128,000,000","118,100,000","109,600,000","102,300,000","100,400,000","92,100,000","84,000,000","84,500,000","-179,000,000","161,000,000","158,700,000","157,400,000","165,400,000","158,500,000","157,900,000","162,100,000","154,600,000","148,200,000","144,500,000","148,700,000","154,200,000","142,100,000","139,200,000","144,900,000","142,000,000","132,600,000","130,800,000",,,,,,,,,,,,,,,,,,,
ReconciledDepreciation,"533,213,000","133,363,000","134,462,000","133,985,000","131,403,000","133,930,000","125,961,000","126,208,000","124,394,000","127,656,000","121,528,000","121,168,000","120,040,000","118,074,000","112,286,000","109,582,000","113,134,000","113,756,000","110,217,000","113,112,000","110,798,000","107,436,000","103,712,000","101,411,000","104,049,000","102,921,000","99,442,000","97,257,000","98,998,000","98,118,000","93,456,000","90,691,000","93,359,000","88,708,000","86,971,000","81,754,000","79,923,000","81,049,000","78,938,000","74,883,000","73,820,000","75,653,000","75,259,000","73,423,000","71,526,000","60,931,000","55,530,000","54,025,000","53,511,000","51,279,000","51,205,000","51,084,000","51,135,000","51,055,000","49,332,000","48,009,000","47,370,000","47,864,000","46,529,000","45,406,000","43,482,000","43,334,000","40,961,000","40,369,000","39,030,000","39,251,000","38,705,000","40,252,000","45,506,000","42,270,000","43,007,000","40,694,000","40,706,000","38,617,000","35,799,000","35,513,000","34,537,000","34,350,000","30,136,000","30,900,000","29,408,000","32,893,000","32,587,000","32,248,000","29,795,000","28,531,000","28,475,000","28,159,000","27,644,000","27,400,000","26,700,000","27,200,000","27,000,000","27,500,000","27,200,000","26,300,000","24,400,000","21,800,000","20,100,000","19,800,000","19,000,000","21,200,000","19,200,000","16,700,000","14,800,000","15,100,000","13,200,000","11,800,000","11,300,000","11,300,000","10,900,000","10,300,000","9,900,000","11,400,000","9,900,000","9,200,000","9,100,000","9,700,000","8,700,000","8,800,000","21,900,000","9,300,000","8,700,000","8,500,000","8,500,000","9,800,000","9,700,000","9,500,000",,,,,,,,,,,,,,,,,,,
NetIncomeFromContinuingOperationNetMinorityInterest,"991,590,000","239,124,000","218,351,000","325,024,000","209,091,000","308,708,000","241,279,000","251,929,000","142,037,000","245,176,000","97,190,000","238,320,000","234,168,000","158,075,000","171,746,000","226,052,000","223,832,000","219,609,000","141,245,000","185,394,000","206,055,000","174,208,000","151,865,000","185,577,000","190,759,000","173,749,000","150,287,000","182,193,000","174,299,000","172,797,000","82,797,000","151,671,000","138,078,000","124,521,000","114,587,000","151,841,000","119,784,000","135,461,000","71,817,000","107,561,000","128,607,000","95,271,000","85,054,000","103,649,000","114,193,000","37,182,000","55,610,000","65,572,000","71,819,000","60,865,000","51,074,000","93,977,000","67,541,000","40,475,000","37,223,000","54,240,000","61,663,000","39,903,000","29,002,000","52,042,000","49,572,000","34,202,000","114,029,000","60,871,000","50,492,000","9,042,000","9,479,000","36,632,000","56,402,000","38,116,000","38,750,000","47,102,000","45,800,000","46,468,000","49,061,000","50,950,000","52,790,000","43,890,000","41,451,000","44,347,000","45,673,000","1,935,000","30,254,000","32,390,000","36,171,000","19,089,000","22,335,000","23,309,000","28,629,000","14,000,000","10,800,000","23,000,000","30,000,000","20,200,000","13,400,000","20,500,000","25,700,000","15,000,000","13,800,000","16,900,000","21,500,000","11,700,000","11,300,000","12,200,000","15,500,000","6,900,000","7,200,000","9,600,000","11,800,000","4,400,000","5,800,000","8,200,000","10,300,000","3,800,000","5,200,000","6,500,000","8,600,000","3,000,000","3,400,000","6,100,000","7,400,000","2,300,000","2,500,000","5,800,000","9,700,000","1,100,000","1,400,000","3,500,000",,,,,,,,,,,,,,,,,,,
TotalUnusualItemsExcludingGoodwill,"5,923,000",,,,,,,,,"0",,"456,000","2,944,000","2,523,000","1,968,000","1,526,000","709,000","-66,000","-246,000","-773,000","-1,318,000","-1,882,000","-2,146,000","-2,191,000","-2,269,000","-2,384,000","-1,642,000","-2,032,000","-4,148,000","-4,725,000","-41,011,000","-4,785,000","-4,713,000","-4,878,000","-4,854,000","-4,777,000","-4,674,000","-4,787,000","-34,568,000","-5,285,000","-5,158,000",,,,,,,,,,,,,,"0",,,"493,000","-82,000","-1,058,000","433,000","640,000","130,328,000","21,644,000","15,387,000","-36,133,000","-47,186,000",,,,,,,"1,911,000","7,837,000",,"6,000","2,232,000","-255,000","-249,000","234,000","-47,353,000","-108,000","26,000","-1,427,000",,,,,,,,,,,,,,,,,,,,,,,,,,,,,,,,,,,,,"100,000","100,000","100,000","100,000","100,000",,,,,,,,,,,,,,,,,,,,,
TotalUnusualItems,"5,923,000",,,,,,,,,"0",,"456,000","2,944,000","2,523,000","1,968,000","1,526,000","709,000","-66,000","-246,000","-773,000","-1,318,000","-1,882,000","-2,146,000","-2,191,000","-2,269,000","-2,384,000","-1,642,000","-2,032,000","-4,148,000","-4,725,000","-41,011,000","-4,785,000","-4,713,000","-4,878,000","-4,854,000","-4,777,000","-4,674,000","-4,787,000","-34,568,000","-5,285,000","-5,158,000",,,,,,,,,,,,,,"0",,,"493,000","-82,000","-1,058,000","433,000","640,000","130,328,000","21,644,000","15,387,000","-36,133,000","-47,186,000",,,,,,,"1,911,000","7,837,000",,"6,000","2,232,000","-255,000","-249,000","234,000","-47,353,000","-108,000","26,000","-1,427,000",,,,,,,,,,,,,,,,,,,,,,,,,,,,,,,,,,,,,"100,000","100,000","100,000","100,000","100,000",,,,,,,,,,,,,,,,,,,,,
NormalizedEBITDA,"1,907,484,000","458,339,000","441,630,000","581,466,000","426,049,000","557,058,000","473,015,000","486,378,000","350,276,000","486,779,000","299,833,000","473,234,000","454,967,000","363,831,000","378,653,000","447,658,000","444,804,000","450,297,000","365,305,000","441,090,000","462,518,000","419,525,000","379,085,000","432,843,000","458,623,000","423,125,000","372,843,000","430,896,000","424,294,000","418,725,000","303,518,000","378,890,000","359,104,000","326,928,000","311,090,000","380,377,000","318,395,000","350,119,000","269,754,000","297,946,000","335,600,000","284,603,000","270,787,000","305,702,000","331,983,000","192,038,000","160,214,000","183,827,000","195,738,000","170,141,000","153,082,000","214,128,000","187,885,000","133,516,000","122,510,000","161,540,000","174,401,000","135,962,000","113,135,000","154,472,000","150,215,000","114,531,000","-18,874,000","114,490,000","108,817,000","138,372,000","158,505,000","113,658,000","156,545,000","118,460,000","120,714,000","132,654,000","129,282,000","121,821,000","114,452,000","134,771,000","136,132,000","112,652,000","109,440,000","114,311,000","115,942,000","143,728,000","93,868,000","97,289,000","101,953,000","78,965,000","73,813,000","75,145,000","82,363,000","61,800,000","49,300,000","73,500,000","85,200,000","67,600,000","56,100,000","68,600,000","72,300,000","49,900,000","46,500,000","51,600,000","58,000,000","49,800,000","42,000,000","41,900,000","43,600,000","39,500,000","27,900,000","27,700,000","32,200,000","20,100,000","22,000,000","25,000,000","28,500,000","17,900,000","19,400,000","21,100,000","24,900,000","17,500,000","17,000,000","21,800,000","44,800,000","11,000,000","15,700,000","20,800,000","25,300,000","16,800,000","17,500,000","20,700,000","166,500,000","-401,700,000","140,200,000","147,000,000","153,500,000","-374,000,000","133,900,000","137,200,000","145,900,000","-329,700,000","129,000,000","128,900,000","128,900,000","-424,400,000","158,200,000","166,500,000","166,500,000","-218,000,000","92,600,000"
TaxRateForCalcs,"0.236","0.237","0.235","0.238","0.234","0.235","0.245","0.236","0.243","0.228","0.269","0.224","0.199","0.211","0.237","0.235","0.228","0.255","0.34","0.353","0.339","0.365","0.359","0.355","0.34","0.347","0.34","0.345","0.346","0.346","0.335","0.355","0.356","0.356","0.361","0.369","0.363","0.367","0.341","0.363","0.359","0.337","0.355","0.364","0.363","0.35","0.294","0.35","0.354","0.361","0.352","0.378","0.339","0.35","0.377","0.39","0.385","0.39","0.337","0.389","0.386","0.374","0.366","0.374","0.376","0.286","0.368","0.369","0.37","0.384","0.369","0.37","0.37","0.375","0.373","0.374","0.369","0.367","0.367","0.367","0.367","0.246","0.363","0.364","0.365","0.369","0.365","0.36","0.353","0.352","0.353","0.375","0.371","0.353","0.343","0.353","0.356","0.362","0.37","0.362","0.368","0.391","0.354","0.361","0.36","0.127","0.363","0.338","0.389","0.38","0.396","0.388","0.387","0.208","0.307","0.337","0.344","0.4","0.4","0.39","0.4","0.4","0.4","0.389","0.23","0.353","0.364","0.375",,,,,,,,,,,,,,,,,,,
TaxEffectOfUnusualItems,"0","0","0","0","0","0","0","0","0","0","0","102,144","585,856","533,034.678","466,416","358,610","161,652","-16,813.325","-83,640","-272,883.019","-446,802","-686,381.35","-770,414","-777,805","-771,460","-828,136.845","-558,280","-701,040","-1,435,208","-1,632,608.027","-13,738,685","-1,698,675","-1,677,828","-1,738,806.019","-1,752,294","-1,762,713","-1,696,662","-1,758,463.007","-11,792,388.778","-1,919,796.795","-1,850,233.377","0","0","0","0","0","0","0","0","0","0","0","0","0","0","0","0","192,160.756","-27,651.904","-412,016.12","166,969.437","239,537.505","47,643,287.054","8,092,344.744","5,778,664.453","-10,338,385.599","-17,387,459.427","0","0","0","0","0","0","717,254.396","2,922,496.996","0","2,216.765","819,317.326","-93,598.772","-91,413.475","85,902.141","-11,658,393.455","-39,239.462","9,451.108","-520,230.908","0","0","0","0","0","0","0","0","0","0","0","0","0","0","0","0","0","0","0","0","0","0","0","0","0","0","0","0","0","0","0","0","0","0","0","0","40,000","40,000","38,947.368","23,015.873","35,294.118","0","0",,,,,,,,,,,,,,,,,,,