name,ttm,12/31/2021,09/30/2021,06/30/2021,03/31/2021,12/31/2020,09/30/2020,06/30/2020,03/31/2020,12/31/2019,09/30/2019,06/30/2019,03/31/2019,12/31/2018,09/30/2018,06/30/2018,03/31/2018,12/31/2017,09/30/2017,06/30/2017,03/31/2017,12/31/2016,09/30/2016,06/30/2016,03/31/2016,12/31/2015,09/30/2015,06/30/2015,03/31/2015,12/31/2014,09/30/2014,06/30/2014,03/31/2014,12/31/2013,09/30/2013,06/30/2013,03/31/2013,12/31/2012,09/30/2012,06/30/2012,03/31/2012,12/31/2011,09/30/2011,06/30/2011,03/31/2011,12/31/2010,09/30/2010,06/30/2010,03/31/2010,12/31/2009,09/30/2009,06/30/2009,03/31/2009,12/31/2008,09/30/2008,06/30/2008,03/31/2008,12/31/2007,09/30/2007,06/30/2007,03/31/2007,12/31/2006,09/30/2006,06/30/2006,03/31/2006,12/31/2005,09/30/2005,06/30/2005,03/31/2005,12/31/2004,09/30/2004,06/30/2004,03/31/2004,12/31/2003,09/30/2003,06/30/2003,03/31/2003,12/31/2002,09/30/2002,06/30/2002,03/31/2002,12/31/2001,09/30/2001,06/30/2001,03/31/2001,12/31/2000,09/30/2000,06/30/2000,03/31/2000,12/31/1999,09/30/1999,06/30/1999,03/31/1999,12/31/1998,09/30/1998,06/30/1998,03/31/1998,12/31/1997,09/30/1997,06/30/1997,03/31/1997,12/31/1996,09/30/1996,06/30/1996,03/31/1996,12/31/1995,09/30/1995,06/30/1995,03/31/1995,12/31/1994,09/30/1994,06/30/1994,03/31/1994,12/31/1993,09/30/1993,06/30/1993,03/31/1993,12/31/1992,09/30/1992,06/30/1992,03/31/1992,12/31/1991,09/30/1991,06/30/1991,03/31/1991,12/31/1990,09/30/1990,06/30/1990,03/31/1990,12/31/1989,09/30/1989,06/30/1989,03/31/1989,12/31/1988,09/30/1988,06/30/1988,03/31/1988,12/31/1987,09/30/1987,06/30/1987,03/31/1987,12/31/1986,09/30/1986,06/30/1986,03/31/1986,12/31/1985,09/30/1985
TotalRevenue,"285,273,000,000","72,930,000,000","71,834,000,000","70,765,000,000","69,744,000,000","65,022,000,000","64,764,000,000","61,797,000,000","64,056,000,000","60,468,000,000","59,885,000,000","60,013,000,000","59,903,000,000","58,076,000,000","56,174,000,000","55,731,000,000","54,890,000,000","51,763,000,000","50,075,000,000","49,797,000,000","48,501,000,000","47,274,000,000","46,102,000,000","46,292,000,000","44,344,000,000","43,419,000,000","41,319,000,000","36,049,000,000","35,610,000,000","33,267,000,000","32,587,000,000","32,324,000,000","31,517,000,000","30,933,000,000","30,461,000,000","30,213,000,000","30,137,000,000","28,584,000,000","27,157,000,000","27,087,000,000","27,110,000,000","25,774,000,000","25,110,000,000","25,074,000,000","25,250,000,000","23,421,000,000","23,668,000,000","23,264,000,000","23,193,000,000","21,784,000,000","21,695,000,000","21,655,000,000","22,004,000,000","19,683,000,000","20,156,000,000","20,272,000,000","20,304,000,000","18,705,000,000","18,679,000,000","19,000,000,000","19,047,000,000","17,257,000,000","17,970,000,000","17,863,000,000","17,586,000,000","11,546,000,000","11,322,000,000","11,111,000,000","10,887,000,000","10,123,000,000","9,859,000,000","8,704,000,000","8,144,000,000","7,266,000,000","7,238,000,000","7,087,000,000","6,975,000,000","6,682,000,000","6,247,000,000","6,078,000,000","6,013,000,000","6,020,000,000","5,941,000,000","5,813,000,000","5,680,000,000","5,434,000,000","5,369,000,000","5,220,000,000","5,099,000,000","4,992,000,000","4,903,000,000","4,858,000,000","4,809,000,000","4,645,000,000","4,360,000,000","4,235,000,000","4,115,000,000","3,053,500,000","2,958,900,000","2,930,500,000","2,851,111,000","2,676,139,000","2,587,358,000","2,492,183,000","2,318,110,000","2,193,562,000","1,215,536,000","1,157,945,000","1,103,835,000","968,982,000","956,800,000","939,500,000","697,500,000","713,000,000","634,900,000","513,700,000","474,600,000","388,400,000","367,100,000","351,000,000","335,300,000","260,200,000","220,800,000","186,700,000","179,400,000","168,500,000","156,800,000","150,200,000","129,900,000","107,900,000","105,300,000","102,800,000","96,000,000","77,100,000","120,900,000","118,700,000","117,200,000","108,600,000","111,600,000","111,100,000","104,200,000","70,000,000","56,300,000","49,000,000","37,600,000","32,100,000","27,800,000"
	OperatingRevenue,"285,273,000,000","72,930,000,000","71,834,000,000","70,765,000,000","69,744,000,000","65,022,000,000","64,764,000,000","61,797,000,000","64,056,000,000","60,468,000,000","59,885,000,000","60,013,000,000","59,903,000,000","58,076,000,000","56,174,000,000","55,731,000,000","54,890,000,000","51,763,000,000","50,075,000,000","49,797,000,000","48,501,000,000","47,274,000,000","46,102,000,000","46,292,000,000","44,344,000,000","43,419,000,000","41,319,000,000","36,049,000,000","35,610,000,000","33,267,000,000","32,587,000,000","32,324,000,000","31,517,000,000","30,933,000,000","30,461,000,000","30,213,000,000","30,137,000,000","28,584,000,000","27,157,000,000","27,087,000,000","27,110,000,000","25,774,000,000","25,110,000,000","25,074,000,000","25,250,000,000","23,879,000,000","23,532,000,000","23,115,000,000","23,020,000,000","21,643,000,000","21,555,000,000","21,502,000,000","21,846,000,000","20,345,000,000","20,013,000,000","20,032,000,000","20,304,000,000","18,705,000,000","18,679,000,000","19,000,000,000","19,047,000,000","17,257,000,000","17,970,000,000","17,863,000,000","17,586,000,000","11,546,000,000","11,322,000,000","11,111,000,000","10,887,000,000","10,123,000,000","9,859,000,000","8,704,000,000","8,144,000,000","7,266,000,000","7,238,000,000","7,087,000,000","6,975,000,000","6,682,000,000","6,247,000,000","6,078,000,000","6,013,000,000","6,020,000,000","5,941,000,000","5,813,000,000","5,680,000,000","5,461,000,000","5,369,000,000","5,220,000,000","5,099,000,000","4,992,000,000","4,903,000,000","4,858,000,000","4,809,000,000","4,645,000,000","4,360,000,000","4,235,000,000","4,115,000,000","3,053,500,000","2,958,900,000","2,930,500,000","2,851,111,000","2,676,139,000","2,587,358,000","2,492,183,000","2,318,110,000","2,193,562,000","1,215,536,000","1,157,945,000","1,103,835,000","969,000,000","956,800,000","939,500,000","697,500,000","713,000,000","634,900,000","513,700,000","474,600,000","388,400,000","367,100,000","351,000,000","335,300,000","260,200,000","220,800,000","186,700,000","179,400,000","168,500,000","156,800,000","150,200,000","129,900,000","107,900,000","105,300,000","102,800,000","96,000,000","77,100,000","120,900,000","118,700,000","117,200,000","108,600,000","111,600,000","111,100,000","104,200,000","70,000,000","56,300,000","49,000,000","37,600,000","32,100,000","27,800,000"
CostOfRevenue,"217,945,000,000","56,159,000,000","55,104,000,000","54,206,000,000","52,476,000,000","49,704,000,000","49,571,000,000","42,179,000,000","48,687,000,000","45,787,000,000","45,668,000,000","46,782,000,000","46,320,000,000","44,580,000,000","42,876,000,000","42,898,000,000","42,047,000,000","39,686,000,000","38,269,000,000","38,438,000,000","37,755,000,000","36,004,000,000","35,165,000,000","35,978,000,000","34,307,000,000","34,437,000,000","31,718,000,000","27,137,000,000","26,789,000,000","24,442,000,000","24,047,000,000","24,452,000,000","24,100,000,000","23,261,000,000","22,775,000,000","22,842,000,000","23,251,000,000","21,445,000,000","20,098,000,000","20,633,000,000","20,573,000,000","19,244,000,000","19,017,000,000","19,132,000,000","19,324,000,000","7,638,000,000","21,276,000,000","21,114,000,000","20,929,000,000","19,951,000,000","19,769,000,000","19,966,000,000","20,102,000,000","15,430,000,000","15,330,000,000","15,610,000,000","15,469,000,000","13,762,000,000","13,706,000,000","14,125,000,000","14,610,000,000","13,414,000,000","13,520,000,000","13,553,000,000","13,373,000,000","8,624,000,000","8,138,000,000","8,061,000,000","7,902,000,000","7,625,000,000","7,180,000,000","6,326,000,000","5,869,000,000","5,381,000,000","5,174,000,000","5,109,000,000","5,050,000,000","4,830,000,000","4,509,000,000","4,418,000,000","4,435,000,000","8,458,000,000","4,465,000,000","4,394,000,000","4,306,000,000","4,155,000,000","4,105,000,000","3,992,000,000","3,903,000,000",,,,,,,,,,,,,,,,,,,,,"685,607,000","675,700,000","652,400,000","475,700,000","454,900,000","451,000,000","352,700,000","321,800,000","248,700,000","245,800,000","235,800,000","228,900,000","170,800,000","139,600,000","111,300,000","112,000,000","105,800,000","100,200,000","97,900,000","116,000,000","61,400,000","62,800,000","62,500,000",,,,,,,,,,,,,,,
GrossProfit,"67,328,000,000","16,771,000,000","16,730,000,000","16,559,000,000","17,268,000,000","15,318,000,000","15,193,000,000","19,618,000,000","15,369,000,000","14,681,000,000","14,217,000,000","13,231,000,000","13,583,000,000","13,496,000,000","13,298,000,000","12,833,000,000","12,843,000,000","12,077,000,000","11,806,000,000","11,359,000,000","10,746,000,000","11,270,000,000","10,937,000,000","10,314,000,000","10,037,000,000","8,982,000,000","9,601,000,000","8,912,000,000","8,821,000,000","8,825,000,000","8,540,000,000","7,872,000,000","7,417,000,000","7,672,000,000","7,686,000,000","7,371,000,000","6,886,000,000","7,139,000,000","7,059,000,000","6,454,000,000","6,537,000,000","6,530,000,000","6,093,000,000","5,942,000,000","5,926,000,000","15,783,000,000","2,392,000,000","2,150,000,000","2,264,000,000","1,833,000,000","1,926,000,000","1,689,000,000","1,902,000,000","4,253,000,000","4,826,000,000","4,662,000,000","4,835,000,000","4,943,000,000","4,973,000,000","4,875,000,000","4,437,000,000","3,843,000,000","4,450,000,000","4,310,000,000","4,213,000,000","2,922,000,000","3,184,000,000","3,050,000,000","2,985,000,000","2,498,000,000","2,679,000,000","2,378,000,000","2,275,000,000","1,885,000,000","2,064,000,000","1,978,000,000","1,925,000,000","1,852,000,000","1,738,000,000","1,660,000,000","1,578,000,000","-2,438,000,000","1,476,000,000","1,419,000,000","1,374,000,000","1,279,000,000","1,264,000,000","1,228,000,000","1,196,000,000",,,,,,,,,,,,,,,,,,,,,"283,375,000","281,100,000","287,100,000","221,800,000","258,100,000","183,900,000","161,000,000","152,800,000","139,700,000","121,300,000","115,200,000","106,400,000","89,400,000","81,200,000","75,400,000","67,400,000","62,700,000","56,600,000","52,300,000","13,900,000","46,500,000","42,500,000","40,300,000",,,,,,,,,,,,,,,
OperatingExpense,"45,682,000,000","12,043,000,000","11,521,000,000","11,137,000,000","10,981,000,000","12,246,000,000","10,893,000,000","10,718,000,000","10,738,000,000","10,019,000,000","9,669,000,000","9,069,000,000","9,156,000,000","9,340,000,000","9,090,000,000","8,984,000,000","9,088,000,000","8,398,000,000","7,965,000,000","7,884,000,000","7,555,000,000","8,344,000,000","7,548,000,000","7,304,000,000","7,260,000,000","6,694,000,000","6,753,000,000","6,231,000,000","6,327,000,000","6,226,000,000","5,809,000,000","5,570,000,000","5,554,000,000","5,404,000,000","5,218,000,000","5,165,000,000","4,950,000,000","5,223,000,000","4,594,000,000","4,406,000,000","4,392,000,000","4,598,000,000","4,193,000,000","4,003,000,000","3,887,000,000","14,590,000,000","247,000,000","249,000,000","248,000,000","258,000,000","250,000,000","249,000,000","234,000,000","3,745,000,000","3,228,000,000","3,989,000,000","3,122,000,000","2,905,000,000","2,818,000,000","2,801,000,000","2,855,000,000","2,733,000,000","2,587,000,000","2,643,000,000","2,727,000,000","1,992,000,000","1,806,000,000","1,740,000,000","1,729,000,000","1,698,000,000","1,587,000,000","1,433,000,000","1,399,000,000","1,332,000,000","1,301,000,000","1,269,000,000","1,272,000,000","1,243,000,000","1,166,000,000","1,137,000,000","1,096,000,000","-2,859,000,000","1,080,000,000","1,035,000,000","1,009,000,000","949,000,000","955,000,000","940,000,000","923,000,000","17,461,000,000","-4,664,000,000","-4,633,000,000","-4,588,000,000","15,390,000,000","-4,146,000,000","-4,189,000,000","-3,906,000,000","10,700,600,000","-2,771,900,000","-2,745,800,000","-2,672,701,000","9,239,903,000","-2,437,959,000","-2,394,708,000","-2,124,504,000","4,165,140,000","-1,064,968,000","-1,014,064,000","-960,744,000","110,288,000","149,800,000","164,500,000","133,700,000","128,500,000","119,900,000","96,100,000","92,700,000","89,600,000","75,700,000","72,300,000","67,400,000","56,700,000","50,900,000","47,300,000","43,300,000","46,700,000","42,300,000","39,000,000","2,200,000","37,800,000","35,600,000","34,700,000",,,,,,,,,,,,,,,
	SellingGeneralAndAdministration,,,,,,,,,,,,,,,,,,,,,,,,,,,,,,,,,,,,,,,"4,277,000,000","4,080,000,000","4,096,000,000","4,308,000,000","3,899,000,000","3,733,000,000","3,617,000,000",,,,,,,,,,,,,,,,,,,,,,,,,,,,,,,,,,,,,,,,,,,,,,,,,,,,,,,,,,,,,,,,,"130,649,000","133,500,000","148,200,000","117,800,000","114,700,000","102,400,000","87,400,000","82,400,000","77,800,000","69,000,000","65,800,000","61,200,000","52,500,000","47,500,000","43,900,000","40,000,000","43,500,000","39,500,000","36,600,000",,"35,600,000","33,700,000","32,900,000",,,,,,,,,,,,,,,
	DepreciationAmortizationDepletionIncomeStatement,"3,103,000,000","771,000,000","796,000,000","778,000,000","758,000,000","732,000,000","719,000,000","717,000,000","723,000,000","718,000,000","709,000,000","654,000,000","639,000,000","637,000,000","611,000,000","598,000,000","582,000,000","578,000,000","578,000,000","556,000,000","533,000,000","527,000,000","515,000,000","511,000,000","502,000,000","484,000,000","452,000,000","379,000,000","378,000,000","381,000,000","373,000,000","364,000,000","360,000,000","350,000,000","349,000,000","340,000,000","336,000,000","370,000,000","317,000,000","326,000,000","296,000,000","290,000,000","294,000,000","270,000,000","270,000,000","320,000,000","247,000,000","249,000,000","248,000,000","258,000,000","250,000,000","249,000,000","234,000,000","259,000,000","254,000,000","243,000,000","225,000,000","207,000,000","202,000,000","196,000,000","191,000,000","177,000,000","168,000,000","168,000,000","157,000,000","120,000,000","116,000,000","108,000,000","109,000,000","106,000,000","99,000,000","87,000,000","82,000,000","77,000,000","75,000,000","74,000,000","73,000,000","71,000,000","66,000,000","62,000,000","56,000,000","70,000,000","67,000,000","64,000,000","64,000,000","62,000,000","62,000,000","61,000,000","62,000,000",,,,,,,,,,,,,,,,,,,,,"15,579,000","16,300,000","16,300,000","15,900,000","13,800,000","17,500,000","8,700,000","10,300,000","11,800,000","6,700,000","6,500,000","6,200,000","4,200,000","3,400,000","3,400,000","3,300,000","3,200,000","2,800,000","2,400,000","2,200,000","2,200,000","1,900,000","1,800,000",,,,,,,,,,,,,,,
		DepreciationAndAmortizationInIncomeStatement,"3,103,000,000","771,000,000","796,000,000","778,000,000","758,000,000","732,000,000","719,000,000","717,000,000","723,000,000","718,000,000","709,000,000","654,000,000","639,000,000","637,000,000","611,000,000","598,000,000","582,000,000","578,000,000","578,000,000","556,000,000","533,000,000","527,000,000","515,000,000","511,000,000","502,000,000","484,000,000","452,000,000","379,000,000","378,000,000","381,000,000","373,000,000","364,000,000","360,000,000","350,000,000","349,000,000","340,000,000","336,000,000","370,000,000","317,000,000","326,000,000","296,000,000","290,000,000","294,000,000","270,000,000","270,000,000","320,000,000","247,000,000","249,000,000","248,000,000","258,000,000","250,000,000","249,000,000","234,000,000","259,000,000","254,000,000","243,000,000","225,000,000","207,000,000","202,000,000","196,000,000","191,000,000","177,000,000","168,000,000","168,000,000","157,000,000","120,000,000","116,000,000","108,000,000","109,000,000","106,000,000","99,000,000","87,000,000","82,000,000","77,000,000","75,000,000","74,000,000","73,000,000","71,000,000","66,000,000","62,000,000","56,000,000","70,000,000","67,000,000","64,000,000","64,000,000","62,000,000","62,000,000","61,000,000","62,000,000",,,,,,,,,,,,,,,,,,,,,"15,579,000","16,300,000","16,300,000","15,900,000","13,800,000","17,500,000","8,700,000","10,300,000","11,800,000","6,700,000","6,500,000","6,200,000","4,200,000","3,400,000","3,400,000","3,300,000","3,200,000","2,800,000","2,400,000","2,200,000","2,200,000","1,900,000","1,800,000",,,,,,,,,,,,,,,
			DepreciationIncomeStatement,,,,,,,,,,,,,,,,,,,,,,,,,,,,,,,,,,,,,,,,,,,,,,,,,,,,,,,,,,,,,,,,,,,,,,,,,,,,,,,,,,,,,,,,,,,,,,,,,,,,,,,,,,,,,,"15,579,000","16,300,000","16,300,000","15,900,000","13,800,000","17,500,000","8,700,000","10,300,000","11,800,000","6,700,000","6,500,000","6,200,000","4,200,000","3,400,000","3,400,000","3,300,000","3,200,000","2,800,000","2,400,000","2,200,000","2,200,000","1,900,000","1,800,000",,,,,,,,,,,,,,,
	OtherTaxes,,,,,,,,,,,,,,,,,,,,,,,,,,,,,,,,,,,,,,,,,,,,,,,,,,,,,,,,,"-18,591,000,000","-16,667,000,000","-16,524,000,000","-16,926,000,000","-17,465,000,000",,"-16,107,000,000","-16,196,000,000","-16,100,000,000",,"-9,944,000,000","-9,801,000,000","-9,631,000,000",,"-8,767,000,000","-7,759,000,000","-7,268,000,000",,"-6,475,000,000","-6,378,000,000","-6,322,000,000","-6,073,000,000","-5,675,000,000","-5,555,000,000","-5,531,000,000","-5,599,000,000","-5,545,000,000","-5,429,000,000","-5,315,000,000","-5,104,000,000","-5,060,000,000","-4,932,000,000","-4,826,000,000","-4,734,000,000","-4,664,000,000","-4,633,000,000","-4,588,000,000","-4,431,000,000","-4,146,000,000","-4,189,000,000","-3,906,000,000","-2,861,400,000","-2,771,900,000","-2,745,800,000","-2,672,701,000","-2,520,210,000","-2,437,959,000","-2,394,708,000","-2,124,504,000","-2,016,521,000","-1,064,968,000","-1,014,064,000","-960,744,000",,,,,,,,,,,,,,,,,,,,,,,,,,,,,,,,,,,,,,
	OtherOperatingExpenses,"42,579,000,000","11,272,000,000","10,725,000,000","10,359,000,000","10,223,000,000","11,514,000,000","10,174,000,000","10,001,000,000","10,015,000,000","9,301,000,000","8,960,000,000","8,415,000,000","8,517,000,000","8,703,000,000","8,479,000,000","8,386,000,000","8,506,000,000","7,820,000,000","7,387,000,000","7,328,000,000","7,022,000,000","7,817,000,000","7,033,000,000","6,793,000,000","6,758,000,000","6,210,000,000","6,301,000,000","5,852,000,000","5,949,000,000","5,845,000,000","5,436,000,000","5,206,000,000","5,194,000,000","5,054,000,000","4,869,000,000","4,825,000,000","4,614,000,000","4,853,000,000",,,,,,,,,,,,,,,,,"2,974,000,000","3,746,000,000","21,488,000,000","19,365,000,000","19,140,000,000","19,531,000,000","20,129,000,000",,"18,526,000,000","18,671,000,000","18,670,000,000",,"11,634,000,000","11,433,000,000","11,251,000,000","-22,202,000,000","10,255,000,000","9,105,000,000","8,585,000,000",,"7,701,000,000","7,573,000,000","7,521,000,000","7,245,000,000","6,775,000,000","6,630,000,000","6,571,000,000","2,670,000,000","6,558,000,000","6,400,000,000","6,260,000,000","5,991,000,000","5,953,000,000","5,811,000,000","5,687,000,000",,,,,,,,,,,,,,,,,,,,,,,,,,,,,,,,,,,,,,,,,,,,,,,,,,,,,,,,,,
OperatingIncome,"21,646,000,000","4,728,000,000","5,209,000,000","5,422,000,000","6,287,000,000","3,072,000,000","4,300,000,000","8,900,000,000","4,631,000,000","4,662,000,000","4,548,000,000","4,162,000,000","4,427,000,000","4,156,000,000","4,208,000,000","3,849,000,000","3,755,000,000","3,679,000,000","3,841,000,000","3,475,000,000","3,191,000,000","2,926,000,000","3,389,000,000","3,010,000,000","2,777,000,000","2,288,000,000","2,848,000,000","2,681,000,000","2,494,000,000","2,599,000,000","2,731,000,000","2,302,000,000","1,863,000,000","2,268,000,000","2,468,000,000","2,206,000,000","1,936,000,000","1,916,000,000","2,465,000,000","2,048,000,000","2,145,000,000","1,932,000,000","1,900,000,000","1,939,000,000","2,039,000,000","1,193,000,000","2,145,000,000","1,901,000,000","2,016,000,000","1,575,000,000","1,676,000,000","1,440,000,000","1,668,000,000","508,000,000","1,598,000,000","673,000,000","1,713,000,000","2,038,000,000","2,155,000,000","2,074,000,000","1,582,000,000","1,110,000,000","1,863,000,000","1,667,000,000","1,486,000,000","930,000,000","1,378,000,000","1,310,000,000","1,256,000,000","800,000,000","1,092,000,000","945,000,000","876,000,000","553,000,000","763,000,000","709,000,000","653,000,000","609,000,000","572,000,000","523,000,000","482,000,000","421,000,000","396,000,000","384,000,000","365,000,000","330,000,000","309,000,000","288,000,000","273,000,000","-27,512,000,000","9,567,000,000","9,491,000,000","9,397,000,000","-24,268,000,000","8,506,000,000","8,424,000,000","8,021,000,000","-16,189,100,000","5,730,800,000","5,676,300,000","5,523,812,000","-13,743,443,000","5,025,317,000","4,886,891,000","4,442,614,000","-5,902,511,000","2,280,504,000","2,172,009,000","2,064,579,000","173,087,000","131,300,000","122,600,000","88,100,000","129,600,000","64,000,000","64,900,000","60,100,000","50,100,000","45,600,000","42,900,000","39,000,000","32,700,000","30,300,000","28,100,000","24,100,000","16,000,000","14,300,000","13,300,000","11,700,000","8,700,000","6,900,000","5,600,000","96,000,000","-364,500,000","120,900,000","118,700,000","117,200,000","-347,500,000","111,600,000","111,100,000","104,200,000","-134,600,000","56,300,000","49,000,000","37,600,000","-65,000,000","27,800,000"
NetNonOperatingInterestIncomeExpense,"-1,660,000,000","-431,000,000","-422,000,000","-410,000,000","-397,000,000","-401,000,000","-395,000,000","-430,000,000","-437,000,000","-437,000,000","-449,000,000","-418,000,000","-400,000,000","-374,000,000","-353,000,000","-344,000,000","-329,000,000","-308,000,000","-294,000,000","-301,000,000","-283,000,000","-268,000,000","-269,000,000","-271,000,000","-259,000,000","-260,000,000","-229,000,000","-151,000,000","-150,000,000","-151,000,000","-152,000,000","-155,000,000","-160,000,000","-176,000,000","-178,000,000","-176,000,000","-178,000,000","-173,000,000","-158,000,000","-153,000,000","-148,000,000","-139,000,000","-129,000,000","-119,000,000","-118,000,000","-118,000,000","-119,000,000","-119,000,000","-125,000,000","-144,000,000","-137,000,000","-139,000,000","-131,000,000","-155,000,000","-166,000,000","-164,000,000",,,,,,,,,,,,,,,,,,,,,,,,,,,,,,,,,,,,,,,,,,,,,,,,,,,,,,,,,,,,,,,,,,,,,,,,,,,,,,,,,,,,,,,,,,,
	InterestIncomeNonOperating,,,,,,,,,,,,,,,,,,,,,,,,,,,,,,,,,,,,,,,,,,,,"160,000,000",,,,,,,,,,,,,,,,,,,,,,,,,,,,,,,,,,,,,,,,,,,,,,,,,,,,,,,,,,,,,,,,,,,,,,,,,,,,,,,,,,,,,,,,,,,,,,,,,,,,,,,
	InterestExpenseNonOperating,"1,660,000,000","431,000,000","422,000,000","410,000,000","397,000,000","401,000,000","395,000,000","430,000,000","437,000,000","437,000,000","449,000,000","418,000,000","400,000,000","374,000,000","353,000,000","344,000,000","329,000,000","308,000,000","294,000,000","301,000,000","283,000,000","268,000,000","269,000,000","271,000,000","259,000,000","260,000,000","229,000,000","151,000,000","150,000,000","151,000,000","152,000,000","155,000,000","160,000,000","176,000,000","178,000,000","176,000,000","178,000,000","173,000,000","158,000,000","153,000,000","148,000,000","139,000,000","129,000,000","119,000,000","118,000,000","118,000,000","119,000,000","119,000,000","125,000,000","144,000,000","137,000,000","139,000,000","131,000,000","155,000,000","166,000,000","164,000,000",,,,,,,,,,,,,,,,,,,,,,,,,,,,,,,,,,,,,,,,,,,,,,,,,,,,,,,,,,,,,,,,,,,,,,,,,,,,,,,,,,,,,,,,,,,
OtherIncomeExpense,"2,324,000,000","813,000,000","503,000,000","556,000,000","452,000,000","445,000,000","351,000,000","341,000,000","365,000,000","433,000,000","466,000,000","582,000,000","405,000,000","341,000,000","382,000,000","355,000,000","298,000,000","298,000,000","247,000,000","256,000,000","222,000,000","261,000,000","191,000,000","193,000,000","183,000,000","180,000,000","170,000,000","214,000,000","146,000,000","166,000,000","172,000,000","250,000,000","191,000,000","184,000,000","163,000,000","195,000,000","203,000,000","185,000,000","145,000,000","178,000,000","172,000,000","142,000,000","170,000,000","160,000,000","182,000,000",,,,,,,,,,,,,,,,,,,,,,,,,,,,,,,,,,,,,,,,,,,,,,,,,"0",,"-725,000,000",,,,,,"-14,968,000",,"-14,968,000",,,,,,"-35,980,000",,"-35,900,000","15,900,000","-42,300,000","14,400,000",,,,,,,,,,,,,,,,,,,,,,,,,,,,,,,,
	GainOnSaleOfSecurity,"2,324,000,000","813,000,000","503,000,000","556,000,000","452,000,000","445,000,000","351,000,000","341,000,000","365,000,000","433,000,000","466,000,000","582,000,000","405,000,000","341,000,000","382,000,000","355,000,000","298,000,000","298,000,000","247,000,000","256,000,000","222,000,000","261,000,000","191,000,000","193,000,000","183,000,000","180,000,000","170,000,000","214,000,000","146,000,000","166,000,000","172,000,000","250,000,000","191,000,000","184,000,000","163,000,000","195,000,000","203,000,000","185,000,000","145,000,000","178,000,000","172,000,000","142,000,000","170,000,000","160,000,000","182,000,000",,,,,,,,,,,,,,,,,,,,,,,,,,,,,,,,,,,,,,,,,,,,,,,,,,,,,,,,,,,,,,,,,,,,,,,,,,,,,,,,,,,,,,,,,,,,,,,,,,,,,,
	SpecialIncomeCharges,,,,,,,,,,,,,,,,,,,,,,,,,,,,,,,,,,,,,,,,,,,,,,,,,,,,,,,,,"0","0","0","0","0",,"0","0","0",,"0","0","0",,"0","0","0",,"0","0","0","0","0","0","0","0","0","0","0",,"0","0","0",,,,,"0",,"-725,000,000",,,,,,"-14,968,000",,"-14,968,000",,,,,,"-35,980,000",,"-35,900,000","15,900,000","-42,300,000","14,400,000",,,,,,,,,,,,,,,,,,,,,,,,,,,,,,,,
		RestructuringAndMergernAcquisition,,,,,,,,,,,,,,,,,,,,,,,,,,,,,,,,,,,,,,,,,,,,,,,,,,,,,,,,,,,,,,,,,,,,,,,,,,,,,,,,,,,,,,,,,,,,,,"0",,"725,000,000",,,,,,"0",,"14,968,000",,,,,,,,,,,,,,,,,,,,,,,,,,,,,,,,,,,,,,,,,,,
PretaxIncome,"22,310,000,000","5,110,000,000","5,290,000,000","5,568,000,000","6,342,000,000","3,116,000,000","4,256,000,000","8,811,000,000","4,559,000,000","4,658,000,000","4,565,000,000","4,326,000,000","4,432,000,000","4,123,000,000","4,237,000,000","3,860,000,000","3,724,000,000","3,669,000,000","3,794,000,000","3,430,000,000","3,130,000,000","2,919,000,000","3,311,000,000","2,932,000,000","2,701,000,000","2,208,000,000","2,789,000,000","2,744,000,000","2,490,000,000","2,614,000,000","2,751,000,000","2,397,000,000","1,894,000,000","2,276,000,000","2,453,000,000","2,225,000,000","1,961,000,000","1,928,000,000","2,452,000,000","2,073,000,000","2,169,000,000","1,935,000,000","1,941,000,000","1,980,000,000","2,103,000,000","1,684,000,000","2,026,000,000","1,782,000,000","1,891,000,000","1,431,000,000","1,539,000,000","1,301,000,000","1,537,000,000","1,124,000,000","1,432,000,000","509,000,000","1,559,000,000","1,885,000,000","2,013,000,000","1,941,000,000","1,466,000,000","1,852,000,000","1,734,000,000","1,551,000,000","1,404,000,000","1,354,000,000","1,316,000,000","1,255,000,000","1,207,000,000","1,146,000,000","1,058,000,000","917,000,000","852,000,000","786,000,000","739,000,000","685,000,000","630,000,000","587,000,000","548,000,000","503,000,000","458,000,000","397,000,000","373,000,000","360,000,000","342,000,000","336,000,000","291,000,000","272,000,000","256,000,000","241,000,000","229,000,000","214,000,000","210,000,000","210,000,000","214,000,000","-679,000,000","209,000,000","192,100,000","187,000,000","184,700,000","178,411,000","156,570,000","149,461,000","82,397,000","192,421,000","25,404,000","149,325,000","142,975,000","142,310,000","138,144,000","130,600,000","85,700,000","103,800,000","87,000,000","78,100,000","64,600,000","59,700,000","49,700,000","45,300,000","42,500,000","38,500,000","32,200,000","29,900,000","27,700,000","23,700,000","15,500,000","14,000,000","11,900,000","10,200,000","7,600,000","5,800,000","4,500,000",,,,,,,,,,,,,,,
TaxProvision,"4,578,000,000","919,000,000","1,099,000,000","1,196,000,000","1,364,000,000","764,000,000","1,000,000,000","2,115,000,000","1,094,000,000","990,000,000","936,000,000","941,000,000","875,000,000","959,000,000","953,000,000","850,000,000","800,000,000","-52,000,000","1,233,000,000","1,080,000,000","939,000,000","1,211,000,000","1,333,000,000","1,172,000,000","1,074,000,000","956,000,000","1,171,000,000","1,159,000,000","1,077,000,000","1,104,000,000","1,149,000,000","989,000,000","795,000,000","849,000,000","883,000,000","789,000,000","721,000,000","684,000,000","895,000,000","736,000,000","781,000,000","677,000,000","670,000,000","713,000,000","757,000,000","641,000,000","749,000,000","659,000,000","700,000,000","487,000,000","504,000,000","442,000,000","553,000,000","398,000,000","512,000,000","172,000,000","565,000,000","669,000,000","730,000,000","713,000,000","539,000,000","677,000,000","622,000,000","570,000,000","505,000,000","484,000,000","474,000,000","446,000,000","428,000,000","407,000,000","360,000,000","321,000,000","298,000,000","279,000,000","263,000,000","246,000,000","227,000,000","208,000,000","195,000,000","178,000,000","163,000,000","150,000,000","142,000,000","137,000,000","130,000,000","126,000,000","109,000,000","102,000,000","82,000,000","84,000,000","85,000,000","79,000,000","78,000,000","78,000,000","79,000,000","-114,000,000","77,000,000","72,800,000","70,900,000","69,000,000","69,532,000","60,812,000","58,234,000","32,077,000","73,475,000","8,576,000","55,655,000","53,096,000","52,878,000","51,922,000","49,800,000","33,000,000","39,500,000","31,400,000","27,900,000","23,300,000","21,600,000","17,500,000","15,900,000","14,900,000","13,500,000","11,000,000","10,200,000","9,400,000","8,100,000","5,300,000","4,800,000","4,100,000","3,500,000","2,800,000","2,100,000","1,600,000",,,,,,,,,,,,,,,
NetIncomeCommonStockholders,"17,285,000,000","4,071,000,000","4,086,000,000","4,266,000,000","4,862,000,000","2,212,000,000","3,172,000,000","6,637,000,000","3,382,000,000","3,541,000,000","3,538,000,000","3,293,000,000","3,467,000,000","3,040,000,000","3,188,000,000","2,922,000,000","2,836,000,000","3,617,000,000","2,485,000,000","2,284,000,000","2,172,000,000","1,684,000,000","1,968,000,000","1,754,000,000","1,611,000,000","1,218,000,000","1,597,000,000","1,585,000,000","1,413,000,000","1,510,000,000","1,602,000,000","1,408,000,000","1,099,000,000","1,427,000,000","1,570,000,000","1,436,000,000","1,192,000,000","1,244,000,000","1,557,000,000","1,337,000,000","1,388,000,000","1,258,000,000","1,271,000,000","1,267,000,000","1,346,000,000","1,043,000,000","1,277,000,000","1,123,000,000","1,191,000,000","944,000,000","1,035,000,000","859,000,000","984,000,000","726,000,000","920,000,000","337,000,000","994,000,000","1,216,000,000","1,283,000,000","1,228,000,000","927,000,000","1,175,000,000","1,112,000,000","981,000,000","899,000,000","870,000,000","842,000,000","809,000,000","779,000,000","739,000,000","698,000,000","596,000,000","554,000,000","507,000,000","476,000,000","439,000,000","403,000,000","379,000,000","353,000,000","325,000,000","295,000,000","247,000,000","231,000,000","223,000,000","212,000,000","210,000,000","182,000,000","170,000,000","174,000,000","157,000,000","144,000,000","135,000,000","132,000,000","106,000,000","128,000,000","-572,000,000","125,000,000","111,900,000","108,900,000","108,500,000","101,691,000","87,955,000","0","43,132,000","111,758,000","5,795,000","93,670,000","89,879,000","89,432,000","84,214,000","80,800,000","1,429,800,000","64,300,000","55,600,000","50,200,000","41,300,000","38,100,000","32,200,000","29,400,000","27,600,000","25,000,000","21,200,000","19,700,000","18,300,000","15,600,000","10,200,000","9,200,000","7,800,000","6,700,000","4,800,000","3,700,000","2,900,000","2,300,000","1,200,000","-39,000,000","300,000","700,000","-4,200,000","-12,800,000","700,000","600,000","1,500,000","2,600,000","1,200,000","1,000,000","800,000","900,000"
	NetIncome,"17,285,000,000","4,071,000,000","4,086,000,000","4,266,000,000","4,862,000,000","2,212,000,000","3,172,000,000","6,637,000,000","3,382,000,000","3,541,000,000","3,538,000,000","3,293,000,000","3,467,000,000","3,040,000,000","3,188,000,000","2,922,000,000","2,836,000,000","3,617,000,000","2,485,000,000","2,284,000,000","2,172,000,000","1,684,000,000","1,968,000,000","1,754,000,000","1,611,000,000","1,218,000,000","1,597,000,000","1,585,000,000","1,413,000,000","1,510,000,000","1,602,000,000","1,408,000,000","1,099,000,000","1,427,000,000","1,570,000,000","1,436,000,000","1,192,000,000","1,244,000,000","1,557,000,000","1,337,000,000","1,388,000,000","1,258,000,000","1,271,000,000","1,267,000,000","1,346,000,000","1,043,000,000","1,277,000,000","1,123,000,000","1,191,000,000","944,000,000","1,035,000,000","859,000,000","984,000,000","726,000,000","920,000,000","337,000,000","994,000,000","1,216,000,000","1,283,000,000","1,228,000,000","927,000,000","1,175,000,000","1,112,000,000","981,000,000","899,000,000","870,000,000","842,000,000","809,000,000","779,000,000","739,000,000","698,000,000","596,000,000","554,000,000","507,000,000","476,000,000","439,000,000","403,000,000","379,000,000","353,000,000","325,000,000","295,000,000","247,000,000","231,000,000","223,000,000","212,000,000","210,000,000","182,000,000","170,000,000","174,000,000","157,000,000","144,000,000","135,000,000","132,000,000","132,000,000","135,000,000","-565,000,000","132,000,000","119,300,000","116,100,000","115,700,000","108,879,000","95,143,000","91,227,000","50,320,000","118,946,000","12,983,000","93,670,000","89,879,000","89,432,000","84,214,000","80,800,000","1,429,800,000","64,300,000","55,600,000","50,200,000","41,300,000","38,100,000","32,200,000","29,400,000","27,600,000","25,000,000","21,200,000","19,700,000","18,300,000","15,600,000","10,200,000","9,200,000","7,800,000","6,700,000","4,800,000","3,700,000","2,900,000","2,300,000","1,200,000","-39,000,000","300,000","700,000","-4,200,000","-12,800,000","700,000","600,000","1,500,000","2,600,000","1,200,000","1,000,000","800,000","900,000"
		NetIncomeIncludingNoncontrollingInterests,"17,732,000,000","4,191,000,000","4,191,000,000","4,372,000,000","4,978,000,000","2,352,000,000","3,256,000,000","6,696,000,000","3,465,000,000","3,668,000,000","3,629,000,000","3,385,000,000","3,557,000,000","3,164,000,000","3,284,000,000","3,010,000,000","2,924,000,000","3,721,000,000","2,561,000,000","2,350,000,000","2,191,000,000","1,708,000,000","1,978,000,000","1,760,000,000","1,627,000,000","1,252,000,000","1,618,000,000","1,585,000,000","1,413,000,000","1,510,000,000","1,602,000,000","1,408,000,000","1,099,000,000","1,427,000,000","1,570,000,000","1,436,000,000","1,240,000,000","1,244,000,000","1,557,000,000","1,337,000,000","1,388,000,000","1,258,000,000","1,271,000,000","1,267,000,000","1,346,000,000","1,043,000,000","1,277,000,000","1,123,000,000","1,191,000,000","944,000,000","1,035,000,000","859,000,000","984,000,000","726,000,000","920,000,000","337,000,000","994,000,000","1,216,000,000","1,283,000,000","1,228,000,000","927,000,000","1,175,000,000","1,112,000,000","981,000,000","899,000,000","870,000,000","842,000,000","809,000,000","779,000,000","739,000,000","698,000,000","596,000,000","554,000,000","507,000,000","476,000,000","439,000,000","403,000,000","379,000,000","353,000,000","325,000,000","295,000,000","247,000,000","231,000,000","223,000,000","212,000,000","210,000,000","182,000,000","170,000,000","174,000,000","157,000,000","144,000,000","135,000,000","132,000,000","132,000,000","135,000,000","-565,000,000","132,000,000","119,300,000","116,100,000","115,700,000","109,003,000","95,168,000","91,372,000","50,469,000","118,012,000","11,364,000","92,573,000","89,351,000","88,831,000","83,714,000","80,400,000","1,429,300,000","64,200,000","55,400,000","50,000,000","41,200,000","37,900,000","32,000,000","29,300,000","27,500,000","24,900,000","21,100,000","19,600,000","18,300,000","15,500,000","10,200,000","9,100,000","7,600,000","6,600,000","4,800,000","3,700,000","2,900,000","2,300,000","1,200,000","-39,000,000","300,000","700,000","-4,200,000","-12,800,000","700,000","600,000","1,500,000","2,600,000","1,200,000","1,000,000","800,000","900,000"
			NetIncomeContinuousOperations,"17,732,000,000","4,191,000,000","4,191,000,000","4,372,000,000","4,978,000,000","2,352,000,000","3,256,000,000","6,696,000,000","3,465,000,000","3,668,000,000","3,629,000,000","3,385,000,000","3,557,000,000","3,164,000,000","3,284,000,000","3,010,000,000","2,924,000,000","3,721,000,000","2,561,000,000","2,350,000,000","2,191,000,000","1,708,000,000","1,978,000,000","1,760,000,000","1,627,000,000","1,252,000,000","1,618,000,000","1,585,000,000","1,413,000,000","1,510,000,000","1,602,000,000","1,408,000,000","1,099,000,000","1,427,000,000","1,570,000,000","1,436,000,000","1,240,000,000","1,244,000,000","1,557,000,000","1,337,000,000","1,388,000,000","1,258,000,000","1,271,000,000","1,267,000,000","1,346,000,000","1,043,000,000","1,277,000,000","1,123,000,000","1,191,000,000","944,000,000","1,035,000,000","859,000,000","984,000,000","726,000,000","920,000,000","337,000,000","994,000,000","1,216,000,000","1,283,000,000","1,228,000,000","927,000,000","1,175,000,000","1,112,000,000","981,000,000","899,000,000","870,000,000","842,000,000","809,000,000","779,000,000","739,000,000","698,000,000","596,000,000","554,000,000","507,000,000","476,000,000","439,000,000","403,000,000","379,000,000","353,000,000","325,000,000","295,000,000","247,000,000","231,000,000","223,000,000","212,000,000","210,000,000","182,000,000","170,000,000","174,000,000","157,000,000","144,000,000","135,000,000","132,000,000","104,000,000","135,000,000","-565,000,000","132,000,000","90,300,000","116,100,000","115,700,000","108,879,000","95,143,000","91,227,000","50,320,000","118,946,000","12,983,000","93,670,000","89,879,000","89,432,000","84,239,000","80,800,000","52,700,000","64,300,000","55,600,000","50,200,000","41,300,000","38,100,000","32,200,000","29,400,000","27,600,000","25,000,000","21,200,000","19,700,000","18,300,000","15,600,000","10,200,000","9,200,000","7,800,000","6,700,000","4,800,000","3,700,000","2,900,000","2,300,000","1,200,000","-39,000,000","300,000","700,000","-4,200,000","-12,800,000","700,000","600,000","1,500,000","2,600,000","1,200,000","1,000,000","800,000","900,000"
			NetIncomeFromTaxLossCarryforward,,,,,,,,,,,,,,,,,,,,,,,,,,,,,,,,,,,,,,,,,,,,,,,,,,,,,,,,,,,,,,,,,,,,,,,,,,,,,,,,,,,,,,,,,,,,,,,,,,,,,,,,,,,,,,"0",,"1,377,100,000",,,,,,,,,,,,,,,,,,,,,,,,,,,,,,,,,,,
		MinorityInterests,"-447,000,000","-120,000,000","-105,000,000","-106,000,000","-116,000,000","-140,000,000","-84,000,000","-59,000,000","-83,000,000","-127,000,000","-91,000,000","-92,000,000","-90,000,000","-124,000,000","-96,000,000","-88,000,000","-88,000,000","-104,000,000","-76,000,000","-66,000,000","-19,000,000","-24,000,000","-10,000,000","-6,000,000","-16,000,000","-34,000,000","-21,000,000",,,"0","0","0","0","0","0","0","-48,000,000",,,,,,,,,,,,,,,,,,,,,,,,,,,,,,,,,,,,,,,,,,,,,,,,,,,,,,,,,,,,,,,,"-124,000","-25,000","-145,000","-149,000","934,000","1,619,000","1,097,000","528,000","601,000","500,000","400,000","500,000","100,000","200,000","200,000","100,000","200,000","200,000","100,000","100,000","100,000","100,000","100,000",,"100,000","0","100,000","200,000","100,000","0",,,,,,,,,,,,,,,,,
	PreferredStockDividends,,,,,,,,,,,,,,,,,,,,,,,,,,,,,,,,,,,,,,,,,,,,,,,,,,,,,,,,,,,,,,,,,,,,,,,,,,,,,,,,,,,,,,,,,,,,,,"6,000,000","7,000,000","7,000,000","7,000,000","7,400,000","7,200,000","7,200,000","7,188,000","7,188,000","91,227,000","7,188,000","7,188,000",,,,,,,,,,,,,,,,,,,,,,,,,,,,,,,,,,,,,,,,,,
DilutedNIAvailtoComStockholders,"17,285,000,000","4,071,000,000","4,086,000,000","4,266,000,000","4,862,000,000","2,212,000,000","3,172,000,000","6,637,000,000","3,382,000,000","3,541,000,000","3,538,000,000","3,293,000,000","3,467,000,000","3,040,000,000","3,188,000,000","2,922,000,000","2,836,000,000","3,617,000,000","2,485,000,000","2,284,000,000","2,172,000,000","1,684,000,000","1,968,000,000","1,754,000,000","1,611,000,000","1,218,000,000","1,597,000,000","1,585,000,000","1,413,000,000","1,510,000,000","1,602,000,000","1,408,000,000","1,099,000,000","1,427,000,000","1,570,000,000","1,436,000,000","1,192,000,000","1,244,000,000","1,557,000,000","1,337,000,000","1,388,000,000","1,258,000,000","1,271,000,000","1,267,000,000","1,346,000,000","1,043,000,000","1,277,000,000","1,123,000,000","1,191,000,000","944,000,000","1,035,000,000","859,000,000","984,000,000","726,000,000","920,000,000","337,000,000","994,000,000","1,216,000,000","1,283,000,000","1,228,000,000","927,000,000","1,175,000,000","1,112,000,000","981,000,000","899,000,000","870,000,000","842,000,000","809,000,000","779,000,000","739,000,000","698,000,000","596,000,000","554,000,000","507,000,000","476,000,000","439,000,000","403,000,000","379,000,000","353,000,000","325,000,000","295,000,000","247,000,000","231,000,000","223,000,000","212,000,000","210,000,000","182,000,000","170,000,000","174,000,000","157,000,000","144,000,000","135,000,000","132,000,000","106,000,000","128,000,000","-572,000,000","125,000,000","111,900,000","108,900,000","108,500,000","101,691,000","87,955,000","0","43,132,000","111,758,000","5,795,000","93,670,000","89,879,000","89,432,000","84,214,000","80,800,000","1,429,800,000","64,300,000","55,600,000","50,200,000","41,300,000","38,100,000","32,200,000","29,400,000","27,600,000","25,000,000","21,200,000","19,700,000","18,300,000","15,600,000","10,200,000","9,200,000","7,800,000","6,700,000","4,800,000","3,700,000","2,900,000","2,300,000","1,200,000","-39,000,000","300,000","700,000","-4,200,000","-12,800,000","700,000","600,000","1,500,000","2,600,000","1,200,000","1,000,000","800,000","900,000"
BasicEPS,,"4.326","4.338","4.524","5.15","2.338","3.342","6.986","3.571","3.735","3.736","3.474","3.638","3.167","3.314","3.037","2.948","3.733","2.564","2.367","2.251","2","2.067","1.844","1.689","1.278","1.676","1.665","1.484","1.583","1.665","1.447","1.117","1.444","1.573","1.427","1.177","1.221","1.539","1.306","1.344",,"1.206","1.185","1.25",,"1.162","1.007","1.051",,"0.898","0.746","0.82",,"0.76","0.28","0.8",,"0.98","0.93","0.69",,"0.83","0.73","0.66",,"0.67","0.64","0.61",,"0.545","0.49","0.46",,"0.405","0.37","0.338",,"0.293","0.268","0.24",,"0.188","0.178","0.168",,"0.141","0.13","0.133",,"0.104","0.098","0.091",,"0.084","-0.37","0.081",,"0.071","0.071","0.068",,"0.056","0.029","0.078",,"0.066","0.064","0.064",,"0.058","1.02","0.053",,"0.04","0.038","0.035",,"0.028","0.025","0.025",,"0.02","0.018","0.018",,"0.01","0.01","0.01",,"0.005","0.005","0.005",,"-0.078","0.003","0.003",,"-0.025","0.003","0.003",,"0.008","0.003","0.003",,"0.003"
DilutedEPS,,"4.26","4.28","4.46","5.08","2.3","3.3","6.91","3.52","3.68","3.67","3.42","3.56","3.1","3.24","2.98","2.87","3.65","2.51","2.32","2.23","1.96","2.03","1.81","1.67","1.26","1.65","1.64","1.46","1.55","1.63","1.42","1.1","1.41","1.53","1.4","1.16","1.2","1.5","1.27","1.31",,"1.17","1.16","1.22",,"1.14","0.99","1.03",,"0.89","0.73","0.81",,"0.75","0.27","0.78",,"0.95","0.89","0.66",,"0.8","0.7","0.63",,"0.64","0.61","0.58",,"0.52","0.465","0.44",,"0.385","0.355","0.323",,"0.28","0.253","0.23",,"0.178","0.17","0.16",,"0.135","0.126","0.129",,"0.101","0.095","0.09",,"0.083","-0.37","0.079",,"0.071","0.071","0.068",,"0.056","0.029","0.078",,"0.066","0.064","0.064",,"0.058","1.02","0.053",,"0.04","0.038","0.035",,"0.028","0.025","0.025",,"0.02","0.018","0.018",,"0.01","0.01","0.01",,"0.005","0.005","0.005",,"-0.078","0.003","0.003",,"-0.025","0.003","0.003",,"0.008","0.003","0.003",,"0.003"
BasicAverageShares,,"941,000,000","942,000,000","943,000,000","944,000,000","946,000,000","949,000,000","950,000,000","947,000,000","948,000,000","947,000,000","948,000,000","953,000,000","960,000,000","962,000,000","962,000,000","962,000,000","969,000,000","969,000,000","965,000,000","965,000,000","952,000,000","952,000,000","951,000,000","954,000,000","953,000,000","953,000,000","952,000,000","952,000,000","954,000,000","962,000,000","973,000,000","984,000,000","988,000,000","998,000,000","1,006,000,000","1,013,000,000","1,019,000,000","1,012,000,000","1,024,000,000","1,033,000,000",,"1,054,000,000","1,069,000,000","1,077,000,000",,"1,099,000,000","1,145,000,000","1,133,000,000",,"1,184,000,000","1,198,000,000","1,198,000,000",,"1,204,000,000","1,216,000,000","1,240,000,000",,"1,304,000,000","1,326,000,000","1,343,000,000",,"1,341,000,000","1,339,000,000","1,353,000,000",,"1,255,000,000","1,258,000,000","1,278,000,000",,"1,282,000,000","1,220,000,000","1,202,000,000",,"1,178,000,000","1,180,000,000","1,193,200,000",,"1,200,400,000","1,219,600,000","1,229,600,000",,"1,236,400,000","1,251,600,000","1,270,800,000",,"1,287,200,000","1,301,600,000","1,316,000,000",,"1,392,000,000","1,392,000,000","1,440,000,000",,"1,536,000,000","1,544,000,000","1,544,000,000",,"1,536,000,000","1,523,200,000","1,514,640,000",,"1,497,040,000","1,493,256,000","1,443,760,000",,"1,416,560,000","1,410,432,000","1,411,224,000",,"1,405,217,391","1,401,764,706","1,224,761,905",,"1,255,000,000","1,101,333,333","1,088,571,429",,"1,069,090,909","1,104,000,000","1,000,000,000",,"985,000,000","1,045,714,286","891,428,571",,"920,000,000","780,000,000","670,000,000",,"740,000,000","580,000,000","460,000,000",,"503,225,806","512,768,000","511,648,000",,"512,000,000","491,520,000","488,160,000",,"346,666,667","480,000,000","400,000,000",,"360,000,000"
DilutedAverageShares,,"955,000,000","955,000,000","956,000,000","957,000,000","961,000,000","962,000,000","960,000,000","962,000,000","962,000,000","963,000,000","964,000,000","975,000,000","982,000,000","983,000,000","982,000,000","987,000,000","991,000,000","989,000,000","985,000,000","975,000,000","970,000,000","969,000,000","967,000,000","967,000,000","967,000,000","967,000,000","966,000,000","969,000,000","973,000,000","982,000,000","991,000,000","996,000,000","1,014,000,000","1,024,000,000","1,026,000,000","1,029,000,000","1,037,000,000","1,039,000,000","1,049,000,000","1,060,000,000",,"1,083,000,000","1,094,000,000","1,099,000,000",,"1,124,000,000","1,145,000,000","1,156,000,000",,"1,184,000,000","1,198,000,000","1,210,000,000",,"1,227,000,000","1,245,000,000","1,278,000,000",,"1,348,000,000","1,377,000,000","1,399,000,000",,"1,397,000,000","1,395,000,000","1,421,000,000",,"1,319,000,000","1,321,000,000","1,340,000,000",,"1,340,000,000","1,278,000,000","1,260,000,000",,"1,234,000,000","1,236,000,000","1,246,400,000",,"1,260,800,000","1,281,200,000","1,286,000,000",,"1,295,600,000","1,308,400,000","1,328,000,000",,"1,342,400,000","1,348,800,000","1,348,800,000",,"1,424,000,000","1,424,000,000","1,464,000,000",,"1,552,000,000","1,544,000,000","1,592,000,000",,"1,536,000,000","1,523,200,000","1,514,640,000",,"1,497,040,000","1,493,256,000","1,443,760,000",,"1,416,560,000","1,410,432,000","1,411,224,000",,"1,405,217,391","1,401,764,706","1,224,761,905",,"1,255,000,000","1,101,333,333","1,088,571,429",,"1,069,090,909","1,104,000,000","1,000,000,000",,"985,000,000","1,045,714,286","891,428,571",,"920,000,000","780,000,000","670,000,000",,"740,000,000","580,000,000","460,000,000",,"503,225,806","512,768,000","511,648,000",,"512,000,000","491,520,000","488,160,000",,"346,666,667","480,000,000","400,000,000",,"360,000,000"
TotalOperatingIncomeAsReported,"23,970,000,000","5,541,000,000","5,712,000,000","5,978,000,000","6,739,000,000","3,517,000,000","4,651,000,000","9,241,000,000","4,996,000,000","5,095,000,000","5,014,000,000","4,744,000,000","4,832,000,000","4,497,000,000","4,590,000,000","4,204,000,000","4,053,000,000","3,977,000,000","4,088,000,000","3,731,000,000","3,413,000,000","3,187,000,000","3,580,000,000","3,203,000,000","2,960,000,000","2,468,000,000","3,018,000,000","2,895,000,000","2,640,000,000","2,765,000,000","2,903,000,000","2,552,000,000","2,054,000,000","2,452,000,000","2,631,000,000","2,401,000,000","2,139,000,000","2,101,000,000","2,610,000,000","2,226,000,000","2,317,000,000","2,074,000,000","2,070,000,000","2,099,000,000","2,221,000,000","1,802,000,000","2,145,000,000","1,901,000,000","2,016,000,000","1,575,000,000","1,676,000,000","1,440,000,000","1,668,000,000","1,279,000,000","1,598,000,000","673,000,000","1,713,000,000","2,038,000,000","2,155,000,000","2,074,000,000","1,582,000,000","1,981,000,000","1,863,000,000","1,667,000,000","1,486,000,000","1,429,000,000","1,378,000,000","1,310,000,000","1,256,000,000","1,188,000,000","1,092,000,000","945,000,000","876,000,000","810,000,000","763,000,000","709,000,000","653,000,000","609,000,000","572,000,000","523,000,000","482,000,000","421,000,000","396,000,000","384,000,000","365,000,000","330,000,000","309,000,000","288,000,000","273,000,000",,,,,,,,,,,,,,,,,,,,,,,,,,,,,,,,,,,,,,,,,,,,,,,,,,,,,,,,,,
TotalExpenses,"263,627,000,000","68,202,000,000","66,625,000,000","65,343,000,000","63,457,000,000","61,950,000,000","60,464,000,000","52,897,000,000","59,425,000,000","55,806,000,000","55,337,000,000","55,851,000,000","55,476,000,000","53,920,000,000","51,966,000,000","51,882,000,000","51,135,000,000","48,084,000,000","46,234,000,000","46,322,000,000","45,310,000,000","44,348,000,000","42,713,000,000","43,282,000,000","41,567,000,000","41,131,000,000","38,471,000,000","33,368,000,000","33,116,000,000","30,668,000,000","29,856,000,000","30,022,000,000","29,654,000,000","28,665,000,000","27,993,000,000","28,007,000,000","28,201,000,000","26,668,000,000","24,692,000,000","25,039,000,000","24,965,000,000","23,842,000,000","23,210,000,000","23,135,000,000","23,211,000,000","22,228,000,000","21,523,000,000","21,363,000,000","21,177,000,000","20,209,000,000","20,019,000,000","20,215,000,000","20,336,000,000","19,175,000,000","18,558,000,000","19,599,000,000","18,591,000,000","16,667,000,000","16,524,000,000","16,926,000,000","17,465,000,000","16,147,000,000","16,107,000,000","16,196,000,000","16,100,000,000","10,616,000,000","9,944,000,000","9,801,000,000","9,631,000,000","9,323,000,000","8,767,000,000","7,759,000,000","7,268,000,000","6,713,000,000","6,475,000,000","6,378,000,000","6,322,000,000","6,073,000,000","5,675,000,000","5,555,000,000","5,531,000,000","5,599,000,000","5,545,000,000","5,429,000,000","5,315,000,000","5,104,000,000","5,060,000,000","4,932,000,000","4,826,000,000","32,504,000,000","-4,664,000,000","-4,633,000,000","-4,588,000,000","28,913,000,000","-4,146,000,000","-4,189,000,000","-3,906,000,000","19,242,600,000","-2,771,900,000","-2,745,800,000","-2,672,701,000","16,419,582,000","-2,437,959,000","-2,394,708,000","-2,124,504,000","8,096,073,000","-1,064,968,000","-1,014,064,000","-960,744,000","795,895,000","825,500,000","816,900,000","609,400,000","583,400,000","570,900,000","448,800,000","414,500,000","338,300,000","321,500,000","308,100,000","296,300,000","227,500,000","190,500,000","158,600,000","155,300,000","152,500,000","142,500,000","136,900,000","118,200,000","99,200,000","98,400,000","97,200,000",,,,,,,,,,,,,,,
NetIncomeFromContinuingAndDiscontinuedOperation,"17,285,000,000","4,071,000,000","4,086,000,000","4,266,000,000","4,862,000,000","2,212,000,000","3,172,000,000","6,637,000,000","3,382,000,000","3,541,000,000","3,538,000,000","3,293,000,000","3,467,000,000","3,040,000,000","3,188,000,000","2,922,000,000","2,836,000,000","3,617,000,000","2,485,000,000","2,284,000,000","2,172,000,000","1,684,000,000","1,968,000,000","1,754,000,000","1,611,000,000","1,218,000,000","1,597,000,000","1,585,000,000","1,413,000,000","1,510,000,000","1,602,000,000","1,408,000,000","1,099,000,000","1,427,000,000","1,570,000,000","1,436,000,000","1,192,000,000","1,244,000,000","1,557,000,000","1,337,000,000","1,388,000,000","1,258,000,000","1,271,000,000","1,267,000,000","1,346,000,000","1,043,000,000","1,277,000,000","1,123,000,000","1,191,000,000","944,000,000","1,035,000,000","859,000,000","984,000,000","726,000,000","920,000,000","337,000,000","994,000,000","1,216,000,000","1,283,000,000","1,228,000,000","927,000,000","1,175,000,000","1,112,000,000","981,000,000","899,000,000","870,000,000","842,000,000","809,000,000","779,000,000","739,000,000","698,000,000","596,000,000","554,000,000","507,000,000","476,000,000","439,000,000","403,000,000","379,000,000","353,000,000","325,000,000","295,000,000","247,000,000","231,000,000","223,000,000","212,000,000","210,000,000","182,000,000","170,000,000","174,000,000","157,000,000","144,000,000","135,000,000","132,000,000","132,000,000","135,000,000","-565,000,000","132,000,000","119,300,000","116,100,000","115,700,000","108,879,000","95,143,000","91,227,000","50,320,000","118,946,000","12,983,000","93,670,000","89,879,000","89,432,000","-1,292,861,000","80,800,000","52,700,000","64,300,000","55,600,000","50,200,000","41,300,000","38,100,000","32,200,000","29,400,000","27,600,000","25,000,000","21,200,000","19,700,000","18,300,000","15,600,000","10,200,000","9,200,000","7,800,000","6,700,000","4,800,000","3,700,000","2,900,000","2,300,000","1,200,000","-39,000,000","300,000","700,000","-4,200,000","-12,800,000","700,000","600,000","1,500,000","2,600,000","1,200,000","1,000,000","800,000","900,000"
NormalizedIncome,"15,437,420,000","3,404,212,720.157","3,687,624,000","3,829,540,000","4,507,180,000","1,876,107,830.552","2,903,485,000","6,377,840,000","3,104,600,000","3,200,028,767.711","3,167,530,000","2,837,876,000","3,141,785,000","2,778,315,789.474","2,891,950,000","2,645,100,000","2,602,070,000","3,438,200,000","2,318,275,000","2,108,640,000","2,016,600,000","1,527,400,000","1,853,400,000","1,638,200,000","1,500,834,000","1,110,000,000","1,495,000,000","1,456,600,000","1,325,400,000","1,402,100,000","1,490,200,000","1,245,500,000","974,850,000","1,311,636,203.866","1,465,680,000","1,310,225,000","1,063,704,000","1,124,632,780.083","1,464,926,182.708","1,222,197,298.601","1,277,932,687.875","1,165,681,653.747","1,159,681,092.221","1,164,616,161.616","1,229,513,076.557","1,043,000,000","1,277,000,000","1,123,000,000","1,191,000,000","944,000,000","1,035,000,000","859,000,000","984,000,000","726,000,000","920,000,000","337,000,000","994,000,000","1,216,000,000","1,283,000,000","1,228,000,000","927,000,000","622,394,708.423","1,112,000,000","981,000,000","899,000,000","549,372,230.428","842,000,000","809,000,000","779,000,000","488,797,556.719","698,000,000","596,000,000","554,000,000","341,225,190.84","476,000,000","439,000,000","403,000,000","379,000,000","353,000,000","325,000,000","295,000,000","247,000,000","231,000,000","223,000,000","212,000,000","193,125,000","182,000,000","170,000,000","174,000,000","157,000,000","144,000,000","135,000,000","132,000,000","132,000,000","135,000,000","38,276,877.761","132,000,000","119,300,000","116,100,000","115,700,000","108,879,000","104,297,408.533","91,227,000","59,460,985.23","118,946,000","12,983,000","93,670,000","89,879,000","89,432,000","-1,270,404,233.438","80,800,000","74,776,196.033","54,450,578.035","82,633,103.448","40,944,174.136","41,300,000","38,100,000","32,200,000","29,400,000","27,600,000","25,000,000","21,200,000","19,700,000","18,300,000","15,600,000","10,200,000","9,200,000","7,800,000","6,700,000","4,800,000","3,700,000","2,900,000","2,300,000","1,200,000","-39,000,000","300,000","700,000","-4,200,000","-12,800,000","700,000","600,000","1,500,000","2,600,000","1,200,000","1,000,000","800,000","900,000"
InterestIncome,,,,,,,,,,,,,,,,,,,,,,,,,,,,,,,,,,,,,,,,,,,,"160,000,000",,,,,,,,,,,,,,,,,,,,,,,,,,,,,,,,,,,,,,,,,,,,,,,,,,,,,,,,,,,,,,,,,,,,,,,,,,,,,,,,,,,,,,,,,,,,,,,,,,,,,,,
InterestExpense,"1,660,000,000","431,000,000","422,000,000","410,000,000","397,000,000","401,000,000","395,000,000","430,000,000","437,000,000","437,000,000","449,000,000","418,000,000","400,000,000","374,000,000","353,000,000","344,000,000","329,000,000","308,000,000","294,000,000","301,000,000","283,000,000","268,000,000","269,000,000","271,000,000","259,000,000","260,000,000","229,000,000","151,000,000","150,000,000","151,000,000","152,000,000","155,000,000","160,000,000","176,000,000","178,000,000","176,000,000","178,000,000","173,000,000","158,000,000","153,000,000","148,000,000","139,000,000","129,000,000","119,000,000","118,000,000","118,000,000","119,000,000","119,000,000","125,000,000","144,000,000","137,000,000","139,000,000","131,000,000","155,000,000","166,000,000","164,000,000",,,,,,,,,,,,,,,,,,,,,,,,,,,,,,,,,,,,,,,,,,,,,,,,,,,,,,,,,,,,,,,,,,,,,,,,,,,,,,,,,,,,,,,,,,,
NetInterestIncome,"-1,660,000,000","-431,000,000","-422,000,000","-410,000,000","-397,000,000","-401,000,000","-395,000,000","-430,000,000","-437,000,000","-437,000,000","-449,000,000","-418,000,000","-400,000,000","-374,000,000","-353,000,000","-344,000,000","-329,000,000","-308,000,000","-294,000,000","-301,000,000","-283,000,000","-268,000,000","-269,000,000","-271,000,000","-259,000,000","-260,000,000","-229,000,000","-151,000,000","-150,000,000","-151,000,000","-152,000,000","-155,000,000","-160,000,000","-176,000,000","-178,000,000","-176,000,000","-178,000,000","-173,000,000","-158,000,000","-153,000,000","-148,000,000","-139,000,000","-129,000,000","-119,000,000","-118,000,000","-118,000,000","-119,000,000","-119,000,000","-125,000,000","-144,000,000","-137,000,000","-139,000,000","-131,000,000","-155,000,000","-166,000,000","-164,000,000",,,,,,,,,,,,,,,,,,,,,,,,,,,,,,,,,,,,,,,,,,,,,,,,,,,,,,,,,,,,,,,,,,,,,,,,,,,,,,,,,,,,,,,,,,,
EBIT,"23,970,000,000","5,541,000,000","5,712,000,000","5,978,000,000","6,739,000,000","3,517,000,000","4,651,000,000","9,241,000,000","4,996,000,000","5,095,000,000","5,014,000,000","4,744,000,000","4,832,000,000","4,497,000,000","4,590,000,000","4,204,000,000","4,053,000,000","3,977,000,000","4,088,000,000","3,731,000,000","3,413,000,000","3,187,000,000","3,580,000,000","3,203,000,000","2,960,000,000","2,468,000,000","3,018,000,000","2,895,000,000","2,640,000,000","2,765,000,000","2,903,000,000","2,552,000,000","2,054,000,000","2,452,000,000","2,631,000,000","2,401,000,000","2,139,000,000","2,101,000,000","2,610,000,000","2,226,000,000","2,317,000,000","2,074,000,000","2,070,000,000","2,099,000,000","2,221,000,000","1,802,000,000","2,145,000,000","1,901,000,000","2,016,000,000","1,575,000,000","1,676,000,000","1,440,000,000","1,668,000,000","1,279,000,000","1,598,000,000","673,000,000","1,713,000,000","2,038,000,000","2,155,000,000","2,074,000,000","1,582,000,000","1,981,000,000","1,863,000,000","1,667,000,000","1,486,000,000","1,429,000,000","1,378,000,000","1,310,000,000","1,256,000,000","1,188,000,000","1,092,000,000","945,000,000","876,000,000","810,000,000","763,000,000","709,000,000","653,000,000","609,000,000","572,000,000","523,000,000","482,000,000","421,000,000","396,000,000","384,000,000","365,000,000","330,000,000","309,000,000","288,000,000","273,000,000","-27,512,000,000","9,567,000,000","9,491,000,000","9,397,000,000","-24,268,000,000","8,506,000,000","8,424,000,000","8,021,000,000","-16,189,100,000","5,730,800,000","5,676,300,000","5,523,812,000","-13,743,443,000","5,025,317,000","4,886,891,000","4,442,614,000","-5,902,511,000","2,280,504,000","2,172,009,000","2,064,579,000","173,087,000","131,300,000","122,600,000","88,100,000","129,600,000","64,000,000","64,900,000","60,100,000","50,100,000","45,600,000","42,900,000","39,000,000","32,700,000","30,300,000","28,100,000","24,100,000","16,000,000","14,300,000","13,300,000","11,700,000","8,700,000","6,900,000","5,600,000","96,000,000","-364,500,000","120,900,000","118,700,000","117,200,000","-347,500,000","111,600,000","111,100,000","104,200,000","-134,600,000","56,300,000","49,000,000","37,600,000","-65,000,000","27,800,000"
EBITDA,"27,073,000,000"
ReconciledCostOfRevenue,"217,945,000,000","56,159,000,000","55,104,000,000","54,206,000,000","52,476,000,000","49,704,000,000","49,571,000,000","42,179,000,000","48,687,000,000","45,787,000,000","45,668,000,000","46,782,000,000","46,320,000,000","44,580,000,000","42,876,000,000","42,898,000,000","42,047,000,000","39,686,000,000","38,269,000,000","38,438,000,000","37,755,000,000","36,004,000,000","35,165,000,000","35,978,000,000","34,307,000,000","34,437,000,000","31,718,000,000","27,137,000,000","26,789,000,000","24,442,000,000","24,047,000,000","24,452,000,000","24,100,000,000","23,261,000,000","22,775,000,000","22,842,000,000","23,251,000,000","21,445,000,000","20,098,000,000","20,633,000,000","20,573,000,000","19,244,000,000","19,017,000,000","19,132,000,000","19,324,000,000","7,638,000,000","21,276,000,000","21,114,000,000","20,929,000,000","19,951,000,000","19,769,000,000","19,966,000,000","20,102,000,000","15,430,000,000","15,330,000,000","15,610,000,000","15,469,000,000","13,762,000,000","13,706,000,000","14,125,000,000","14,610,000,000","13,414,000,000","13,520,000,000","13,553,000,000","13,373,000,000","8,624,000,000","8,138,000,000","8,061,000,000","7,902,000,000","7,625,000,000","7,180,000,000","6,326,000,000","5,869,000,000","5,381,000,000","5,174,000,000","5,109,000,000","5,050,000,000","4,830,000,000","4,509,000,000","4,418,000,000","4,435,000,000","8,458,000,000","4,465,000,000","4,394,000,000","4,306,000,000","4,155,000,000","4,105,000,000","3,992,000,000","3,903,000,000",,,,,,,,,,,,,,,,,,,,,"588,607,000","708,200,000","685,100,000","507,500,000","482,500,000","486,000,000","370,100,000","342,400,000","272,300,000","259,100,000","248,800,000","241,300,000","179,200,000","146,400,000","118,100,000","118,600,000","112,200,000","105,800,000","102,700,000","120,400,000","65,800,000","66,600,000","62,500,000",,,,,,,,,,,,,,,
ReconciledDepreciation,"3,103,000,000","771,000,000","796,000,000","778,000,000","758,000,000","732,000,000","719,000,000","717,000,000","723,000,000","718,000,000","709,000,000","654,000,000","639,000,000","637,000,000","611,000,000","598,000,000","582,000,000","578,000,000","578,000,000","556,000,000","533,000,000","527,000,000","515,000,000","511,000,000","502,000,000","484,000,000","452,000,000","379,000,000","378,000,000","381,000,000","373,000,000","364,000,000","360,000,000","350,000,000","349,000,000","340,000,000","336,000,000","370,000,000","317,000,000","326,000,000","296,000,000","290,000,000","294,000,000","270,000,000","270,000,000","320,000,000","247,000,000","249,000,000","248,000,000","258,000,000","250,000,000","249,000,000","234,000,000","259,000,000","254,000,000","243,000,000","225,000,000","207,000,000","202,000,000","196,000,000","191,000,000","177,000,000","168,000,000","168,000,000","157,000,000","120,000,000","116,000,000","108,000,000","109,000,000","106,000,000","99,000,000","87,000,000","82,000,000","77,000,000","75,000,000","74,000,000","73,000,000","71,000,000","66,000,000","62,000,000","56,000,000","70,000,000","67,000,000","64,000,000","64,000,000","62,000,000","62,000,000","61,000,000","62,000,000","62,000,000","61,000,000","55,000,000","55,000,000","52,000,000","43,000,000","48,000,000","42,000,000","39,600,000","37,300,000","35,493,000","33,607,000","36,227,000","33,909,000","31,929,000","31,101,000","35,066,000","19,343,000","20,384,000","19,665,000","112,579,000","-16,200,000","-16,400,000","-15,900,000","-13,800,000","-17,500,000","-8,700,000","-10,300,000","-11,800,000","-6,600,000","-6,500,000","-6,200,000","-4,200,000","-3,400,000","-3,400,000","-3,300,000","-3,200,000","-2,800,000","-2,400,000","-2,200,000","-2,200,000","-1,900,000","1,800,000",,,,,,,,,,,,,,,
NetIncomeFromContinuingOperationNetMinorityInterest,"17,285,000,000","4,071,000,000","4,086,000,000","4,266,000,000","4,862,000,000","2,212,000,000","3,172,000,000","6,637,000,000","3,382,000,000","3,541,000,000","3,538,000,000","3,293,000,000","3,467,000,000","3,040,000,000","3,188,000,000","2,922,000,000","2,836,000,000","3,617,000,000","2,485,000,000","2,284,000,000","2,172,000,000","1,684,000,000","1,968,000,000","1,754,000,000","1,611,000,000","1,218,000,000","1,597,000,000","1,585,000,000","1,413,000,000","1,510,000,000","1,602,000,000","1,408,000,000","1,099,000,000","1,427,000,000","1,570,000,000","1,436,000,000","1,192,000,000","1,244,000,000","1,557,000,000","1,337,000,000","1,388,000,000","1,258,000,000","1,271,000,000","1,267,000,000","1,346,000,000","1,043,000,000","1,277,000,000","1,123,000,000","1,191,000,000","944,000,000","1,035,000,000","859,000,000","984,000,000","726,000,000","920,000,000","337,000,000","994,000,000","1,216,000,000","1,283,000,000","1,228,000,000","927,000,000","1,175,000,000","1,112,000,000","981,000,000","899,000,000","870,000,000","842,000,000","809,000,000","779,000,000","739,000,000","698,000,000","596,000,000","554,000,000","507,000,000","476,000,000","439,000,000","403,000,000","379,000,000","353,000,000","325,000,000","295,000,000","247,000,000","231,000,000","223,000,000","212,000,000","210,000,000","182,000,000","170,000,000","174,000,000","157,000,000","144,000,000","135,000,000","132,000,000","132,000,000","135,000,000","-565,000,000","132,000,000","119,300,000","116,100,000","115,700,000","108,879,000","95,143,000","91,227,000","50,320,000","118,946,000","12,983,000","93,670,000","89,879,000","89,432,000","-1,292,861,000","80,800,000","52,700,000","64,300,000","55,600,000","50,200,000","41,300,000","38,100,000","32,200,000","29,400,000","27,600,000","25,000,000","21,200,000","19,700,000","18,300,000","15,600,000","10,200,000","9,200,000","7,800,000","6,700,000","4,800,000","3,700,000","2,900,000","2,300,000","1,200,000","-39,000,000","300,000","700,000","-4,200,000","-12,800,000","700,000","600,000","1,500,000","2,600,000","1,200,000","1,000,000","800,000","900,000"
TotalUnusualItemsExcludingGoodwill,"2,324,000,000","813,000,000","503,000,000","556,000,000","452,000,000","445,000,000","351,000,000","341,000,000","365,000,000","433,000,000","466,000,000","582,000,000","405,000,000","341,000,000","382,000,000","355,000,000","298,000,000","298,000,000","247,000,000","256,000,000","222,000,000","261,000,000","191,000,000","193,000,000","183,000,000","180,000,000","170,000,000","214,000,000","146,000,000","166,000,000","172,000,000","250,000,000","191,000,000","184,000,000","163,000,000","195,000,000","203,000,000","185,000,000","145,000,000","178,000,000","172,000,000","142,000,000","170,000,000","160,000,000","182,000,000",,,,,,,,,,,,"0","0","0","0","0","871,000,000","0","0","0","499,000,000","0","0","0","388,000,000","0","0","0","257,000,000","0","0","0","0","0","0","0","0","0","0","0","27,000,000","0","0","0",,,,,"0",,"-725,000,000",,,,,,"-14,968,000",,"-14,968,000",,,,,,"-35,980,000",,"-35,900,000","15,900,000","-42,300,000","14,400,000",,,,,,,,,,,,,,,,,,,,,,,,,,,,,,,,
TotalUnusualItems,"2,324,000,000","813,000,000","503,000,000","556,000,000","452,000,000","445,000,000","351,000,000","341,000,000","365,000,000","433,000,000","466,000,000","582,000,000","405,000,000","341,000,000","382,000,000","355,000,000","298,000,000","298,000,000","247,000,000","256,000,000","222,000,000","261,000,000","191,000,000","193,000,000","183,000,000","180,000,000","170,000,000","214,000,000","146,000,000","166,000,000","172,000,000","250,000,000","191,000,000","184,000,000","163,000,000","195,000,000","203,000,000","185,000,000","145,000,000","178,000,000","172,000,000","142,000,000","170,000,000","160,000,000","182,000,000",,,,,,,,,,,,"0","0","0","0","0","871,000,000","0","0","0","499,000,000","0","0","0","388,000,000","0","0","0","257,000,000","0","0","0","0","0","0","0","0","0","0","0","27,000,000","0","0","0",,,,,"0",,"-725,000,000",,,,,,"-14,968,000",,"-14,968,000",,,,,,"-35,980,000",,"-35,900,000","15,900,000","-42,300,000","14,400,000",,,,,,,,,,,,,,,,,,,,,,,,,,,,,,,,
NormalizedEBITDA,"24,749,000,000","5,499,000,000","6,005,000,000","6,200,000,000","7,045,000,000","3,804,000,000","5,019,000,000","9,617,000,000","5,354,000,000","5,380,000,000","5,257,000,000","4,816,000,000","5,066,000,000","4,793,000,000","4,819,000,000","4,447,000,000","4,337,000,000","4,257,000,000","4,419,000,000","4,031,000,000","3,724,000,000","3,453,000,000","3,904,000,000","3,521,000,000","3,279,000,000","2,772,000,000","3,300,000,000","3,060,000,000","2,872,000,000","2,980,000,000","3,104,000,000","2,666,000,000","2,223,000,000","2,618,000,000","2,817,000,000","2,546,000,000","2,272,000,000","2,286,000,000","2,782,000,000","2,374,000,000","2,441,000,000","2,222,000,000","2,194,000,000","2,209,000,000","2,309,000,000","2,122,000,000","2,392,000,000","2,150,000,000","2,264,000,000","1,833,000,000","1,926,000,000","1,689,000,000","1,902,000,000","1,538,000,000","1,852,000,000","916,000,000","1,938,000,000","2,245,000,000","2,357,000,000","2,270,000,000","1,773,000,000","1,287,000,000","2,031,000,000","1,835,000,000","1,643,000,000","1,050,000,000","1,494,000,000","1,418,000,000","1,365,000,000","906,000,000","1,191,000,000","1,032,000,000","958,000,000","630,000,000","838,000,000","783,000,000","726,000,000","680,000,000","638,000,000","585,000,000","538,000,000","491,000,000","463,000,000","448,000,000","429,000,000","365,000,000","371,000,000","349,000,000","335,000,000","-27,450,000,000","9,628,000,000","9,546,000,000","9,452,000,000","-24,216,000,000","8,549,000,000","9,197,000,000","8,063,000,000","-16,149,500,000","5,768,100,000","5,711,793,000","5,557,419,000","-13,692,248,000","5,059,226,000","4,933,788,000","4,473,715,000","-5,867,445,000","2,299,847,000","2,192,393,000","2,084,244,000","321,646,000","147,600,000","174,800,000","88,100,000","185,700,000","67,100,000","73,600,000","70,400,000","61,900,000","52,300,000","49,400,000","45,200,000","36,900,000","33,700,000","31,500,000","27,400,000","19,200,000","17,100,000","15,700,000","13,900,000","10,900,000","8,800,000","7,400,000","96,000,000","-364,500,000","120,900,000","118,700,000","117,200,000","-347,500,000","111,600,000","111,100,000","104,200,000","-134,600,000","56,300,000","49,000,000","37,600,000","-65,000,000","27,800,000"
TaxRateForCalcs,"0.205","0.18","0.208","0.215","0.215","0.245","0.235","0.24","0.24","0.213","0.205","0.218","0.197","0.233","0.225","0.22","0.215","0.4","0.325","0.315","0.3","0.4","0.4","0.4","0.398","0.4","0.4","0.4","0.4","0.35","0.35","0.35","0.35","0.373","0.36","0.355","0.368","0.355","0.365","0.355","0.36","0.35","0.345","0.36","0.36","0.381","0.37","0.37","0.37","0.34","0.327","0.34","0.36","0.354","0.358","0.338","0.362","0.355","0.363","0.367","0.368","0.366","0.359","0.368","0.36","0.357","0.36","0.355","0.355","0.355","0.34","0.35","0.35","0.355","0.356","0.359","0.36","0.354","0.356","0.354","0.356","0.378","0.381","0.381","0.38","0.375","0.375","0.375","0.32","0.349","0.371","0.369","0.371","0.371","0.369","0.168","0.368","0.379","0.379","0.374","0.39","0.388","0.39","0.389","0.382","0.338","0.373","0.371","0.372","0.376","0.381","0.385","0.381","0.361","0.357","0.361","0.362","0.352","0.351","0.351","0.351","0.342","0.341","0.339","0.342","0.342","0.343","0.345","0.343","0.368","0.362","0.356","0.4","0.4","0.4","0.4","0.4","0.4","0.4","0.4","0.4","0.4","0.4","0.4","0.4","0.4","0.4"
TaxEffectOfUnusualItems,"476,420,000","146,212,720.157","104,624,000","119,540,000","97,180,000","109,107,830.552","82,485,000","81,840,000","87,600,000","92,028,767.711","95,530,000","126,876,000","79,785,000","79,315,789.474","85,950,000","78,100,000","64,070,000","119,200,000","80,275,000","80,640,000","66,600,000","104,400,000","76,400,000","77,200,000","72,834,000","72,000,000","68,000,000","85,600,000","58,400,000","58,100,000","60,200,000","87,500,000","66,850,000","68,636,203.866","58,680,000","69,225,000","74,704,000","65,632,780.083","52,926,182.708","63,197,298.601","61,932,687.875","49,681,653.747","58,681,092.221","57,616,161.616","65,513,076.557","0","0","0","0","0","0","0","0","0","0","0","0","0","0","0","0","318,394,708.423","0","0","0","178,372,230.428","0","0","0","137,797,556.719","0","0","0","91,225,190.84","0","0","0","0","0","0","0","0","0","0","0","10,125,000","0","0","0","0","0","0","0","0","0","-121,723,122.239","0","0","0","0","0","-5,813,591.467","0","-5,827,014.77","0","0","0","0","0","-13,523,233.438","0","-13,823,803.967","6,050,578.035","-15,266,896.552","5,144,174.136","0","0","0","0","0","0","0","0","0","0","0","0","0","0","0","0","0","0","0","0","0","0","0","0","0","0","0","0","0","0","0","0"