name,ttm,12/31/2021,09/30/2021,06/30/2021,03/31/2021,12/31/2020,09/30/2020,06/30/2020,03/31/2020,12/31/2019,09/30/2019,06/30/2019,03/31/2019,12/31/2018,09/30/2018,06/30/2018,03/31/2018,12/31/2017,09/30/2017,06/30/2017,03/31/2017,12/31/2016,09/30/2016,06/30/2016,03/31/2016,12/31/2015,09/30/2015,06/30/2015,03/31/2015,12/31/2014,09/30/2014,06/30/2014,03/31/2014,12/31/2013,09/30/2013,06/30/2013,03/31/2013,12/31/2012,09/30/2012,06/30/2012,03/31/2012,12/31/2011,09/30/2011,06/30/2011,03/31/2011,12/31/2010,09/30/2010,06/30/2010,03/31/2010,12/31/2009,09/30/2009,06/30/2009,03/31/2009,12/31/2008,09/30/2008,06/30/2008,03/31/2008,12/31/2007,09/30/2007,06/30/2007,03/31/2007,12/31/2006,09/30/2006,06/30/2006,03/31/2006,12/31/2005,09/30/2005,06/30/2005,03/31/2005,12/31/2004,09/30/2004,06/30/2004,03/31/2004,12/31/2003,09/30/2003,06/30/2003,03/31/2003,12/31/2002,09/30/2002,06/30/2002,03/31/2002,12/31/2001,09/30/2001,06/30/2001,03/31/2001,12/31/2000,09/30/2000,06/30/2000,03/31/2000,12/31/1999,09/30/1999,06/30/1999,03/31/1999,12/31/1998,09/30/1998,06/30/1998,03/31/1998,12/31/1997,09/30/1997,06/30/1997,03/31/1997,12/31/1996,09/30/1996,06/30/1996,03/31/1996,12/31/1995,09/30/1995,06/30/1995,03/31/1995,12/31/1994,09/30/1994,06/30/1994,03/31/1994,12/31/1993,09/30/1993,06/30/1993,03/31/1993,12/31/1992,09/30/1992,06/30/1992,03/31/1992,12/31/1991,09/30/1991,06/30/1991,03/31/1991,12/31/1990,09/30/1990,06/30/1990,03/31/1990,12/31/1989,09/30/1989,06/30/1989,03/31/1989,12/31/1988,09/30/1988,06/30/1988,03/31/1988,12/31/1987,09/30/1987,06/30/1987,03/31/1987,12/31/1986,09/30/1986,06/30/1986,03/31/1986,12/31/1985,09/30/1985
TotalRevenue,"21,804,000,000","5,733,000,000","5,566,000,000","5,504,000,000","5,001,000,000","5,141,000,000","4,919,000,000","4,244,000,000","5,229,000,000","5,212,000,000","5,516,000,000","5,596,000,000","5,384,000,000","5,757,000,000","5,928,000,000","5,672,000,000","5,475,000,000","5,450,000,000","5,408,000,000","5,250,000,000","5,132,000,000","5,168,000,000","5,174,000,000","4,770,000,000","4,829,000,000","5,208,000,000","5,562,000,000","5,429,000,000","5,614,000,000","6,153,000,000","6,182,000,000","6,015,000,000","5,638,000,000","5,630,000,000","5,573,000,000","5,470,000,000","5,290,000,000","5,250,000,000","5,343,000,000","5,221,000,000","5,112,000,000","5,108,000,000","5,101,000,000","4,858,000,000","4,490,000,000","4,410,000,000","4,408,000,000","4,182,000,000","3,965,000,000","3,754,000,000","3,671,000,000","3,303,000,000","3,415,000,000","4,286,000,000","4,846,000,000","4,568,000,000","4,270,000,000","4,197,000,000","4,191,000,000","4,046,000,000","3,849,000,000","3,962,000,000","3,983,000,000","3,923,000,000","3,710,000,000","3,621,000,000","3,461,000,000","3,344,000,000","3,152,000,000","3,217,000,000","3,076,000,000","3,029,000,000","2,893,000,000","2,965,000,000","2,956,000,000","3,266,000,000","3,077,000,000","3,171,000,000","3,199,000,000","3,154,000,000","2,967,000,000","3,006,000,000","3,026,000,000","2,998,000,000","2,943,000,000","2,916,000,000","3,070,000,000","2,979,000,000","2,913,000,000","2,867,000,000","2,893,000,000","2,773,000,000","2,740,000,000","3,459,000,000","2,404,000,000","2,362,000,000","2,586,000,000","2,561,000,000","2,825,000,000","2,883,000,000","2,810,000,000","2,810,000,000","1,996,000,000","2,012,000,000","1,968,000,000","1,974,000,000","1,974,000,000","1,874,000,000","1,978,000,000","1,992,000,000","1,958,000,000","2,070,000,000","1,928,000,000","1,981,000,000","1,901,000,000","1,848,000,000","1,830,000,000","1,916,000,000","1,851,000,000","1,782,000,000","1,745,000,000","1,801,000,000","1,743,000,000","1,742,000,000","1,743,000,000","1,601,000,000","1,853,000,000","1,784,000,000","1,726,000,000","1,738,000,000","1,578,000,000","1,625,000,000","1,551,000,000","1,165,500,000","1,680,700,000","1,605,800,000","1,568,500,000","1,528,000,000","1,513,000,000","1,475,000,000","1,427,000,000","1,613,700,000","1,565,700,000","1,596,200,000","1,835,600,000","2,025,000,000","1,904,000,000"
	OperatingRevenue,"20,244,000,000","5,297,000,000","5,166,000,000","5,132,000,000","4,649,000,000","4,803,000,000","4,596,000,000","3,972,000,000","4,880,000,000","4,851,000,000","5,146,000,000","5,236,000,000","5,010,000,000","5,387,000,000","5,558,000,000","5,317,000,000","5,122,000,000","5,087,000,000","5,050,000,000","4,906,000,000","4,794,000,000","4,832,000,000","4,837,000,000","4,430,000,000","4,502,000,000","4,863,000,000","5,215,000,000","5,068,000,000","5,251,000,000","5,794,000,000","5,819,000,000","5,661,000,000","5,286,000,000","5,297,000,000","5,250,000,000","5,153,000,000","4,984,000,000","4,010,000,000","5,343,000,000","5,221,000,000","5,112,000,000","5,108,000,000","5,101,000,000","4,858,000,000","4,490,000,000","4,410,000,000","4,408,000,000","4,182,000,000","3,965,000,000","3,754,000,000","3,671,000,000","3,303,000,000","3,415,000,000","4,286,000,000","4,846,000,000","4,568,000,000","4,270,000,000","4,197,000,000","4,191,000,000","4,046,000,000","3,849,000,000","3,962,000,000","3,983,000,000","3,923,000,000","3,710,000,000","3,621,000,000","3,461,000,000","3,344,000,000","3,152,000,000","3,217,000,000","3,076,000,000","3,029,000,000","2,893,000,000","2,965,000,000","2,956,000,000","3,266,000,000","3,077,000,000","3,171,000,000","3,199,000,000","3,154,000,000","2,967,000,000","3,006,000,000","3,026,000,000","2,998,000,000","2,943,000,000","2,916,000,000","3,070,000,000","2,979,000,000","2,913,000,000","2,867,000,000","2,893,000,000","2,773,000,000","2,740,000,000","3,459,000,000","2,404,000,000","2,362,000,000","2,586,000,000","2,561,000,000","2,825,000,000","2,883,000,000","2,810,000,000","2,810,000,000","1,996,000,000","2,012,000,000","1,968,000,000","1,974,000,000","1,974,000,000","1,874,000,000","1,978,000,000","1,992,000,000","1,958,000,000","2,070,000,000","1,928,000,000","1,981,000,000","1,901,000,000","1,848,000,000","1,830,000,000","1,916,000,000","1,851,000,000","1,782,000,000","1,745,000,000","1,801,000,000","1,743,000,000","1,742,000,000","1,743,000,000","1,601,000,000","1,853,000,000","1,784,000,000","1,726,000,000","1,738,000,000","1,578,000,000","1,625,000,000","1,551,000,000","1,165,500,000","1,680,700,000","1,605,800,000","1,568,500,000","1,528,000,000","1,513,000,000","1,475,000,000","1,427,000,000","1,613,700,000","1,565,700,000","1,596,200,000","1,835,600,000","2,025,000,000","1,904,000,000"
CostOfRevenue,"11,290,000,000","2,991,000,000","2,864,000,000","2,747,000,000","2,688,000,000","2,622,000,000","2,589,000,000","2,355,000,000","2,788,000,000","2,881,000,000","3,005,000,000","3,089,000,000","3,119,000,000","3,326,000,000","3,372,000,000","3,325,000,000","3,270,000,000","2,960,000,000","3,166,000,000","3,026,000,000","3,079,000,000","2,970,000,000","2,943,000,000","2,866,000,000","2,893,000,000","3,055,000,000","3,149,000,000","3,255,000,000","3,378,000,000","3,552,000,000","3,610,000,000","3,591,000,000","3,558,000,000","3,469,000,000","3,406,000,000","3,373,000,000","3,420,000,000","8,200,000,000","1,722,000,000","1,723,000,000","1,748,000,000","1,732,000,000","1,715,000,000","1,703,000,000","1,603,000,000","1,432,000,000","1,365,000,000","1,362,000,000","1,305,000,000","1,228,000,000","1,159,000,000","1,068,000,000","468,000,000","1,510,000,000","1,942,000,000","1,991,000,000","2,352,000,000","460,000,000","2,098,000,000","2,139,000,000","1,978,000,000","149,000,000","2,130,000,000","2,129,000,000","2,040,000,000","220,000,000","1,949,000,000","1,849,000,000","1,804,000,000","-57,000,000","1,677,000,000","1,707,000,000","1,621,000,000","-227,000,000","1,428,000,000","1,556,000,000","1,581,000,000","-308,000,000","1,477,000,000","1,472,000,000","1,405,000,000","-1,208,000,000","1,433,000,000","1,479,000,000","1,456,000,000","-1,161,000,000","1,509,000,000","1,435,000,000","1,441,000,000","-1,286,000,000","1,349,000,000","1,332,000,000","1,363,000,000","-1,686,000,000","1,351,000,000","1,674,000,000","1,549,000,000","-663,000,000","1,416,000,000","1,401,000,000","1,503,000,000","-168,000,000","899,000,000","919,000,000","985,000,000","-757,000,000","897,000,000","826,000,000","852,000,000","849,000,000","802,000,000","893,000,000","843,000,000","695,000,000","658,000,000","610,000,000","625,000,000","601,000,000","587,000,000","548,000,000","571,000,000","604,000,000","562,000,000","570,000,000","582,000,000","433,000,000","671,000,000","615,000,000","584,000,000","598,000,000","489,000,000","538,000,000",,,,,,,,,,,,,,,
GrossProfit,"10,514,000,000","2,742,000,000","2,702,000,000","2,757,000,000","2,313,000,000","2,519,000,000","2,330,000,000","1,889,000,000","2,441,000,000","2,331,000,000","2,511,000,000","2,507,000,000","2,265,000,000","2,431,000,000","2,556,000,000","2,347,000,000","2,205,000,000","2,490,000,000","2,242,000,000","2,224,000,000","2,053,000,000","2,198,000,000","2,231,000,000","1,904,000,000","1,936,000,000","2,153,000,000","2,413,000,000","2,174,000,000","2,236,000,000","2,601,000,000","2,572,000,000","2,424,000,000","2,080,000,000","2,161,000,000","2,167,000,000","2,097,000,000","1,870,000,000","-2,950,000,000","3,621,000,000","3,498,000,000","3,364,000,000","3,376,000,000","3,386,000,000","3,155,000,000","2,887,000,000","2,978,000,000","3,043,000,000","2,820,000,000","2,660,000,000","2,526,000,000","2,512,000,000","2,235,000,000","2,947,000,000","2,776,000,000","2,904,000,000","2,577,000,000","1,918,000,000","3,737,000,000","2,093,000,000","1,907,000,000","1,871,000,000","3,813,000,000","1,853,000,000","1,794,000,000","1,670,000,000","3,401,000,000","1,512,000,000","1,495,000,000","1,348,000,000","3,274,000,000","1,399,000,000","1,322,000,000","1,272,000,000","3,192,000,000","1,528,000,000","1,710,000,000","1,496,000,000","3,479,000,000","1,722,000,000","1,682,000,000","1,562,000,000","4,214,000,000","1,593,000,000","1,519,000,000","1,487,000,000","4,077,000,000","1,561,000,000","1,544,000,000","1,472,000,000","4,153,000,000","1,544,000,000","1,441,000,000","1,377,000,000","5,145,000,000","1,053,000,000","688,000,000","1,037,000,000","3,224,000,000","1,409,000,000","1,482,000,000","1,307,000,000","2,978,000,000","1,097,000,000","1,093,000,000","983,000,000","2,731,000,000","1,077,000,000","1,048,000,000","1,126,000,000","1,143,000,000","1,156,000,000","1,177,000,000","1,085,000,000","1,286,000,000","1,243,000,000","1,238,000,000","1,205,000,000","1,315,000,000","1,264,000,000","1,234,000,000","1,174,000,000","1,197,000,000","1,181,000,000","1,172,000,000","1,161,000,000","1,168,000,000","1,182,000,000","1,169,000,000","1,142,000,000","1,140,000,000","1,089,000,000","1,087,000,000",,,,,,,,,,,,,,,
OperatingExpense,"1,176,000,000","302,000,000","270,000,000","284,000,000","320,000,000","513,000,000","299,000,000","235,000,000","298,000,000","231,000,000","277,000,000","247,000,000","305,000,000","221,000,000","287,000,000","248,000,000","266,000,000","239,000,000","230,000,000","219,000,000","260,000,000","233,000,000","271,000,000","244,000,000","249,000,000","235,000,000","205,000,000","225,000,000","259,000,000","228,000,000","242,000,000","228,000,000","226,000,000","188,000,000","205,000,000","219,000,000","237,000,000","-4,675,000,000","1,835,000,000","1,774,000,000","1,854,000,000","2,350,000,000","1,601,000,000","1,567,000,000","1,562,000,000","1,492,000,000","1,464,000,000","1,419,000,000","1,426,000,000","1,395,000,000","1,366,000,000","1,331,000,000","1,641,000,000","1,454,000,000","1,471,000,000","1,447,000,000","3,824,000,000","-4,966,000,000","3,599,000,000","3,727,000,000","3,552,000,000","-5,118,000,000","3,685,000,000","3,687,000,000","3,582,000,000","-4,502,000,000","3,445,000,000","3,320,000,000","3,287,000,000","-4,008,000,000","3,083,000,000","3,149,000,000","3,054,000,000","-3,314,000,000","2,781,000,000","3,117,000,000","3,154,000,000","-3,203,000,000","3,006,000,000","2,999,000,000","2,905,000,000","-3,284,000,000","2,881,000,000","2,922,000,000","2,931,000,000","-3,217,000,000","2,944,000,000","2,842,000,000","2,882,000,000","-966,000,000","2,099,000,000","2,079,000,000","2,156,000,000","-87,000,000","1,713,000,000","1,993,000,000","927,000,000","2,233,000,000","991,000,000","796,000,000","814,000,000","2,118,000,000","615,000,000","610,000,000","677,000,000","1,674,000,000","659,000,000","591,000,000","733,000,000","769,000,000","717,000,000","762,000,000","713,000,000","896,000,000","925,000,000","875,000,000","886,000,000","894,000,000","847,000,000","824,000,000","791,000,000","769,000,000","756,000,000","762,000,000","780,000,000","750,000,000","782,000,000","760,000,000","768,000,000","741,000,000","737,000,000","722,000,000",,,,,,,,,,,,,,,
	SellingGeneralAndAdministration,,,,,,,,,,,,,,,,,,,,,,,,,,,,,,,,,,,,,,,"1,188,000,000","1,151,000,000","1,211,000,000","1,155,000,000","1,193,000,000","1,166,000,000","1,167,000,000","1,112,000,000","1,092,000,000","1,051,000,000","1,059,000,000","1,018,000,000","999,000,000","976,000,000","1,296,000,000","1,101,000,000","1,123,000,000","1,101,000,000","1,474,000,000","-391,000,000","1,582,000,000","1,729,000,000","1,671,000,000","-546,000,000","1,698,000,000","1,731,000,000","1,716,000,000","-557,000,000","1,667,000,000","1,623,000,000","1,642,000,000","-664,000,000","1,553,000,000","1,644,000,000","1,634,000,000","-547,000,000","1,503,000,000","1,750,000,000","1,742,000,000","-489,000,000","1,678,000,000","1,674,000,000","1,638,000,000","-487,000,000","1,585,000,000","1,568,000,000","1,610,000,000","-392,000,000","1,594,000,000","1,529,000,000","1,580,000,000","-520,000,000","1,604,000,000","1,572,000,000","1,629,000,000","531,000,000","1,255,000,000","1,278,000,000","389,000,000","3,048,000,000","398,000,000","343,000,000","350,000,000","2,536,000,000","232,000,000","235,000,000","255,000,000","2,205,000,000","226,000,000","202,000,000","201,000,000","195,000,000","193,000,000","196,000,000","172,000,000","658,000,000","680,000,000","644,000,000","651,000,000","671,000,000","658,000,000","647,000,000","629,000,000","645,000,000","614,000,000","622,000,000","636,000,000","633,000,000","636,000,000","629,000,000","647,000,000","618,000,000","612,000,000","620,000,000",,,,,,,,,,,,,,,
		GeneralAndAdministrativeExpense,,,,,,,,,,,,,,,,,,,,,,,,,,,,,,,,,,,,,,,"1,188,000,000","1,151,000,000","1,211,000,000","1,155,000,000","1,193,000,000","1,166,000,000","1,167,000,000","1,112,000,000","1,092,000,000","1,051,000,000","1,059,000,000","1,018,000,000","999,000,000","976,000,000","1,296,000,000","1,101,000,000","1,123,000,000","1,101,000,000","1,474,000,000","-391,000,000","1,582,000,000","1,729,000,000","1,671,000,000","-546,000,000","1,698,000,000","1,731,000,000","1,716,000,000","-557,000,000","1,667,000,000","1,623,000,000","1,642,000,000","-664,000,000","1,553,000,000","1,644,000,000","1,634,000,000","-547,000,000","1,503,000,000","1,750,000,000","1,742,000,000","-489,000,000","1,678,000,000","1,674,000,000","1,638,000,000","-487,000,000","1,585,000,000","1,568,000,000","1,610,000,000","-392,000,000","1,594,000,000","1,529,000,000","1,580,000,000","-520,000,000","1,604,000,000","1,572,000,000","1,629,000,000","531,000,000","1,255,000,000","1,278,000,000","389,000,000","3,048,000,000","398,000,000","343,000,000","350,000,000","2,536,000,000","232,000,000","235,000,000","255,000,000","2,205,000,000","226,000,000","202,000,000","201,000,000","195,000,000","193,000,000","196,000,000","172,000,000",,,,,,,,,,,,,,,,,,,,,,,,,,,,,,,,,,
			SalariesAndWages,,,,,,,,,,,,,,,,,,,,,,,,,,,,,,,,,,,,,,,"1,188,000,000","1,151,000,000","1,211,000,000","1,155,000,000","1,193,000,000","1,166,000,000","1,167,000,000","1,112,000,000","1,092,000,000","1,051,000,000","1,059,000,000","1,018,000,000","999,000,000","976,000,000","1,070,000,000","1,101,000,000","1,123,000,000","1,101,000,000","-1,132,000,000","8,046,000,000","-1,112,000,000","-1,163,000,000","-1,180,000,000","8,029,000,000","-1,161,000,000","-1,140,000,000","-1,129,000,000","7,642,000,000","-1,093,000,000","-1,075,000,000","-1,099,000,000","7,283,000,000","-1,057,000,000","-1,048,000,000","-1,011,000,000","6,785,000,000","-977,000,000","-1,173,000,000","-1,172,000,000","7,850,000,000","-1,125,000,000","-1,119,000,000","-1,105,000,000","7,483,000,000","-1,059,000,000","-1,063,000,000","-1,085,000,000","7,474,000,000","-1,058,000,000","-1,040,000,000","-1,065,000,000","7,517,000,000","-1,099,000,000","-1,057,000,000","-1,076,000,000","7,127,000,000","-926,000,000","-930,000,000","-1,078,000,000","7,269,000,000","-1,040,000,000","-1,037,000,000","-1,026,000,000","5,493,000,000","-716,000,000","-744,000,000","-773,000,000","4,938,000,000","-726,000,000","-730,000,000","-684,000,000","-634,000,000","-643,000,000","-667,000,000","-651,000,000",,,,,,,,,,,,,,,,,,,,,,,,,,,,,,,,,,
			RentAndLandingFees,,,,,,,,,,,,,,,,,,,,,,,,,,,,,,,,,,,,,,,,"299,000,000",,,"293,000,000","283,000,000","302,000,000",,"292,000,000","282,000,000","290,000,000",,,"307,000,000","317,000,000",,,,"-342,000,000",,"-356,000,000","-370,000,000","-353,000,000",,"-371,000,000","-371,000,000","-367,000,000",,"-356,000,000","-340,000,000","-353,000,000",,"-354,000,000","-362,000,000","-327,000,000",,"-308,000,000","-335,000,000","-346,000,000",,"-349,000,000","-339,000,000","-341,000,000",,"-332,000,000","-331,000,000","-329,000,000",,"-352,000,000","-321,000,000","-327,000,000",,"-341,000,000","-325,000,000","-331,000,000",,"-329,000,000","-348,000,000","-363,000,000",,"-356,000,000","-317,000,000","-322,000,000",,"-208,000,000","-213,000,000","-227,000,000",,"-200,000,000","-178,000,000","-171,000,000","-164,000,000","-158,000,000","-175,000,000","-160,000,000",,,,,,,,,,,,,,,,,,,,,,,,,,,,,,,,,,
			InsuranceAndClaims,,,,,,,,,,,,,,,,,,,,,,,,,,,,,,,,,,,,,,,,,,,,,,,,,,,,,,,,,,,"-57,000,000","-98,000,000","-69,000,000",,"-83,000,000","-110,000,000","-110,000,000",,"-109,000,000","-104,000,000","-95,000,000",,"-71,000,000","-117,000,000","-148,000,000",,"-109,000,000","-121,000,000","-112,000,000",,"-102,000,000","-108,000,000","-96,000,000",,"-97,000,000","-87,000,000","-98,000,000",,"-92,000,000","-84,000,000","-94,000,000",,"-82,000,000","-95,000,000","-111,000,000",,,,,,,,,,,,,,,,,,,,,,,,,,,,,,,,,,,,,,,,,,,,,,,,,,,,,,
			OtherGandA,,,,,,,,,,,,,,,,,,,,,,,,,,,,,,,,,,,,,,,,"-299,000,000",,,"-293,000,000","-283,000,000","-302,000,000",,"-292,000,000","-282,000,000","-290,000,000",,,"-307,000,000","-91,000,000",,,,"2,948,000,000",,"3,107,000,000","3,360,000,000","3,273,000,000",,"3,313,000,000","3,352,000,000","3,322,000,000",,"3,225,000,000","3,142,000,000","3,189,000,000",,"3,035,000,000","3,171,000,000","3,120,000,000",,"2,897,000,000","3,379,000,000","3,372,000,000",,"3,254,000,000","3,240,000,000","3,180,000,000",,"3,073,000,000","3,049,000,000","3,122,000,000",,"3,096,000,000","2,974,000,000","3,066,000,000",,"3,126,000,000","3,049,000,000","3,147,000,000",,"2,510,000,000","2,556,000,000","1,830,000,000",,"1,794,000,000","1,697,000,000","1,698,000,000",,"1,156,000,000","1,192,000,000","1,255,000,000",,"1,152,000,000","1,110,000,000","1,056,000,000","993,000,000","994,000,000","1,038,000,000","983,000,000",,,,,,,,,,,,,,,,,,,,,,,,,,,,,,,,,,
	DepreciationAmortizationDepletionIncomeStatement,,,,,,,,,,,,,,,,,,,,,,,,,,,,,,,,,,,,,,,"447,000,000","433,000,000","427,000,000","413,000,000","408,000,000","401,000,000","395,000,000","380,000,000","372,000,000","368,000,000","367,000,000","377,000,000","367,000,000","355,000,000","345,000,000","353,000,000","348,000,000","346,000,000","340,000,000","337,000,000","332,000,000","327,000,000","325,000,000","315,000,000","311,000,000","308,000,000","303,000,000","300,000,000","294,000,000","292,000,000","289,000,000","282,000,000","278,000,000","277,000,000","274,000,000","272,000,000","267,000,000","267,000,000","289,000,000","305,000,000","302,000,000","300,000,000","299,000,000","297,000,000","292,000,000","293,000,000","292,000,000","290,000,000","285,000,000","283,000,000","282,000,000","274,000,000","271,000,000","268,000,000","270,000,000","319,000,000","253,000,000","251,000,000","263,000,000","264,000,000","260,000,000","261,000,000","258,000,000","246,000,000","170,000,000","174,000,000","172,000,000","173,000,000","172,000,000","159,000,000","248,000,000","272,000,000","243,000,000","261,000,000","248,000,000","238,000,000","245,000,000","231,000,000","235,000,000","276,000,000","223,000,000","204,000,000","206,000,000","173,000,000","189,000,000","192,000,000","194,000,000","174,000,000","181,000,000","175,000,000","167,000,000","159,000,000","154,000,000","146,000,000",,,,,,,,,,,,,,,
		DepreciationAndAmortizationInIncomeStatement,,,,,,,,,,,,,,,,,,,,,,,,,,,,,,,,,,,,,,,"447,000,000","433,000,000","427,000,000","413,000,000","408,000,000","401,000,000","395,000,000","380,000,000","372,000,000","368,000,000","367,000,000","377,000,000","367,000,000","355,000,000","345,000,000","353,000,000","348,000,000","346,000,000","340,000,000","337,000,000","332,000,000","327,000,000","325,000,000","315,000,000","311,000,000","308,000,000","303,000,000","300,000,000","294,000,000","292,000,000","289,000,000","282,000,000","278,000,000","277,000,000","274,000,000","272,000,000","267,000,000","267,000,000","289,000,000","305,000,000","302,000,000","300,000,000","299,000,000","297,000,000","292,000,000","293,000,000","292,000,000","290,000,000","285,000,000","283,000,000","282,000,000","274,000,000","271,000,000","268,000,000","270,000,000","319,000,000","253,000,000","251,000,000","263,000,000","264,000,000","260,000,000","261,000,000","258,000,000","246,000,000","170,000,000","174,000,000","172,000,000","173,000,000","172,000,000","159,000,000","248,000,000","272,000,000","243,000,000","261,000,000","248,000,000","238,000,000","245,000,000","231,000,000","235,000,000","276,000,000","223,000,000","204,000,000","206,000,000","173,000,000","189,000,000","192,000,000","194,000,000","174,000,000","181,000,000","175,000,000","167,000,000","159,000,000","154,000,000","146,000,000",,,,,,,,,,,,,,,
			DepreciationIncomeStatement,,,,,,,,,,,,,,,,,,,,,,,,,,,,,,,,,,,,,,,"447,000,000","433,000,000","427,000,000","413,000,000","408,000,000","401,000,000","395,000,000","380,000,000","372,000,000","368,000,000","367,000,000","377,000,000","367,000,000","355,000,000","345,000,000","353,000,000","348,000,000","346,000,000","340,000,000","337,000,000","332,000,000","327,000,000","325,000,000","315,000,000","311,000,000","308,000,000","303,000,000","300,000,000","294,000,000","292,000,000","289,000,000","282,000,000","278,000,000","277,000,000","274,000,000","272,000,000","267,000,000","267,000,000","289,000,000","305,000,000","302,000,000","300,000,000","299,000,000","297,000,000","292,000,000","293,000,000","292,000,000","290,000,000","285,000,000","283,000,000","282,000,000",,"271,000,000","268,000,000","270,000,000",,"253,000,000","251,000,000","263,000,000",,"260,000,000","261,000,000","258,000,000",,"170,000,000","174,000,000","172,000,000",,"172,000,000","159,000,000","248,000,000","272,000,000","243,000,000","261,000,000","248,000,000","238,000,000","245,000,000","231,000,000","235,000,000","276,000,000","223,000,000","204,000,000","206,000,000","173,000,000","189,000,000","192,000,000","194,000,000","174,000,000","181,000,000","175,000,000","167,000,000","159,000,000","154,000,000","146,000,000",,,,,,,,,,,,,,,
	OtherTaxes,,,,,,,,,,,,,,,,,,,,,,,,,,,,,,,,,,,,,,,,,,,,,,,,,,,,,,,,,,,,,,,,,,,,,,,,,,,,,,,,,,,,,,,,,,,,,,,,,,,,,,,,,,,,,,,,,,,,,,"-53,000,000","-34,000,000","-27,000,000","-44,000,000","-49,000,000","-47,000,000","-52,000,000","-50,000,000","-57,000,000","-35,000,000","-44,000,000","-46,000,000","-36,000,000","-29,000,000","-44,000,000",,,,,,,,,,,,,,,
	OtherOperatingExpenses,"1,176,000,000","302,000,000","270,000,000","284,000,000","320,000,000","513,000,000","299,000,000","235,000,000","298,000,000","231,000,000","277,000,000","247,000,000","305,000,000","221,000,000","287,000,000","248,000,000","266,000,000","239,000,000","230,000,000","219,000,000","260,000,000","233,000,000","271,000,000","244,000,000","249,000,000","235,000,000","205,000,000","225,000,000","259,000,000","228,000,000","242,000,000","228,000,000","226,000,000","188,000,000","205,000,000","219,000,000","237,000,000","182,000,000","200,000,000","190,000,000","216,000,000",,"207,000,000","196,000,000","188,000,000",,"178,000,000","122,000,000","246,000,000",,,"153,000,000",,,,,"2,010,000,000",,"1,685,000,000","1,671,000,000","1,556,000,000",,"1,676,000,000","1,648,000,000","1,563,000,000",,"1,484,000,000","1,405,000,000","1,356,000,000",,"1,252,000,000","1,228,000,000","1,146,000,000",,"1,011,000,000","1,100,000,000","1,123,000,000",,"1,026,000,000","1,025,000,000","968,000,000",,"1,004,000,000","1,061,000,000","1,029,000,000",,"1,065,000,000","1,030,000,000","1,020,000,000",,"224,000,000","239,000,000","257,000,000",,"205,000,000","464,000,000","275,000,000",,"333,000,000","192,000,000","206,000,000",,"213,000,000","201,000,000","250,000,000",,"261,000,000","230,000,000","284,000,000","302,000,000","281,000,000","305,000,000","293,000,000",,,,,,,,,,,,,,,,,,,,,,,,,,,,,,,,,,
OperatingIncome,"9,338,000,000","2,440,000,000","2,432,000,000","2,473,000,000","1,993,000,000","2,006,000,000","2,031,000,000","1,654,000,000","2,143,000,000","2,100,000,000","2,234,000,000","2,260,000,000","1,960,000,000","2,210,000,000","2,269,000,000","2,099,000,000","1,939,000,000","2,251,000,000","2,012,000,000","2,005,000,000","1,793,000,000","1,965,000,000","1,960,000,000","1,660,000,000","1,687,000,000","1,918,000,000","2,208,000,000","1,949,000,000","1,977,000,000","2,373,000,000","2,330,000,000","2,196,000,000","1,854,000,000","1,973,000,000","1,962,000,000","1,878,000,000","1,633,000,000","1,725,000,000","1,786,000,000","1,724,000,000","1,510,000,000","1,026,000,000","1,785,000,000","1,588,000,000","1,325,000,000","1,486,000,000","1,579,000,000","1,401,000,000","1,234,000,000","1,131,000,000","1,146,000,000","904,000,000","1,306,000,000","1,322,000,000","1,433,000,000","1,130,000,000","-1,906,000,000","8,703,000,000","-1,506,000,000","-1,820,000,000","-1,681,000,000","8,931,000,000","-1,832,000,000","-1,893,000,000","-1,912,000,000","7,903,000,000","-1,933,000,000","-1,825,000,000","-1,939,000,000","7,282,000,000","-1,684,000,000","-1,827,000,000","-1,782,000,000","6,506,000,000","-1,253,000,000","-1,407,000,000","-1,658,000,000","6,682,000,000","-1,284,000,000","-1,317,000,000","-1,343,000,000","7,498,000,000","-1,288,000,000","-1,403,000,000","-1,444,000,000","7,294,000,000","-1,383,000,000","-1,298,000,000","-1,410,000,000","5,119,000,000","-555,000,000","-638,000,000","-779,000,000","5,232,000,000","-660,000,000","-1,305,000,000","110,000,000","991,000,000","418,000,000","686,000,000","493,000,000","860,000,000","482,000,000","483,000,000","306,000,000","1,057,000,000","418,000,000","457,000,000","393,000,000","374,000,000","439,000,000","415,000,000","372,000,000","390,000,000","318,000,000","363,000,000","319,000,000","421,000,000","417,000,000","410,000,000","383,000,000","428,000,000","425,000,000","410,000,000","381,000,000","418,000,000","400,000,000","409,000,000","374,000,000","399,000,000","352,000,000","365,000,000","1,551,000,000","-3,410,500,000","1,680,700,000","1,605,800,000","1,568,500,000","-2,112,000,000","1,513,000,000","1,475,000,000","1,427,000,000","-2,752,300,000","1,565,700,000","1,596,200,000","1,835,600,000","-4,567,000,000","1,904,000,000"
NetNonOperatingInterestIncomeExpense,"-1,152,000,000","-294,000,000","-288,000,000","-281,000,000","-289,000,000","-278,000,000","-293,000,000","-286,000,000","-272,000,000","-240,000,000","-256,000,000","-253,000,000","-238,000,000","-229,000,000","-231,000,000","-198,000,000","-182,000,000","-182,000,000","-176,000,000","-175,000,000","-170,000,000","-171,000,000","-181,000,000","-170,000,000","-165,000,000","-163,000,000","-155,000,000","-152,000,000","-147,000,000","-145,000,000","-143,000,000","-137,000,000","-132,000,000","-123,000,000","-138,000,000","-133,000,000","-128,000,000","-127,000,000","-136,000,000","-135,000,000","-134,000,000","-143,000,000","-142,000,000","-147,000,000","-140,000,000","-141,000,000","-152,000,000","-151,000,000","-154,000,000","-153,000,000","-155,000,000","-148,000,000","-139,000,000","-122,000,000","-126,000,000","-124,000,000",,,,,,,,,,,,,,,,,,,,,,,,,,,,,,,,,,,,,,,,,,,,,,,,,,,,,,,,,,,,,,,,,,,,,,,,,,,,,,,,,,,,,,,,,,,
	InterestIncomeNonOperating,"5,000,000","1,000,000","2,000,000","1,000,000","1,000,000","1,000,000","2,000,000","3,000,000","6,000,000","38,000,000","10,000,000","6,000,000","9,000,000","11,000,000","10,000,000","5,000,000","4,000,000","6,000,000","4,000,000","4,000,000","2,000,000","3,000,000","3,000,000","3,000,000","2,000,000","1,000,000","2,000,000","1,000,000","1,000,000","1,000,000","1,000,000","1,000,000","1,000,000",,,,,"1,000,000","1,000,000","0","1,000,000",,"0","1,000,000","1,000,000","1,000,000","1,000,000","1,000,000","1,000,000","0","1,000,000","2,000,000","2,000,000","5,000,000","4,000,000","4,000,000",,,,,,,,,,,,,,,,,,,,,,,,,,,,,,,,,,,,,,,,,,,,,,,,,,,,,,,,,,,,,,,,,,,,,,,,,,,,,,,,,,,,,,,,,,,
	InterestExpenseNonOperating,"1,157,000,000","295,000,000","290,000,000","282,000,000","290,000,000","279,000,000","295,000,000","289,000,000","278,000,000","278,000,000","266,000,000","259,000,000","247,000,000","240,000,000","241,000,000","203,000,000","186,000,000","188,000,000","180,000,000","179,000,000","172,000,000","174,000,000","184,000,000","173,000,000","167,000,000","164,000,000","157,000,000","153,000,000","148,000,000","146,000,000","144,000,000","138,000,000","133,000,000","127,000,000","138,000,000","133,000,000","128,000,000","128,000,000","137,000,000","135,000,000","135,000,000","141,000,000","142,000,000","148,000,000","141,000,000","142,000,000","153,000,000","152,000,000","155,000,000","153,000,000","156,000,000","150,000,000","141,000,000","127,000,000","130,000,000","128,000,000",,,,,,,,,,,,,,,,,,,,,,,,,,,,,,,,,,,,,,,,,,,,,,,,,,,,,,,,,,,,,,,,,,,,,,,,,,,,,,,,,,,,,,,,,,,
OtherIncomeExpense,"292,000,000","82,000,000","36,000,000","124,000,000","50,000,000","65,000,000","35,000,000","128,000,000","47,000,000","18,000,000","43,000,000","51,000,000","68,000,000","35,000,000","38,000,000","37,000,000","-46,000,000","23,000,000","147,000,000","39,000,000","65,000,000","37,000,000","26,000,000","74,000,000","44,000,000","27,000,000","28,000,000","141,000,000","25,000,000","70,000,000","19,000,000","21,000,000","37,000,000","33,000,000","28,000,000","23,000,000","40,000,000","42,000,000","27,000,000","21,000,000","15,000,000",,"-190,000,000","-213,000,000","-174,000,000","-165,000,000","-154,000,000","-104,000,000","-246,000,000","-106,000,000","-166,000,000","-20,000,000","21,000,000","-161,000,000","-199,000,000","-184,000,000","25,000,000","-281,000,000","25,000,000","36,000,000","15,000,000","-353,000,000","22,000,000","29,000,000","10,000,000","-357,000,000","42,000,000","29,000,000","20,000,000","-672,000,000","30,000,000","8,000,000","28,000,000","-370,000,000","15,000,000","5,000,000","13,000,000","-306,000,000","161,000,000","35,000,000","21,000,000","-1,265,000,000","31,000,000","75,000,000","30,000,000","-1,231,000,000","17,000,000","24,000,000","20,000,000","-1,285,000,000","24,000,000","24,000,000","31,000,000","-2,396,000,000","37,000,000","53,000,000","23,000,000","-1,064,000,000","102,000,000","19,000,000","38,000,000","-617,000,000","52,000,000","32,000,000","18,000,000","-1,020,000,000","35,000,000","22,000,000","42,000,000","56,000,000","10,000,000","9,000,000","172,000,000","24,000,000","25,000,000","20,000,000","20,000,000","63,000,000","26,000,000","48,000,000","9,000,000","49,000,000","-842,000,000","30,000,000","15,000,000","50,000,000","17,000,000","12,000,000","16,000,000","26,000,000","27,000,000","21,000,000",,,,,,,,,,,,,,,
	GainOnSaleOfSecurity,"36,000,000","28,000,000","-12,000,000","20,000,000",,,,,,,,,,,,,,,,,,,,,,,,,,,,,,,,,,,,,,,,,,,,,,,,,,,,,,,,,,,,,,,,,,,,,,,,,,,,,,,,,,,,,,,,,,,,,,,,,,,,,,,,,,,,,,,,,,,,,,,,,,,,,,,,,,,,,,,,,,,,,,,
	SpecialIncomeCharges,"98,000,000","14,000,000","12,000,000","63,000,000","9,000,000","18,000,000","3,000,000","83,000,000","11,000,000","4,000,000","4,000,000","6,000,000","4,000,000","11,000,000","6,000,000","7,000,000","-79,000,000","3,000,000","63,000,000","11,000,000","34,000,000","3,000,000","3,000,000","63,000,000","25,000,000","6,000,000","10,000,000","121,000,000","7,000,000","53,000,000","5,000,000","7,000,000","4,000,000","10,000,000","18,000,000","-1,000,000","4,000,000","-40,000,000","27,000,000","21,000,000","-5,000,000",,"-210,000,000","-194,000,000","-194,000,000","-188,000,000","-174,000,000","-125,000,000","-266,000,000","-123,000,000","-183,000,000","-39,000,000","21,000,000","-181,000,000","-222,000,000","-204,000,000","25,000,000","-281,000,000","25,000,000","36,000,000","15,000,000","-353,000,000","22,000,000","29,000,000","10,000,000","-357,000,000","42,000,000","29,000,000","20,000,000","-672,000,000","30,000,000","8,000,000","28,000,000","-370,000,000","15,000,000","5,000,000","13,000,000","-306,000,000","161,000,000","35,000,000","21,000,000","-1,265,000,000","31,000,000","75,000,000","30,000,000","-1,231,000,000","17,000,000","24,000,000","20,000,000","-1,285,000,000","24,000,000","24,000,000","31,000,000","-2,396,000,000","37,000,000","53,000,000","23,000,000","-1,064,000,000","102,000,000","19,000,000","38,000,000","-617,000,000","52,000,000","32,000,000","18,000,000","-1,020,000,000","35,000,000","22,000,000","42,000,000","56,000,000","10,000,000","9,000,000","172,000,000","24,000,000","25,000,000","20,000,000","20,000,000","63,000,000","26,000,000","48,000,000","9,000,000","49,000,000","-842,000,000","30,000,000","15,000,000","50,000,000","17,000,000","12,000,000","16,000,000","26,000,000","27,000,000","21,000,000",,,,,,,,,,,,,,,
		OtherSpecialCharges,,,,,,,,,,,,,,"0",,,"85,000,000",,,,,,,,,,,,,,,,,"0",,"1,000,000",,"69,000,000","-27,000,000",,,,"210,000,000","194,000,000",,,,,"266,000,000","123,000,000","183,000,000","39,000,000",,"181,000,000","222,000,000","204,000,000",,,,,,,,,,,,,,,,,,,,,,,,,,,,,,,,,,,,,,,,,,,,,,,,,,,,,,,,,,,,,,,,,,,,,,,,,,,,,,,,,,,,,,,,,,,
		GainOnSaleOfPPE,"98,000,000","14,000,000","12,000,000","63,000,000","9,000,000","18,000,000","3,000,000","83,000,000","11,000,000","6,000,000","4,000,000","6,000,000","4,000,000","11,000,000","6,000,000","7,000,000","6,000,000","3,000,000","63,000,000","11,000,000","34,000,000","3,000,000","3,000,000","63,000,000","25,000,000","6,000,000","10,000,000","121,000,000","7,000,000","53,000,000","5,000,000","7,000,000","4,000,000","10,000,000","18,000,000","0","4,000,000",,,,,,,,,,,,,,,,,,,,,,,,,,,,,,,,,,,,,,,,,,,,,,,,,,,,,,,,,,,,,,,,,,,,,,,,,,,,,,,,,,,,,,,,,,,,,,,,,,,,,,,,,,,,,,
	OtherNonOperatingIncomeExpenses,"158,000,000","40,000,000","36,000,000","41,000,000","41,000,000","47,000,000","32,000,000","45,000,000","36,000,000","14,000,000","39,000,000","45,000,000","64,000,000","24,000,000","32,000,000","30,000,000","33,000,000","20,000,000","84,000,000","28,000,000","31,000,000","34,000,000","23,000,000","11,000,000","19,000,000","21,000,000","18,000,000","20,000,000","18,000,000","17,000,000","14,000,000","14,000,000","33,000,000","23,000,000","10,000,000","24,000,000","36,000,000","43,000,000",,,"20,000,000",,"20,000,000","-19,000,000","20,000,000","23,000,000","20,000,000","21,000,000","20,000,000","17,000,000","17,000,000","19,000,000",,"20,000,000","23,000,000","20,000,000",,,,,,,,,,,,,,,,,,,,,,,,,,,,,,,,,,,,,,,,,,,,,,,,,,,,,,,,,,,,,,,,,,,,,,,,,,,,,,,,,,,,,,,,,,,
PretaxIncome,"8,478,000,000","2,228,000,000","2,180,000,000","2,316,000,000","1,754,000,000","1,793,000,000","1,773,000,000","1,496,000,000","1,918,000,000","1,878,000,000","2,021,000,000","2,058,000,000","1,790,000,000","2,016,000,000","2,076,000,000","1,938,000,000","1,711,000,000","2,092,000,000","1,983,000,000","1,869,000,000","1,688,000,000","1,831,000,000","1,805,000,000","1,564,000,000","1,566,000,000","1,782,000,000","2,081,000,000","1,938,000,000","1,855,000,000","2,298,000,000","2,206,000,000","2,080,000,000","1,759,000,000","1,883,000,000","1,852,000,000","1,768,000,000","1,545,000,000","1,640,000,000","1,677,000,000","1,610,000,000","1,391,000,000","1,530,000,000","1,453,000,000","1,270,000,000","1,011,000,000","1,180,000,000","1,273,000,000","1,146,000,000","834,000,000","872,000,000","825,000,000","736,000,000","554,000,000","1,039,000,000","1,108,000,000","822,000,000","687,000,000","779,000,000","906,000,000","703,000,000","621,000,000","749,000,000","655,000,000","626,000,000","495,000,000","467,000,000","399,000,000","369,000,000","201,000,000","96,000,000","316,000,000","237,000,000","207,000,000","501,000,000","467,000,000","460,000,000","243,000,000","533,000,000","648,000,000","478,000,000","357,000,000","424,000,000","430,000,000","391,000,000","288,000,000","228,000,000","406,000,000","386,000,000","290,000,000","365,000,000","355,000,000","281,000,000","201,000,000","-365,000,000","51,000,000","-269,000,000","-105,000,000","-245,000,000","369,000,000","348,000,000","205,000,000","359,000,000","332,000,000","284,000,000","138,000,000","241,000,000","261,000,000","224,000,000","288,000,000","335,000,000","318,000,000","326,000,000","427,000,000","337,000,000","264,000,000","299,000,000","255,000,000","286,000,000","285,000,000","313,000,000","217,000,000","285,000,000","-609,000,000","237,000,000","199,000,000","259,000,000","251,000,000","238,000,000","204,000,000","250,000,000","219,000,000","211,000,000",,,,,,,,,,,,,,,
TaxProvision,"1,955,000,000","517,000,000","507,000,000","518,000,000","413,000,000","413,000,000","410,000,000","364,000,000","444,000,000","475,000,000","466,000,000","488,000,000","399,000,000","462,000,000","483,000,000","429,000,000","401,000,000","-5,186,000,000","789,000,000","701,000,000","616,000,000","687,000,000","674,000,000","585,000,000","587,000,000","665,000,000","781,000,000","734,000,000","704,000,000","867,000,000","836,000,000","789,000,000","671,000,000","709,000,000","701,000,000","662,000,000","588,000,000","604,000,000","635,000,000","608,000,000","528,000,000","566,000,000","549,000,000","485,000,000","372,000,000","405,000,000","495,000,000","435,000,000","318,000,000","321,000,000","308,000,000","268,000,000","192,000,000","378,000,000","405,000,000","291,000,000","244,000,000","288,000,000","374,000,000","257,000,000","235,000,000","264,000,000","235,000,000","236,000,000","184,000,000","171,000,000","30,000,000","136,000,000","73,000,000","17,000,000","114,000,000","79,000,000","42,000,000","168,000,000","167,000,000","172,000,000","88,000,000","155,000,000","211,000,000","174,000,000","135,000,000","149,000,000","163,000,000","148,000,000","107,000,000","71,000,000","150,000,000","142,000,000","105,000,000","123,000,000","137,000,000","87,000,000","72,000,000","77,000,000","19,000,000","-111,000,000","-43,000,000","-93,000,000","129,000,000","132,000,000","77,000,000","130,000,000","121,000,000","98,000,000","31,000,000","62,000,000","101,000,000","74,000,000","97,000,000","100,000,000","108,000,000","106,000,000","144,000,000","102,000,000","156,000,000","101,000,000","91,000,000","94,000,000","100,000,000","107,000,000","72,000,000","101,000,000","-203,000,000","84,000,000","66,000,000","83,000,000","90,000,000","85,000,000","76,000,000","82,000,000","82,000,000","59,000,000",,,,,,,,,,,,,,,
NetIncomeCommonStockholders,"6,523,000,000","1,711,000,000","1,673,000,000","1,798,000,000","1,341,000,000","1,380,000,000","1,363,000,000","1,132,000,000","1,474,000,000","1,403,000,000","1,555,000,000","1,570,000,000","1,391,000,000","1,554,000,000","1,593,000,000","1,509,000,000","1,310,000,000","7,278,000,000","1,194,000,000","1,168,000,000","1,072,000,000","1,144,000,000","1,131,000,000","979,000,000","979,000,000","1,117,000,000","1,300,000,000","1,204,000,000","1,151,000,000","1,431,000,000","1,370,000,000","1,291,000,000","1,088,000,000","1,174,000,000","1,151,000,000","1,106,000,000","957,000,000","1,036,000,000","1,042,000,000","1,002,000,000","863,000,000","964,000,000","904,000,000","785,000,000","639,000,000","775,000,000","778,000,000","711,000,000","516,000,000","551,000,000","517,000,000","468,000,000","362,000,000","661,000,000","703,000,000","531,000,000","443,000,000","491,000,000","532,000,000","446,000,000","386,000,000","485,000,000","420,000,000","390,000,000","311,000,000","296,000,000","369,000,000","233,000,000","128,000,000","79,000,000","202,000,000","158,000,000","165,000,000","551,000,000","317,000,000","288,000,000","429,000,000","378,000,000","437,000,000","304,000,000","222,000,000","275,000,000","267,000,000","243,000,000","181,000,000","157,000,000","256,000,000","244,000,000","185,000,000","242,000,000","245,000,000","194,000,000","129,000,000","-190,000,000","38,000,000","-419,000,000","-62,000,000","-152,000,000","240,000,000","216,000,000","128,000,000","229,000,000","275,000,000","244,000,000","156,000,000","294,000,000","237,000,000","224,000,000","191,000,000","256,000,000","-213,000,000","220,000,000","283,000,000","235,000,000","108,000,000","198,000,000","-11,000,000","192,000,000","185,000,000","206,000,000","145,000,000","184,000,000","-406,000,000","153,000,000","133,000,000","176,000,000","161,000,000","153,000,000","128,000,000","168,000,000","137,000,000","152,000,000","138,000,000","180,600,000","165,000,000","153,600,000","137,800,000","132,000,000","155,000,000","143,000,000","122,000,000","-846,400,000","120,400,000","-834,800,000","103,100,000","105,000,000","120,000,000"
	NetIncome,"6,523,000,000","1,711,000,000","1,673,000,000","1,798,000,000","1,341,000,000","1,380,000,000","1,363,000,000","1,132,000,000","1,474,000,000","1,403,000,000","1,555,000,000","1,570,000,000","1,391,000,000","1,554,000,000","1,593,000,000","1,509,000,000","1,310,000,000","7,278,000,000","1,194,000,000","1,168,000,000","1,072,000,000","1,144,000,000","1,131,000,000","979,000,000","979,000,000","1,117,000,000","1,300,000,000","1,204,000,000","1,151,000,000","1,431,000,000","1,370,000,000","1,291,000,000","1,088,000,000","1,174,000,000","1,151,000,000","1,106,000,000","957,000,000","1,036,000,000","1,042,000,000","1,002,000,000","863,000,000","964,000,000","904,000,000","785,000,000","639,000,000","775,000,000","778,000,000","711,000,000","516,000,000","551,000,000","517,000,000","468,000,000","362,000,000","661,000,000","703,000,000","531,000,000","443,000,000","491,000,000","532,000,000","446,000,000","386,000,000","485,000,000","420,000,000","390,000,000","311,000,000","296,000,000","369,000,000","233,000,000","128,000,000","79,000,000","202,000,000","158,000,000","165,000,000","551,000,000","317,000,000","288,000,000","429,000,000","378,000,000","437,000,000","304,000,000","222,000,000","275,000,000","267,000,000","243,000,000","181,000,000","157,000,000","256,000,000","244,000,000","185,000,000","242,000,000","245,000,000","194,000,000","129,000,000","-190,000,000","38,000,000","-419,000,000","-62,000,000","-152,000,000","240,000,000","216,000,000","128,000,000","229,000,000","275,000,000","244,000,000","156,000,000","294,000,000","237,000,000","224,000,000","191,000,000","256,000,000","-213,000,000","220,000,000","283,000,000","235,000,000","108,000,000","198,000,000","-11,000,000","192,000,000","185,000,000","206,000,000","145,000,000","184,000,000","-406,000,000","153,000,000","133,000,000","176,000,000","161,000,000","153,000,000","128,000,000","168,000,000","137,000,000","152,000,000","138,000,000","187,600,000","165,000,000","153,600,000","137,800,000","163,000,000","155,000,000","143,000,000","122,000,000","-815,400,000","120,400,000","-834,800,000","103,100,000","136,000,000","120,000,000"
		NetIncomeIncludingNoncontrollingInterests,"6,523,000,000","1,711,000,000","1,673,000,000","1,798,000,000","1,341,000,000","1,380,000,000","1,363,000,000","1,132,000,000","1,474,000,000","1,403,000,000","1,555,000,000","1,570,000,000","1,391,000,000","1,554,000,000","1,593,000,000","1,509,000,000","1,310,000,000","7,278,000,000","1,194,000,000","1,168,000,000","1,072,000,000","1,144,000,000","1,131,000,000","979,000,000","979,000,000","1,117,000,000","1,300,000,000","1,204,000,000","1,151,000,000","1,431,000,000","1,370,000,000","1,291,000,000","1,088,000,000","1,174,000,000","1,151,000,000","1,106,000,000","957,000,000","1,036,000,000","1,042,000,000","1,002,000,000","863,000,000","964,000,000","904,000,000","785,000,000","639,000,000","775,000,000","778,000,000","711,000,000","516,000,000","551,000,000","517,000,000","468,000,000","362,000,000","661,000,000","703,000,000","531,000,000","443,000,000","491,000,000","532,000,000","446,000,000","386,000,000","485,000,000","420,000,000","390,000,000","311,000,000","296,000,000","369,000,000","233,000,000","128,000,000","79,000,000","202,000,000","158,000,000","165,000,000","277,000,000","317,000,000","288,000,000","429,000,000","378,000,000","437,000,000","304,000,000","222,000,000","275,000,000","267,000,000","243,000,000","181,000,000","157,000,000","256,000,000","244,000,000","185,000,000","242,000,000","245,000,000","194,000,000","129,000,000","-190,000,000","38,000,000","-419,000,000","-62,000,000","-152,000,000","240,000,000","216,000,000","128,000,000","229,000,000","275,000,000","244,000,000","156,000,000","294,000,000","237,000,000","224,000,000","191,000,000","256,000,000","-213,000,000","220,000,000","283,000,000","235,000,000","108,000,000","198,000,000","-11,000,000","192,000,000","185,000,000","206,000,000","145,000,000","184,000,000","-406,000,000","153,000,000","133,000,000","176,000,000","161,000,000","153,000,000","128,000,000","168,000,000","137,000,000","152,000,000","138,000,000","187,600,000","165,000,000","153,600,000","137,800,000","163,000,000","155,000,000","143,000,000","122,000,000","-815,400,000","120,400,000","-834,800,000","103,100,000","136,000,000","120,000,000"
			NetIncomeContinuousOperations,"6,523,000,000","1,711,000,000","1,673,000,000","1,798,000,000","1,341,000,000","1,380,000,000","1,363,000,000","1,132,000,000","1,474,000,000","1,403,000,000","1,555,000,000","1,570,000,000","1,391,000,000","1,554,000,000","1,593,000,000","1,509,000,000","1,310,000,000","7,278,000,000","1,194,000,000","1,168,000,000","1,072,000,000","1,144,000,000","1,131,000,000","979,000,000","979,000,000","1,117,000,000","1,300,000,000","1,204,000,000","1,151,000,000","1,431,000,000","1,370,000,000","1,291,000,000","1,088,000,000","1,174,000,000","1,151,000,000","1,106,000,000","957,000,000","1,036,000,000","1,042,000,000","1,002,000,000","863,000,000","964,000,000","904,000,000","785,000,000","639,000,000","775,000,000","778,000,000","711,000,000","516,000,000","551,000,000","517,000,000","468,000,000","362,000,000","661,000,000","703,000,000","531,000,000","443,000,000","491,000,000","532,000,000","446,000,000","386,000,000","485,000,000","420,000,000","390,000,000","311,000,000","296,000,000","369,000,000","233,000,000","128,000,000","79,000,000","202,000,000","158,000,000","165,000,000","333,000,000","300,000,000","288,000,000","155,000,000","378,000,000","437,000,000","304,000,000","222,000,000","275,000,000","267,000,000","243,000,000","181,000,000","157,000,000","256,000,000","244,000,000","185,000,000","242,000,000","218,000,000","194,000,000","129,000,000","-442,000,000","32,000,000","-158,000,000","-62,000,000","-152,000,000","240,000,000","216,000,000","128,000,000","229,000,000","211,000,000","186,000,000","107,000,000","179,000,000","160,000,000","150,000,000","191,000,000","235,000,000","210,000,000","220,000,000","283,000,000","235,000,000","108,000,000","198,000,000","164,000,000","192,000,000","185,000,000","206,000,000","145,000,000","184,000,000","-406,000,000","153,000,000","133,000,000","176,000,000","161,000,000","153,000,000","128,000,000","168,000,000","137,000,000","152,000,000","138,000,000","102,600,000","165,000,000","153,600,000","137,800,000","140,000,000","155,000,000","143,000,000","122,000,000","-769,400,000","120,400,000","-834,800,000","103,100,000","136,000,000","120,000,000"
			NetIncomeDiscontinuousOperations,,,,,,,,,,,,,,,,,,,,,,,,,,,,,,,,,,,,,,,,,,,,,,,,,,,,,,,,,,,,,,,,,,,,,,"0","0","0","0","218,000,000","17,000,000",,,,,,,,,,,"0","0",,,"0","27,000,000",,,"252,000,000","6,000,000","-261,000,000",,,,,,"0","64,000,000","58,000,000","49,000,000","115,000,000","77,000,000","74,000,000",,"21,000,000","-423,000,000",,,,,,,,,,,,,,,,,,,,,,,,,,,,,,,,,,,,
			NetIncomeExtraordinary,,,,,,,,,,,,,,,,,,,,,,,,,,,,,,,,,,,,,,,,,,,,,,,,,,,,,,,,,,,,,,,,,,,,,,,,,"0",,,,"274,000,000",,,,,,,,,,,,,,,,,,,,,,,,,,,,,,,,,,,,,"0",,,"-175,000,000",,,,,,,,,,,,,,,,,,,,,,,,,,,,,,
DilutedNIAvailtoComStockholders,"6,523,000,000","1,711,000,000","1,673,000,000","1,798,000,000","1,341,000,000","1,380,000,000","1,363,000,000","1,132,000,000","1,474,000,000","1,403,000,000","1,555,000,000","1,570,000,000","1,391,000,000","1,554,000,000","1,593,000,000","1,509,000,000","1,310,000,000","7,278,000,000","1,194,000,000","1,168,000,000","1,072,000,000","1,144,000,000","1,131,000,000","979,000,000","979,000,000","1,117,000,000","1,300,000,000","1,204,000,000","1,151,000,000","1,431,000,000","1,370,000,000","1,291,000,000","1,088,000,000","1,174,000,000","1,151,000,000","1,106,000,000","957,000,000","1,036,000,000","1,042,000,000","1,002,000,000","863,000,000","964,000,000","904,000,000","785,000,000","639,000,000","775,000,000","778,000,000","711,000,000","516,000,000","551,000,000","517,000,000","468,000,000","362,000,000","661,000,000","703,000,000","531,000,000","443,000,000","491,000,000","532,000,000","446,000,000","386,000,000","485,000,000","420,000,000","390,000,000","311,000,000","296,000,000","369,000,000","233,000,000","128,000,000","79,000,000","202,000,000","158,000,000","165,000,000","551,000,000","317,000,000","288,000,000","429,000,000","378,000,000","437,000,000","304,000,000","222,000,000","275,000,000","267,000,000","243,000,000","181,000,000","157,000,000","256,000,000","244,000,000","185,000,000","242,000,000","245,000,000","194,000,000","129,000,000","-190,000,000","38,000,000","-419,000,000","-62,000,000","-152,000,000","240,000,000","216,000,000","128,000,000","229,000,000","275,000,000","244,000,000","156,000,000","294,000,000","237,000,000","224,000,000","191,000,000","256,000,000","-213,000,000","220,000,000","283,000,000","235,000,000","108,000,000","198,000,000","-11,000,000","192,000,000","185,000,000","206,000,000","145,000,000","184,000,000","-406,000,000","153,000,000","133,000,000","176,000,000","161,000,000","153,000,000","128,000,000","168,000,000","137,000,000","152,000,000","138,000,000","180,600,000","165,000,000","153,600,000","137,800,000","132,000,000","155,000,000","143,000,000","122,000,000","-846,400,000","120,400,000","-834,800,000","103,100,000","105,000,000","120,000,000"
BasicEPS,,"2.67","2.58","2.73","2.01","2.05","2.02","1.67","2.15","2.03","2.22","2.23","1.94","2.13","2.16","1.98","1.69","9.29","1.5","1.45","1.32","1.4","1.36","1.17","1.16","1.31","1.51","1.38","1.31","1.62","1.53","1.43","1.2","1.28","1.245","1.19","1.025","1.105","1.105","1.055","0.905",,"0.935","0.805","0.655",,"0.79","0.71","0.51",,"0.515","0.465","0.36",,"0.695","0.515","0.428",,"0.505","0.415","0.358",,"0.39","0.363","0.29",,"0.35","0.223","0.123",,"0.195","0.153","0.16",,"0.313","0.283","0.423",,"0.433","0.303","0.223",,"0.27","0.245","0.183",,"0.26","0.248","0.188",,"0.248","0.198","0.13",,"0.038","-0.425","-0.063",,"0.245","0.22","0.13",,"0.325","0.298","0.19",,"0.288","0.273","0.233",,"-0.26","0.268","0.345",,"0.133","0.24","-0.015",,"0.228","0.253","0.178",,"-0.503","0.19","0.165",,"0.203","0.193","0.16",,"0.17","0.178","0.153",,"0.18","0.17","0.153",,"0.17","0.158","0.135",,"0.128","-0.978","0.11",,"0.128"
DilutedEPS,,"2.66","2.57","2.72","2","2.05","2.01","1.67","2.15","2.02","2.22","2.22","1.93","2.12","2.15","1.98","1.68","9.25","1.5","1.45","1.32","1.39","1.36","1.17","1.16","1.31","1.5","1.38","1.3","1.61","1.53","1.43","1.19","1.275","1.24","1.185","1.015","1.095","1.095","1.05","0.895",,"0.925","0.795","0.645",,"0.78","0.7","0.505",,"0.51","0.46","0.36",,"0.69","0.51","0.425",,"0.5","0.413","0.353",,"0.385","0.36","0.288",,"0.345","0.22","0.12",,"0.193","0.15","0.158",,"0.303","0.275","0.418",,"0.408","0.288","0.215",,"0.26","0.238","0.18",,"0.25","0.24","0.185",,"0.24","0.193","0.13",,"0.038","-0.425","-0.063",,"0.24","0.218","0.13",,"0.323","0.295","0.19",,"0.288","0.273","0.233",,"-0.26","0.268","0.345",,"0.133","0.24","-0.015",,"0.228","0.253","0.178",,"-0.503","0.19","0.165",,"0.203","0.193","0.16",,"0.17","0.178","0.153",,"0.18","0.17","0.153",,"0.17","0.158","0.135",,"0.128","-0.978","0.11",,"0.128"
BasicAverageShares,,"640,400,000","648,700,000","658,500,000","667,600,000","672,200,000","675,000,000","677,700,000","684,300,000","692,200,000","699,300,000","705,500,000","716,800,000","729,400,000","737,400,000","760,500,000","776,400,000","783,600,000","794,500,000","804,100,000","811,500,000","819,200,000","829,000,000","837,400,000","844,000,000","850,600,000","862,900,000","872,200,000","879,300,000","885,700,000","893,200,000","901,500,000","908,200,000","916,200,000","923,400,000","930,600,000","935,600,000","937,600,000","944,000,000","947,600,000","955,600,000",,"968,400,000","976,800,000","979,200,000",,"986,000,000","1,003,600,000","1,009,000,000",,"1,006,200,000","1,005,800,000","1,005,400,000",,"1,013,200,000","1,028,600,000","1,036,800,000",,"1,052,800,000","1,072,800,000","1,082,400,000",,"1,079,200,000","1,077,200,000","1,073,200,000",,"1,056,000,000","1,051,200,000","1,045,600,000",,"1,036,000,000","1,035,600,000","1,034,800,000",,"1,017,200,000","1,015,600,000","1,013,600,000",,"1,010,000,000","1,007,200,000","1,004,000,000",,"991,600,000","990,800,000","987,600,000",,"986,000,000","985,600,000","985,600,000",,"989,898,990","982,278,481","992,307,692",,"1,013,333,333","985,882,353","992,000,000",,"979,591,837","981,818,182","984,615,385",,"846,153,846","820,168,067","821,052,632",,"824,347,826","822,018,349","821,505,376",,"819,230,769","822,429,907","820,289,855",,"815,094,340","825,000,000","733,333,333",,"813,186,813","815,841,584","816,901,408",,"807,960,199","805,263,158","806,060,606",,"795,061,728","794,805,195","800,000,000",,"805,882,353","856,338,028","904,918,033",,"916,666,667","903,529,412","903,606,557",,"911,764,706","907,936,508","903,703,704",,"944,313,725","854,015,345","937,272,727",,"941,176,471"
DilutedAverageShares,,"642,100,000","650,300,000","660,100,000","669,200,000","674,100,000","676,800,000","679,200,000","686,200,000","694,900,000","701,900,000","708,000,000","719,500,000","732,900,000","740,900,000","763,700,000","779,600,000","787,000,000","797,600,000","807,200,000","814,800,000","822,700,000","832,200,000","840,100,000","846,700,000","853,700,000","865,800,000","875,200,000","882,800,000","889,800,000","896,900,000","905,000,000","912,400,000","921,400,000","928,400,000","935,200,000","941,000,000","944,000,000","950,400,000","954,400,000","962,800,000",,"976,200,000","984,800,000","988,200,000",,"995,400,000","1,013,000,000","1,017,400,000",,"1,014,000,000","1,010,600,000","1,009,200,000",,"1,022,600,000","1,038,000,000","1,045,600,000",,"1,062,800,000","1,082,800,000","1,091,200,000",,"1,087,600,000","1,088,400,000","1,084,000,000",,"1,068,400,000","1,062,400,000","1,057,200,000",,"1,046,400,000","1,046,400,000","1,050,000,000",,"1,060,000,000","1,086,800,000","1,024,800,000",,"1,109,200,000","1,105,200,000","1,104,800,000",,"1,086,400,000","1,087,600,000","1,084,000,000",,"1,077,600,000","1,077,600,000","1,077,200,000",,"1,020,833,333","1,007,792,208","992,307,692",,"1,013,333,333","985,882,353","992,000,000",,"1,000,000,000","993,103,448","984,615,385",,"852,713,178","827,118,644","821,052,632",,"824,347,826","822,018,349","821,505,376",,"819,230,769","822,429,907","820,289,855",,"815,094,340","825,000,000","733,333,333",,"813,186,813","815,841,584","816,901,408",,"807,960,199","805,263,158","806,060,606",,"795,061,728","794,805,195","800,000,000",,"805,882,353","856,338,028","904,918,033",,"916,666,667","903,529,412","903,606,557",,"911,764,706","907,936,508","903,703,704",,"944,313,725","854,015,345","937,272,727",,"941,176,471"
TotalOperatingIncomeAsReported,"9,338,000,000","2,440,000,000","2,432,000,000","2,473,000,000","1,993,000,000","2,006,000,000","2,031,000,000","1,654,000,000","2,143,000,000","2,100,000,000","2,234,000,000","2,260,000,000","1,960,000,000","2,210,000,000","2,269,000,000","2,099,000,000","1,939,000,000","2,251,000,000","2,012,000,000","2,005,000,000","1,793,000,000","1,965,000,000","1,960,000,000","1,660,000,000","1,687,000,000","1,918,000,000","2,208,000,000","1,949,000,000","1,977,000,000","2,373,000,000","2,330,000,000","2,196,000,000","1,854,000,000","1,973,000,000","1,962,000,000","1,878,000,000","1,633,000,000","1,725,000,000","1,786,000,000","1,724,000,000","1,510,000,000","1,617,000,000","1,578,000,000","1,392,000,000","1,137,000,000","1,313,000,000","1,401,000,000","1,279,000,000","988,000,000","1,002,000,000","967,000,000","751,000,000","672,000,000","1,141,000,000","1,215,000,000","931,000,000","788,000,000","864,000,000","1,005,000,000","787,000,000","719,000,000","810,000,000","752,000,000","717,000,000","605,000,000","533,000,000","481,000,000","468,000,000","313,000,000","204,000,000","418,000,000","359,000,000","314,000,000","589,000,000","592,000,000","605,000,000","381,000,000","579,000,000","644,000,000","602,000,000","499,000,000","565,000,000","574,000,000","494,000,000","439,000,000","339,000,000","570,000,000","542,000,000","452,000,000",,,,,,,,,,,,,,,,,,,,,,,,,,,,,,,,,,,,,,,,,,,,,,,,,,,,,,,,,,
RentExpenseSupplemental,"859,000,000","230,000,000","217,000,000","200,000,000","212,000,000","220,000,000","217,000,000","211,000,000","227,000,000","230,000,000","236,000,000","260,000,000","258,000,000","269,000,000","272,000,000","265,000,000","266,000,000","64,000,000","275,000,000","273,000,000","276,000,000","280,000,000","282,000,000","286,000,000","289,000,000","305,000,000","302,000,000","312,000,000","311,000,000","296,000,000","310,000,000","316,000,000","312,000,000","311,000,000","309,000,000","302,000,000","313,000,000","302,000,000","300,000,000","299,000,000","296,000,000","289,000,000","293,000,000","283,000,000","302,000,000","278,000,000","292,000,000","282,000,000","290,000,000","266,000,000","290,000,000","307,000,000","317,000,000","320,000,000","326,000,000","338,000,000","-342,000,000","2,502,000,000","-356,000,000","-370,000,000","-353,000,000","2,564,000,000","-371,000,000","-371,000,000","-367,000,000","2,451,000,000","-356,000,000","-340,000,000","-353,000,000","2,417,000,000","-354,000,000","-362,000,000","-327,000,000","2,137,000,000","-308,000,000","-335,000,000","-346,000,000","2,395,000,000","-349,000,000","-339,000,000","-341,000,000","2,299,000,000","-332,000,000","-331,000,000","-329,000,000","2,281,000,000","-352,000,000","-321,000,000","-327,000,000","2,333,000,000","-341,000,000","-325,000,000","-331,000,000","2,464,000,000","-329,000,000","-348,000,000","-363,000,000","2,361,000,000","-356,000,000","-317,000,000","-322,000,000","1,534,000,000","-208,000,000","-213,000,000","-227,000,000","1,310,000,000","-200,000,000","-178,000,000","-171,000,000","-164,000,000","-158,000,000","-175,000,000","-160,000,000",,,,,,,,,,,,,,,,,,,,,,,,,,,,,,,,,,
TotalExpenses,"12,466,000,000","3,293,000,000","3,134,000,000","3,031,000,000","3,008,000,000","3,135,000,000","2,888,000,000","2,590,000,000","3,086,000,000","3,112,000,000","3,282,000,000","3,336,000,000","3,424,000,000","3,547,000,000","3,659,000,000","3,573,000,000","3,536,000,000","3,199,000,000","3,396,000,000","3,245,000,000","3,339,000,000","3,203,000,000","3,214,000,000","3,110,000,000","3,142,000,000","3,290,000,000","3,354,000,000","3,480,000,000","3,637,000,000","3,780,000,000","3,852,000,000","3,819,000,000","3,784,000,000","3,657,000,000","3,611,000,000","3,592,000,000","3,657,000,000","3,525,000,000","3,557,000,000","3,497,000,000","3,602,000,000","4,082,000,000","3,316,000,000","3,270,000,000","3,165,000,000","2,924,000,000","2,829,000,000","2,781,000,000","2,731,000,000","2,623,000,000","2,525,000,000","2,399,000,000","2,109,000,000","2,964,000,000","3,413,000,000","3,438,000,000","6,176,000,000","-4,506,000,000","5,697,000,000","5,866,000,000","5,530,000,000","-4,969,000,000","5,815,000,000","5,816,000,000","5,622,000,000","-4,282,000,000","5,394,000,000","5,169,000,000","5,091,000,000","-4,065,000,000","4,760,000,000","4,856,000,000","4,675,000,000","-3,541,000,000","4,209,000,000","4,673,000,000","4,735,000,000","-3,511,000,000","4,483,000,000","4,471,000,000","4,310,000,000","-4,492,000,000","4,314,000,000","4,401,000,000","4,387,000,000","-4,378,000,000","4,453,000,000","4,277,000,000","4,323,000,000","-2,252,000,000","3,448,000,000","3,411,000,000","3,519,000,000","-1,773,000,000","3,064,000,000","3,667,000,000","2,476,000,000","1,570,000,000","2,407,000,000","2,197,000,000","2,317,000,000","1,950,000,000","1,514,000,000","1,529,000,000","1,662,000,000","917,000,000","1,556,000,000","1,417,000,000","1,585,000,000","1,618,000,000","1,519,000,000","1,655,000,000","1,556,000,000","1,591,000,000","1,583,000,000","1,485,000,000","1,511,000,000","1,495,000,000","1,434,000,000","1,372,000,000","1,362,000,000","1,373,000,000","1,318,000,000","1,332,000,000","1,362,000,000","1,183,000,000","1,453,000,000","1,375,000,000","1,352,000,000","1,339,000,000","1,226,000,000","1,260,000,000",,,,,,,,,,,,,,,
NetIncomeFromContinuingAndDiscontinuedOperation,"6,523,000,000","1,711,000,000","1,673,000,000","1,798,000,000","1,341,000,000","1,380,000,000","1,363,000,000","1,132,000,000","1,474,000,000","1,403,000,000","1,555,000,000","1,570,000,000","1,391,000,000","1,554,000,000","1,593,000,000","1,509,000,000","1,310,000,000","7,278,000,000","1,194,000,000","1,168,000,000","1,072,000,000","1,144,000,000","1,131,000,000","979,000,000","979,000,000","1,117,000,000","1,300,000,000","1,204,000,000","1,151,000,000","1,431,000,000","1,370,000,000","1,291,000,000","1,088,000,000","1,174,000,000","1,151,000,000","1,106,000,000","957,000,000","1,036,000,000","1,042,000,000","1,002,000,000","863,000,000","964,000,000","904,000,000","785,000,000","639,000,000","775,000,000","778,000,000","711,000,000","516,000,000","551,000,000","517,000,000","468,000,000","362,000,000","661,000,000","703,000,000","531,000,000","443,000,000","491,000,000","532,000,000","446,000,000","386,000,000","485,000,000","420,000,000","390,000,000","311,000,000","296,000,000","369,000,000","233,000,000","128,000,000","79,000,000","202,000,000","158,000,000","165,000,000","825,000,000","317,000,000","288,000,000","155,000,000","378,000,000","437,000,000","304,000,000","222,000,000","275,000,000","267,000,000","243,000,000","181,000,000","157,000,000","256,000,000","244,000,000","185,000,000","242,000,000","245,000,000","194,000,000","129,000,000","-190,000,000","38,000,000","-419,000,000","-62,000,000","-152,000,000","240,000,000","216,000,000","128,000,000","229,000,000","275,000,000","244,000,000","156,000,000","294,000,000","237,000,000","224,000,000","191,000,000","256,000,000","-213,000,000","220,000,000","283,000,000","235,000,000","108,000,000","198,000,000","164,000,000","192,000,000","185,000,000","206,000,000","145,000,000","184,000,000","-406,000,000","153,000,000","133,000,000","176,000,000","161,000,000","153,000,000","128,000,000","168,000,000","137,000,000","152,000,000","138,000,000","187,600,000","165,000,000","153,600,000","137,800,000","163,000,000","155,000,000","143,000,000","122,000,000","-815,400,000","120,400,000","-834,800,000","103,100,000","136,000,000","120,000,000"
NormalizedIncome,"6,419,954,000","1,678,745,960.503","1,673,000,000","1,733,563,903.282","1,334,115,000","1,366,146,123.815","1,360,693,739.425","1,069,195,187.166","1,465,541,000","1,400,011,714.59","1,551,924,000","1,565,422,000","1,387,892,000","1,545,520,833.333","1,588,398,000","1,503,547,000","1,370,514,000","7,276,200,000","1,156,074,000","1,161,125,000","1,050,410,000","1,142,125,614.418","1,129,119,000","939,562,000","963,375,000","1,113,239,057.239","1,293,750,000","1,128,859,000","1,146,660,000","1,397,996,083.551","1,366,895,000","1,286,653,000","1,085,524,000","1,167,765,268.189","1,139,822,000","1,106,626,000","954,524,000","1,061,268,292.683","1,025,223,613.596","988,930,434.783","866,102,084.831","964,000,000","1,034,653,819.683","904,913,385.827","761,617,210.682","898,474,576.271","884,340,926.944","788,552,356.021","680,575,539.568","628,721,330.275","631,680,000","492,798,913.043","348,277,978.339","776,150,144.37","843,853,790.614","662,781,021.898","426,879,184.862","668,112,965.34","515,750,000","423,160,739.687","376,676,328.502","713,578,104.139","405,893,129.771","371,932,907.348","304,717,171.717","522,278,372.591","330,157,894.737","214,688,346.883","115,263,681.592","632,000,000","182,822,784.81","152,666,666.667","142,681,159.42","852,928,143.713","290,364,025.696","284,869,565.217","146,707,818.93","595,013,133.208","328,424,382.716","281,740,585.774","208,941,176.471","1,095,459,905.66","247,751,162.791","196,388,746.803","162,145,833.333","1,004,662,280.702","245,280,788.177","228,829,015.544","172,241,379.31","1,093,972,602.74","203,261,971.831","177,430,604.982","109,104,477.612","995,600,000","8,784,313.725","-189,800,000","-75,800,000","508,114,285.714","173,658,536.585","204,206,896.552","104,273,170.732","622,573,816.156","177,951,807.229","165,042,253.521","93,043,478.261","936,593,360.996","138,544,061.303","135,267,857.143","163,145,833.333","195,716,417.91","203,396,226.415","213,926,380.368","169,004,683.841","218,264,094.955","93,000,000","184,755,852.843","151,137,254.902","149,706,293.706","168,122,807.018","174,408,945.687","138,986,175.115","152,364,912.281","155,333,333.333","133,632,911.392","122,974,874.372","142,023,166.023","150,095,617.53","145,285,714.286","117,960,784.314","150,528,000","120,109,589.041","136,872,037.915","138,000,000","102,600,000","165,000,000","153,600,000","137,800,000","140,000,000","155,000,000","143,000,000","122,000,000","-769,400,000","120,400,000","-834,800,000","103,100,000","136,000,000","120,000,000"
InterestIncome,"5,000,000","1,000,000","2,000,000","1,000,000","1,000,000","1,000,000","2,000,000","3,000,000","6,000,000","38,000,000","10,000,000","6,000,000","9,000,000","11,000,000","10,000,000","5,000,000","4,000,000","6,000,000","4,000,000","4,000,000","2,000,000","3,000,000","3,000,000","3,000,000","2,000,000","1,000,000","2,000,000","1,000,000","1,000,000","1,000,000","1,000,000","1,000,000","1,000,000",,,,,"1,000,000","1,000,000","0","1,000,000",,"0","1,000,000","1,000,000","1,000,000","1,000,000","1,000,000","1,000,000","0","1,000,000","2,000,000","2,000,000","5,000,000","4,000,000","4,000,000",,,,,,,,,,,,,,,,,,,,,,,,,,,,,,,,,,,,,,,,,,,,,,,,,,,,,,,,,,,,,,,,,,,,,,,,,,,,,,,,,,,,,,,,,,,
InterestExpense,"1,157,000,000","295,000,000","290,000,000","282,000,000","290,000,000","279,000,000","295,000,000","289,000,000","278,000,000","278,000,000","266,000,000","259,000,000","247,000,000","240,000,000","241,000,000","203,000,000","186,000,000","188,000,000","180,000,000","179,000,000","172,000,000","174,000,000","184,000,000","173,000,000","167,000,000","164,000,000","157,000,000","153,000,000","148,000,000","146,000,000","144,000,000","138,000,000","133,000,000","127,000,000","138,000,000","133,000,000","128,000,000","128,000,000","137,000,000","135,000,000","135,000,000","141,000,000","142,000,000","148,000,000","141,000,000","142,000,000","153,000,000","152,000,000","155,000,000","153,000,000","156,000,000","150,000,000","141,000,000","127,000,000","130,000,000","128,000,000",,,,,,,,,,,,,,,,,,,,,,,,,,,,,,,,,,,,,,,,,,,,,,,,,,,,,,,,,,,,,,,,,,,,,,,,,,,,,,,,,,,,,,,,,,,
NetInterestIncome,"-1,152,000,000","-294,000,000","-288,000,000","-281,000,000","-289,000,000","-278,000,000","-293,000,000","-286,000,000","-272,000,000","-240,000,000","-256,000,000","-253,000,000","-238,000,000","-229,000,000","-231,000,000","-198,000,000","-182,000,000","-182,000,000","-176,000,000","-175,000,000","-170,000,000","-171,000,000","-181,000,000","-170,000,000","-165,000,000","-163,000,000","-155,000,000","-152,000,000","-147,000,000","-145,000,000","-143,000,000","-137,000,000","-132,000,000","-123,000,000","-138,000,000","-133,000,000","-128,000,000","-127,000,000","-136,000,000","-135,000,000","-134,000,000","-143,000,000","-142,000,000","-147,000,000","-140,000,000","-141,000,000","-152,000,000","-151,000,000","-154,000,000","-153,000,000","-155,000,000","-148,000,000","-139,000,000","-122,000,000","-126,000,000","-124,000,000",,,,,,,,,,,,,,,,,,,,,,,,,,,,,,,,,,,,,,,,,,,,,,,,,,,,,,,,,,,,,,,,,,,,,,,,,,,,,,,,,,,,,,,,,,,
EBIT,"9,635,000,000","2,523,000,000","2,470,000,000","2,598,000,000","2,044,000,000","2,072,000,000","2,068,000,000","1,785,000,000","2,196,000,000","2,156,000,000","2,287,000,000","2,317,000,000","2,037,000,000","2,256,000,000","2,317,000,000","2,141,000,000","1,897,000,000","2,280,000,000","2,163,000,000","2,048,000,000","1,860,000,000","2,005,000,000","1,989,000,000","1,737,000,000","1,733,000,000","1,946,000,000","2,238,000,000","2,091,000,000","2,003,000,000","2,444,000,000","2,350,000,000","2,218,000,000","1,892,000,000","2,010,000,000","1,990,000,000","1,901,000,000","1,673,000,000","1,768,000,000","1,814,000,000","1,745,000,000","1,526,000,000","1,671,000,000","1,595,000,000","1,418,000,000","1,152,000,000","1,322,000,000","1,426,000,000","1,298,000,000","989,000,000","1,025,000,000","981,000,000","886,000,000","695,000,000","1,166,000,000","1,238,000,000","950,000,000","-1,906,000,000","8,498,000,000","-1,506,000,000","-1,820,000,000","-1,681,000,000","8,639,000,000","-1,832,000,000","-1,893,000,000","-1,912,000,000","7,637,000,000","-1,933,000,000","-1,825,000,000","-1,939,000,000","6,676,000,000","-1,684,000,000","-1,827,000,000","-1,782,000,000","6,168,000,000","-1,253,000,000","-1,407,000,000","-1,658,000,000","6,593,000,000","-1,284,000,000","-1,317,000,000","-1,343,000,000","6,369,000,000","-1,288,000,000","-1,403,000,000","-1,444,000,000","6,124,000,000","-1,383,000,000","-1,298,000,000","-1,410,000,000","3,907,000,000","-555,000,000","-638,000,000","-779,000,000","2,949,000,000","-660,000,000","-1,305,000,000","110,000,000","86,000,000","418,000,000","686,000,000","493,000,000","345,000,000","482,000,000","483,000,000","306,000,000","142,000,000","418,000,000","457,000,000","393,000,000","374,000,000","439,000,000","415,000,000","372,000,000","390,000,000","318,000,000","363,000,000","319,000,000","421,000,000","417,000,000","410,000,000","383,000,000","428,000,000","425,000,000","410,000,000","381,000,000","418,000,000","400,000,000","409,000,000","374,000,000","399,000,000","352,000,000","365,000,000","1,551,000,000","-3,410,500,000","1,680,700,000","1,605,800,000","1,568,500,000","-2,112,000,000","1,513,000,000","1,475,000,000","1,427,000,000","-2,752,300,000","1,565,700,000","1,596,200,000","1,835,600,000","-4,567,000,000","1,904,000,000"
EBITDA,"11,843,000,000"
ReconciledCostOfRevenue,"11,290,000,000","2,991,000,000","2,864,000,000","2,747,000,000","2,688,000,000","2,622,000,000","2,589,000,000","2,355,000,000","2,788,000,000","2,881,000,000","3,005,000,000","3,089,000,000","3,119,000,000","3,326,000,000","3,372,000,000","3,325,000,000","3,270,000,000","2,960,000,000","3,166,000,000","3,026,000,000","3,079,000,000","2,970,000,000","2,943,000,000","2,866,000,000","2,893,000,000","3,055,000,000","3,149,000,000","3,255,000,000","3,378,000,000","3,552,000,000","3,610,000,000","3,591,000,000","3,558,000,000","3,469,000,000","3,406,000,000","3,373,000,000","3,420,000,000","8,200,000,000","1,722,000,000","1,723,000,000","1,748,000,000","1,732,000,000","1,715,000,000","1,703,000,000","1,603,000,000","1,432,000,000","1,365,000,000","1,362,000,000","1,305,000,000","1,228,000,000","1,159,000,000","1,068,000,000","468,000,000","1,510,000,000","1,942,000,000","1,991,000,000","2,352,000,000","460,000,000","2,098,000,000","2,139,000,000","1,978,000,000","149,000,000","2,130,000,000","2,129,000,000","2,040,000,000","220,000,000","1,949,000,000","1,849,000,000","1,804,000,000","-57,000,000","1,677,000,000","1,707,000,000","1,621,000,000","-227,000,000","1,456,000,000","1,556,000,000","1,581,000,000","-308,000,000","1,477,000,000","1,472,000,000","1,405,000,000","-1,208,000,000","1,433,000,000","1,479,000,000","1,456,000,000","-1,161,000,000","1,509,000,000","1,435,000,000","1,441,000,000","-1,286,000,000","1,891,000,000","1,868,000,000","1,903,000,000","-1,686,000,000","1,857,000,000","2,160,000,000","2,075,000,000","-663,000,000","1,936,000,000","1,923,000,000","2,019,000,000","-168,000,000","1,239,000,000","1,267,000,000","1,329,000,000","-757,000,000","1,241,000,000","1,034,000,000","1,348,000,000","1,393,000,000","1,269,000,000","1,415,000,000","1,339,000,000","1,171,000,000","1,148,000,000","1,072,000,000","1,095,000,000","1,153,000,000","1,033,000,000","956,000,000","983,000,000","950,000,000","940,000,000","954,000,000","970,000,000","781,000,000","1,033,000,000","965,000,000","918,000,000","916,000,000","797,000,000","538,000,000",,,,,,,,,,,,,,,
ReconciledDepreciation,"2,208,000,000","556,000,000","553,000,000","550,000,000","549,000,000","557,000,000","555,000,000","551,000,000","547,000,000","559,000,000","557,000,000","551,000,000","549,000,000","555,000,000","547,000,000","546,000,000","543,000,000","532,000,000","528,000,000","525,000,000","520,000,000","520,000,000","512,000,000","504,000,000","502,000,000","517,000,000","507,000,000","497,000,000","491,000,000","489,000,000","481,000,000","470,000,000","464,000,000","458,000,000","447,000,000","438,000,000","434,000,000","453,000,000","447,000,000","433,000,000","427,000,000","413,000,000","408,000,000","401,000,000","395,000,000","380,000,000","372,000,000","368,000,000","367,000,000","377,000,000","367,000,000","355,000,000","345,000,000","353,000,000","348,000,000","346,000,000","340,000,000","337,000,000","332,000,000","327,000,000","325,000,000","315,000,000","311,000,000","308,000,000","303,000,000","300,000,000","294,000,000","292,000,000","289,000,000","282,000,000","278,000,000","277,000,000","274,000,000","272,000,000","239,000,000","267,000,000","289,000,000","305,000,000","302,000,000","300,000,000","299,000,000","297,000,000","292,000,000","293,000,000","292,000,000","290,000,000","285,000,000","283,000,000","282,000,000","1,892,000,000","-271,000,000","-268,000,000","-270,000,000","1,821,000,000","-253,000,000","-235,000,000","-263,000,000","1,822,000,000","-260,000,000","-261,000,000","-258,000,000","1,278,000,000","-170,000,000","-174,000,000","-172,000,000","1,111,000,000","-172,000,000","-49,000,000","-248,000,000","-272,000,000","-224,000,000","-261,000,000","-248,000,000","-238,000,000","-245,000,000","-231,000,000","-235,000,000","-276,000,000","-223,000,000","-204,000,000","-206,000,000","-173,000,000","-189,000,000","-192,000,000","-194,000,000","-174,000,000","-181,000,000","-175,000,000","-167,000,000","-159,000,000","-154,000,000","146,000,000",,,,,,,,,,,,,,,
NetIncomeFromContinuingOperationNetMinorityInterest,"6,523,000,000","1,711,000,000","1,673,000,000","1,798,000,000","1,341,000,000","1,380,000,000","1,363,000,000","1,132,000,000","1,474,000,000","1,403,000,000","1,555,000,000","1,570,000,000","1,391,000,000","1,554,000,000","1,593,000,000","1,509,000,000","1,310,000,000","7,278,000,000","1,194,000,000","1,168,000,000","1,072,000,000","1,144,000,000","1,131,000,000","979,000,000","979,000,000","1,117,000,000","1,300,000,000","1,204,000,000","1,151,000,000","1,431,000,000","1,370,000,000","1,291,000,000","1,088,000,000","1,174,000,000","1,151,000,000","1,106,000,000","957,000,000","1,036,000,000","1,042,000,000","1,002,000,000","863,000,000","964,000,000","904,000,000","785,000,000","639,000,000","775,000,000","778,000,000","711,000,000","516,000,000","551,000,000","517,000,000","468,000,000","362,000,000","661,000,000","703,000,000","531,000,000","443,000,000","491,000,000","532,000,000","446,000,000","386,000,000","485,000,000","420,000,000","390,000,000","311,000,000","296,000,000","369,000,000","233,000,000","128,000,000","79,000,000","202,000,000","158,000,000","165,000,000","607,000,000","300,000,000","288,000,000","155,000,000","378,000,000","437,000,000","304,000,000","222,000,000","275,000,000","267,000,000","243,000,000","181,000,000","157,000,000","256,000,000","244,000,000","185,000,000","242,000,000","218,000,000","194,000,000","129,000,000","-442,000,000","32,000,000","-158,000,000","-62,000,000","-152,000,000","240,000,000","216,000,000","128,000,000","229,000,000","211,000,000","186,000,000","107,000,000","179,000,000","160,000,000","150,000,000","191,000,000","235,000,000","210,000,000","220,000,000","283,000,000","235,000,000","108,000,000","198,000,000","164,000,000","192,000,000","185,000,000","206,000,000","145,000,000","184,000,000","-406,000,000","153,000,000","133,000,000","176,000,000","161,000,000","153,000,000","128,000,000","168,000,000","137,000,000","152,000,000","138,000,000","102,600,000","165,000,000","153,600,000","137,800,000","140,000,000","155,000,000","143,000,000","122,000,000","-769,400,000","120,400,000","-834,800,000","103,100,000","136,000,000","120,000,000"
TotalUnusualItemsExcludingGoodwill,"134,000,000","42,000,000","0","83,000,000","9,000,000","18,000,000","3,000,000","83,000,000","11,000,000","4,000,000","4,000,000","6,000,000","4,000,000","11,000,000","6,000,000","7,000,000","-79,000,000","3,000,000","63,000,000","11,000,000","34,000,000","3,000,000","3,000,000","63,000,000","25,000,000","6,000,000","10,000,000","121,000,000","7,000,000","53,000,000","5,000,000","7,000,000","4,000,000","10,000,000","18,000,000","-1,000,000","4,000,000","-40,000,000","27,000,000","21,000,000","-5,000,000",,"-210,000,000","-194,000,000","-194,000,000","-188,000,000","-174,000,000","-125,000,000","-266,000,000","-123,000,000","-183,000,000","-39,000,000","21,000,000","-181,000,000","-222,000,000","-204,000,000","25,000,000","-281,000,000","25,000,000","36,000,000","15,000,000","-353,000,000","22,000,000","29,000,000","10,000,000","-357,000,000","42,000,000","29,000,000","20,000,000","-672,000,000","30,000,000","8,000,000","28,000,000","-370,000,000","15,000,000","5,000,000","13,000,000","-306,000,000","161,000,000","35,000,000","21,000,000","-1,265,000,000","31,000,000","75,000,000","30,000,000","-1,231,000,000","17,000,000","24,000,000","20,000,000","-1,285,000,000","24,000,000","24,000,000","31,000,000","-2,396,000,000","37,000,000","53,000,000","23,000,000","-1,064,000,000","102,000,000","19,000,000","38,000,000","-617,000,000","52,000,000","32,000,000","18,000,000","-1,020,000,000","35,000,000","22,000,000","42,000,000","56,000,000","10,000,000","9,000,000","172,000,000","24,000,000","25,000,000","20,000,000","20,000,000","63,000,000","26,000,000","48,000,000","9,000,000","49,000,000","-842,000,000","30,000,000","15,000,000","50,000,000","17,000,000","12,000,000","16,000,000","26,000,000","27,000,000","21,000,000",,,,,,,,,,,,,,,
TotalUnusualItems,"134,000,000","42,000,000","0","83,000,000","9,000,000","18,000,000","3,000,000","83,000,000","11,000,000","4,000,000","4,000,000","6,000,000","4,000,000","11,000,000","6,000,000","7,000,000","-79,000,000","3,000,000","63,000,000","11,000,000","34,000,000","3,000,000","3,000,000","63,000,000","25,000,000","6,000,000","10,000,000","121,000,000","7,000,000","53,000,000","5,000,000","7,000,000","4,000,000","10,000,000","18,000,000","-1,000,000","4,000,000","-40,000,000","27,000,000","21,000,000","-5,000,000",,"-210,000,000","-194,000,000","-194,000,000","-188,000,000","-174,000,000","-125,000,000","-266,000,000","-123,000,000","-183,000,000","-39,000,000","21,000,000","-181,000,000","-222,000,000","-204,000,000","25,000,000","-281,000,000","25,000,000","36,000,000","15,000,000","-353,000,000","22,000,000","29,000,000","10,000,000","-357,000,000","42,000,000","29,000,000","20,000,000","-672,000,000","30,000,000","8,000,000","28,000,000","-370,000,000","15,000,000","5,000,000","13,000,000","-306,000,000","161,000,000","35,000,000","21,000,000","-1,265,000,000","31,000,000","75,000,000","30,000,000","-1,231,000,000","17,000,000","24,000,000","20,000,000","-1,285,000,000","24,000,000","24,000,000","31,000,000","-2,396,000,000","37,000,000","53,000,000","23,000,000","-1,064,000,000","102,000,000","19,000,000","38,000,000","-617,000,000","52,000,000","32,000,000","18,000,000","-1,020,000,000","35,000,000","22,000,000","42,000,000","56,000,000","10,000,000","9,000,000","172,000,000","24,000,000","25,000,000","20,000,000","20,000,000","63,000,000","26,000,000","48,000,000","9,000,000","49,000,000","-842,000,000","30,000,000","15,000,000","50,000,000","17,000,000","12,000,000","16,000,000","26,000,000","27,000,000","21,000,000",,,,,,,,,,,,,,,
NormalizedEBITDA,"11,709,000,000","3,037,000,000","3,023,000,000","3,065,000,000","2,584,000,000","2,611,000,000","2,620,000,000","2,253,000,000","2,732,000,000","2,711,000,000","2,840,000,000","2,862,000,000","2,582,000,000","2,800,000,000","2,858,000,000","2,680,000,000","2,519,000,000","2,809,000,000","2,628,000,000","2,562,000,000","2,346,000,000","2,522,000,000","2,498,000,000","2,178,000,000","2,210,000,000","2,457,000,000","2,735,000,000","2,467,000,000","2,487,000,000","2,880,000,000","2,826,000,000","2,681,000,000","2,352,000,000","2,458,000,000","2,419,000,000","2,340,000,000","2,103,000,000","2,261,000,000","2,234,000,000","2,157,000,000","1,958,000,000","2,084,000,000","2,213,000,000","2,013,000,000","1,741,000,000","1,890,000,000","1,972,000,000","1,791,000,000","1,622,000,000","1,525,000,000","1,531,000,000","1,280,000,000","1,019,000,000","1,700,000,000","1,808,000,000","1,500,000,000","-1,591,000,000","9,116,000,000","-1,199,000,000","-1,529,000,000","-1,371,000,000","9,307,000,000","-1,543,000,000","-1,614,000,000","-1,619,000,000","8,294,000,000","-1,681,000,000","-1,562,000,000","-1,670,000,000","7,630,000,000","-1,436,000,000","-1,558,000,000","-1,536,000,000","6,810,000,000","-1,001,000,000","-1,145,000,000","-1,382,000,000","7,204,000,000","-1,143,000,000","-1,052,000,000","-1,065,000,000","7,931,000,000","-1,027,000,000","-1,185,000,000","-1,182,000,000","7,645,000,000","-1,115,000,000","-1,039,000,000","-1,148,000,000","7,084,000,000","-308,000,000","-394,000,000","-540,000,000","7,166,000,000","-444,000,000","-1,107,000,000","350,000,000","2,972,000,000","576,000,000","928,000,000","713,000,000","2,240,000,000","600,000,000","625,000,000","460,000,000","2,273,000,000","555,000,000","594,000,000","599,000,000","590,000,000","672,000,000","667,000,000","448,000,000","604,000,000","538,000,000","574,000,000","534,000,000","634,000,000","614,000,000","566,000,000","580,000,000","552,000,000","1,456,000,000","572,000,000","560,000,000","542,000,000","564,000,000","572,000,000","525,000,000","532,000,000","479,000,000","490,000,000","1,551,000,000","-3,410,500,000","1,680,700,000","1,605,800,000","1,568,500,000","-2,112,000,000","1,513,000,000","1,475,000,000","1,427,000,000","-2,752,300,000","1,565,700,000","1,596,200,000","1,835,600,000","-4,567,000,000","1,904,000,000"
TaxRateForCalcs,"0.231","0.232","0.233","0.224","0.235","0.23","0.231","0.243","0.231","0.253","0.231","0.237","0.223","0.229","0.233","0.221","0.234","0.4","0.398","0.375","0.365","0.375","0.373","0.374","0.375","0.373","0.375","0.379","0.38","0.377","0.379","0.379","0.381","0.377","0.379","0.374","0.381","0.368","0.379","0.378","0.38","0.37","0.378","0.382","0.368","0.343","0.389","0.38","0.381","0.368","0.373","0.364","0.347","0.364","0.366","0.354","0.355","0.37","0.35","0.366","0.378","0.352","0.359","0.377","0.372","0.366","0.075","0.369","0.363","0.177","0.361","0.333","0.203","0.335","0.358","0.374","0.362","0.291","0.326","0.364","0.378","0.351","0.379","0.379","0.372","0.311","0.369","0.368","0.362","0.337","0.386","0.31","0.358","0.4","0.373","0.4","0.4","0.38","0.35","0.379","0.376","0.362","0.364","0.345","0.225","0.257","0.387","0.33","0.337","0.299","0.34","0.325","0.337","0.303","0.4","0.338","0.357","0.329","0.351","0.342","0.332","0.354","0.333","0.354","0.332","0.32","0.359","0.357","0.373","0.328","0.374","0.28","0.4","0.4","0.4","0.4","0.4","0.4","0.4","0.4","0.4","0.4","0.4","0.4","0.4","0.4","0.4"
TaxEffectOfUnusualItems,"30,954,000","9,745,960.503","0","18,563,903.282","2,115,000","4,146,123.815","693,739.425","20,195,187.166","2,541,000","1,011,714.59","924,000","1,422,000","892,000","2,520,833.333","1,398,000","1,547,000","-18,486,000","1,200,000","25,074,000","4,125,000","12,410,000","1,125,614.418","1,119,000","23,562,000","9,375,000","2,239,057.239","3,750,000","45,859,000","2,660,000","19,996,083.551","1,895,000","2,653,000","1,524,000","3,765,268.189","6,822,000","-374,000","1,524,000","-14,731,707.317","10,223,613.596","7,930,434.783","-1,897,915.169","0","-79,346,180.317","-74,086,614.173","-71,382,789.318","-64,525,423.729","-67,659,073.056","-47,447,643.979","-101,424,460.432","-45,278,669.725","-68,320,000","-14,201,086.957","7,277,978.339","-65,849,855.63","-81,146,209.386","-72,218,978.102","8,879,184.862","-103,887,034.66","8,750,000","13,160,739.687","5,676,328.502","-124,421,895.861","7,893,129.771","10,932,907.348","3,717,171.717","-130,721,627.409","3,157,894.737","10,688,346.883","7,263,681.592","-119,000,000","10,822,784.81","2,666,666.667","5,681,159.42","-124,071,856.287","5,364,025.696","1,869,565.217","4,707,818.93","-88,986,866.792","52,424,382.716","12,740,585.774","7,941,176.471","-444,540,094.34","11,751,162.791","28,388,746.803","11,145,833.333","-383,337,719.298","6,280,788.177","8,829,015.544","7,241,379.31","-433,027,397.26","9,261,971.831","7,430,604.982","11,104,477.612","-958,400,000","13,784,313.725","21,200,000","9,200,000","-403,885,714.286","35,658,536.585","7,206,896.552","14,273,170.732","-223,426,183.844","18,951,807.229","11,042,253.521","4,043,478.261","-262,406,639.004","13,544,061.303","7,267,857.143","14,145,833.333","16,716,417.91","3,396,226.415","2,926,380.368","58,004,683.841","7,264,094.955","10,000,000","6,755,852.843","7,137,254.902","20,706,293.706","9,122,807.018","16,408,945.687","2,986,175.115","17,364,912.281","-280,666,666.667","10,632,911.392","4,974,874.372","16,023,166.023","6,095,617.53","4,285,714.286","5,960,784.314","8,528,000","10,109,589.041","5,872,037.915","0","0","0","0","0","0","0","0","0","0","0","0","0","0","0"