name,ttm,12/31/2021,09/30/2021,06/30/2021,03/31/2021,12/31/2020,09/30/2020,06/30/2020,03/31/2020,12/31/2019,09/30/2019,06/30/2019,03/31/2019,12/31/2018,09/30/2018,06/30/2018,03/31/2018,12/31/2017,09/30/2017,06/30/2017,03/31/2017,12/31/2016,09/30/2016,06/30/2016,03/31/2016,12/31/2015,09/30/2015,06/30/2015,03/31/2015,12/31/2014,09/30/2014,06/30/2014,03/31/2014,12/31/2013,09/30/2013,06/30/2013,03/31/2013,12/31/2012,09/30/2012,06/30/2012,03/31/2012,12/31/2011,09/30/2011,06/30/2011,03/31/2011,12/31/2010,09/30/2010,06/30/2010,03/31/2010,12/31/2009,09/30/2009,06/30/2009,03/31/2009,12/31/2008,09/30/2008,06/30/2008,03/31/2008,12/31/2007,09/30/2007,06/30/2007,03/31/2007,12/31/2006,09/30/2006,06/30/2006,03/31/2006,12/31/2005,09/30/2005,06/30/2005,03/31/2005,12/31/2004,09/30/2004,06/30/2004,03/31/2004,12/31/2003,09/30/2003,06/30/2003,03/31/2003,12/31/2002,09/30/2002,06/30/2002,03/31/2002,12/31/2001,09/30/2001,06/30/2001,03/31/2001,12/31/2000,09/30/2000,06/30/2000,03/31/2000,12/31/1999,09/30/1999,06/30/1999,03/31/1999,12/31/1998,09/30/1998,06/30/1998,03/31/1998,12/31/1997,09/30/1997,06/30/1997,03/31/1997,12/31/1996,09/30/1996,06/30/1996,03/31/1996,12/31/1995,09/30/1995,06/30/1995,03/31/1995,12/31/1994,09/30/1994,06/30/1994,03/31/1994,12/31/1993,09/30/1993,06/30/1993,03/31/1993,12/31/1992,09/30/1992,06/30/1992,03/31/1992,12/31/1991,09/30/1991,06/30/1991,03/31/1991,12/31/1990,09/30/1990,06/30/1990,03/31/1990,12/31/1989,09/30/1989,06/30/1989,03/31/1989,12/31/1988,09/30/1988,06/30/1988,03/31/1988,12/31/1987,09/30/1987,06/30/1987,03/31/1987,12/31/1986,09/30/1986,06/30/1986,03/31/1986,12/31/1985,09/30/1985
TotalRevenue,"22,721,000,000","5,657,000,000","5,864,000,000","5,756,000,000","5,444,000,000","5,725,000,000","5,939,000,000","5,814,000,000","5,748,000,000","5,643,000,000","5,895,000,000","5,795,000,000","5,550,000,000","5,461,000,000","5,669,000,000","5,611,000,000","5,440,000,000","5,585,000,000","5,557,000,000","5,436,000,000","5,274,000,000","5,386,000,000","5,338,000,000","5,397,000,000","4,984,000,000","5,159,000,000","5,094,000,000","4,988,000,000","4,852,000,000","5,114,000,000","4,934,000,000","5,133,000,000","4,758,000,000","4,833,000,000","4,835,000,000","4,892,000,000","4,818,000,000","4,992,000,000","5,137,000,000","5,013,000,000","4,882,000,000","4,739,000,000","4,737,000,000","4,634,000,000","4,464,000,000","4,668,000,000","4,534,000,000","4,084,000,000","3,941,000,000","5,259,000,000","3,862,000,000","3,797,000,000","3,552,000,000","3,584,000,000","3,345,000,000","3,767,000,000","3,847,000,000","3,518,000,000","3,511,000,000","3,487,000,000","3,345,000,000","3,409,000,000","3,408,000,000","3,441,000,000","3,329,000,000","3,321,000,000","3,358,000,000","3,295,000,000","3,126,000,000","3,227,700,000","3,298,600,000","3,014,100,000","3,090,100,000","2,540,000,000","3,199,600,000","3,464,300,000","3,298,400,000","3,311,900,000","3,290,100,000","3,118,100,000","2,988,200,000","2,998,500,000","2,917,400,000","2,895,800,000","2,956,500,000","3,599,020,000","1,053,618,000","1,046,161,000","1,030,901,000","1,024,300,000","1,010,100,000","610,800,000","589,000,000","1,309,300,000","333,500,000","212,700,000","194,500,000","173,900,000","170,100,000","164,900,000","157,500,000","154,500,000","152,200,000","143,900,000","138,200,000","137,300,000","129,000,000","126,100,000","123,900,000","123,400,000","116,000,000","113,800,000","109,800,000","1,378,400,000","109,500,000","108,200,000","106,400,000","107,800,000","105,900,000","97,500,000","97,600,000","92,800,000","93,000,000","84,700,000","81,300,000","82,200,000","81,900,000","80,400,000","78,100,000","78,100,000","74,400,000",,,,,,,,,,,,,,,,
	OperatingRevenue,"22,721,000,000","5,657,000,000","5,864,000,000","5,756,000,000","5,444,000,000","5,725,000,000","5,939,000,000","5,814,000,000","5,748,000,000","5,643,000,000","5,895,000,000","5,795,000,000","5,550,000,000","5,461,000,000","5,669,000,000","5,611,000,000","5,440,000,000","5,585,000,000","5,557,000,000","5,436,000,000","5,274,000,000","5,386,000,000","5,338,000,000","5,397,000,000","4,984,000,000","5,159,000,000","5,094,000,000","4,988,000,000","4,852,000,000","5,114,000,000","4,934,000,000","5,133,000,000","4,758,000,000","4,833,000,000","4,835,000,000","4,892,000,000","4,818,000,000","4,992,000,000","5,137,000,000","5,013,000,000","4,882,000,000","4,739,000,000","4,737,000,000","4,634,000,000","4,464,000,000","4,668,000,000","4,534,000,000","4,084,000,000","3,941,000,000","5,259,000,000","3,862,000,000","3,797,000,000","3,552,000,000","3,584,000,000","3,345,000,000","3,767,000,000","3,847,000,000","3,518,000,000","3,511,000,000","3,487,000,000","3,345,000,000","3,409,000,000","3,408,000,000","3,441,000,000","3,329,000,000","3,321,000,000","3,358,000,000","3,295,000,000","3,126,000,000","3,227,700,000","3,298,600,000","3,014,100,000","3,090,100,000","2,540,000,000","3,199,600,000","3,464,300,000","3,298,400,000","3,311,900,000","3,290,100,000","3,118,100,000","2,988,200,000","2,998,500,000","2,917,400,000","2,895,800,000","2,956,500,000","3,599,020,000","1,053,618,000","1,046,161,000","1,030,901,000","1,024,300,000","1,010,100,000","610,800,000","589,000,000","1,309,300,000","333,500,000","212,700,000","194,500,000","173,900,000","170,100,000","164,900,000","157,500,000","154,500,000","152,200,000","143,900,000","138,200,000","137,300,000","129,000,000","126,100,000","123,900,000","123,400,000","116,000,000","113,800,000","109,800,000","1,378,400,000","109,500,000","108,200,000","106,400,000","107,800,000","105,900,000","97,500,000","97,600,000","92,800,000","93,000,000","84,700,000","81,300,000","82,200,000","81,900,000","80,400,000","78,100,000","78,100,000","74,400,000",,,,,,,,,,,,,,,,
PretaxIncome,"10,166,000,000","2,137,000,000","2,598,000,000","2,539,000,000","2,892,000,000","1,920,000,000","1,933,000,000","759,000,000","1,439,000,000","1,847,000,000","2,384,000,000","2,277,000,000","2,086,000,000","2,153,000,000","2,282,000,000","2,199,000,000","2,044,000,000","1,311,000,000","2,158,000,000","2,063,000,000","1,985,000,000","2,040,000,000","2,082,000,000","2,078,000,000","1,905,000,000","2,045,000,000","2,037,000,000","2,025,000,000","1,923,000,000","2,022,000,000","2,009,000,000","2,056,000,000","1,908,000,000","1,874,000,000","1,972,000,000","1,973,000,000","1,945,000,000","1,927,000,000","2,025,000,000","1,942,000,000","1,832,000,000","1,855,000,000","1,742,000,000","1,637,000,000","1,395,000,000","1,271,000,000","1,154,000,000","951,000,000","824,000,000","710,000,000","691,000,000","585,000,000","646,000,000","357,000,000","774,000,000","1,336,000,000","1,566,000,000","1,244,000,000","1,684,000,000","1,656,000,000","1,623,000,000","1,628,000,000","1,735,000,000","1,786,000,000","1,714,000,000","1,652,000,000","1,740,000,000","1,556,000,000","1,623,000,000","1,584,700,000","1,614,500,000","1,577,000,000","1,400,200,000","1,325,000,000","1,492,300,000","1,444,800,000","1,389,300,000","1,303,800,000","1,319,800,000","1,262,700,000","1,216,400,000","1,088,200,000","60,600,000","859,800,000","625,600,000","1,033,089,000","461,806,000","487,018,000","479,386,000","432,100,000","114,200,000","253,800,000","252,900,000","300,100,000","119,300,000","99,000,000","90,100,000","77,000,000","74,700,000","71,700,000","67,700,000","64,100,000","58,200,000","60,200,000","57,200,000","53,900,000","51,300,000","50,700,000","49,200,000","46,500,000","45,600,000","43,300,000","42,900,000","364,900,000","36,300,000","38,100,000","37,400,000","28,400,000","30,400,000","29,100,000","26,100,000","25,600,000","23,800,000","24,500,000","22,000,000","22,700,000","21,900,000","23,700,000","24,600,000","22,900,000","16,600,000",,,,,,,,,,,,,,,,
TaxProvision,"2,181,000,000","459,000,000","564,000,000","551,000,000","607,000,000","395,000,000","347,000,000","64,000,000","260,000,000","354,000,000","467,000,000","449,000,000","378,000,000","291,000,000","460,000,000","441,000,000","362,000,000","-375,000,000","589,000,000","551,000,000","499,000,000","549,000,000","566,000,000","542,000,000","504,000,000","556,000,000","534,000,000","528,000,000","479,000,000","521,000,000","523,000,000","547,000,000","496,000,000","403,000,000","542,000,000","529,000,000","558,000,000","552,000,000","593,000,000","564,000,000","527,000,000","527,000,000","490,000,000","458,000,000","366,000,000","315,000,000","260,000,000","199,000,000","161,000,000","108,000,000","86,000,000","100,000,000","101,000,000","27,000,000","198,000,000","386,000,000","476,000,000","382,000,000","508,000,000","500,000,000","493,000,000","434,000,000","532,000,000","585,000,000","561,000,000","509,000,000","586,000,000","435,000,000","552,000,000","528,700,000","549,000,000","540,100,000","391,800,000","464,600,000","507,400,000","491,200,000","478,100,000","454,000,000","459,500,000","439,600,000","423,200,000","392,800,000","21,900,000","297,500,000","215,500,000","374,625,000","152,812,000","170,275,000","171,587,000","164,100,000","85,800,000","83,000,000","83,300,000","101,100,000","37,800,000","34,000,000","30,800,000","25,200,000","24,600,000","24,100,000","22,400,000","21,800,000","20,000,000","20,400,000","19,100,000","18,000,000","17,100,000","16,900,000","16,400,000","16,000,000","15,800,000","14,800,000","15,100,000","140,700,000","12,800,000","12,800,000","12,500,000","9,800,000","10,200,000","9,500,000","8,500,000","8,200,000","7,500,000","7,600,000","6,800,000","6,900,000","6,600,000","7,000,000","7,400,000","6,600,000","4,500,000",,,,,,,,,,,,,,,,
NetIncomeCommonStockholders,"7,605,000,000","1,582,000,000","1,934,000,000","1,914,000,000","2,175,000,000","1,425,000,000","1,494,000,000","614,000,000","1,088,000,000","1,408,000,000","1,821,000,000","1,741,000,000","1,613,000,000","1,777,000,000","1,732,000,000","1,678,000,000","1,597,000,000","1,611,000,000","1,485,000,000","1,430,000,000","1,387,000,000","1,391,000,000","1,434,000,000","1,435,000,000","1,329,000,000","1,404,000,000","1,422,000,000","1,417,000,000","1,365,000,000","1,420,000,000","1,405,000,000","1,427,000,000","1,331,000,000","1,389,000,000","1,400,000,000","1,405,000,000","1,358,000,000","1,349,000,000","1,404,000,000","1,345,000,000","1,285,000,000","1,314,000,000","1,237,000,000","1,167,000,000","1,003,000,000","951,000,000","871,000,000","862,000,000","648,000,000","580,000,000","583,000,000","221,000,000","419,000,000","260,000,000","557,000,000","950,000,000","1,090,000,000","847,000,000","1,161,000,000","1,141,000,000","1,130,000,000","1,179,000,000","1,187,000,000","1,201,000,000","1,153,000,000","1,143,000,000","1,154,000,000","1,121,000,000","1,071,000,000","1,056,000,000","1,065,500,000","1,036,900,000","1,008,400,000","882,900,000","984,900,000","953,600,000","911,200,000","849,800,000","860,300,000","823,100,000","756,000,000","695,400,000","38,700,000","562,300,000","410,100,000","658,464,000","308,994,000","316,743,000","307,799,000","268,000,000","28,400,000","170,800,000","169,600,000","199,000,000","81,500,000","65,000,000","59,300,000","51,800,000","50,100,000","47,600,000","45,300,000","42,300,000","38,200,000","39,800,000","38,100,000","35,800,000","34,200,000","33,800,000","32,800,000","30,500,000","29,800,000","28,500,000","27,800,000","197,000,000","23,200,000","25,300,000","24,600,000","18,600,000","20,200,000","19,600,000","17,600,000","17,400,000","16,300,000","16,900,000","15,200,000","15,800,000","15,300,000","16,700,000","17,200,000","16,300,000","12,100,000",,,,,,,,,,,,,,,,
	NetIncome,"7,963,000,000","1,673,000,000","2,028,000,000","1,982,000,000","2,280,000,000","1,519,000,000","1,580,000,000","689,000,000","1,171,000,000","1,486,000,000","1,908,000,000","1,821,000,000","1,699,000,000","1,856,000,000","1,815,000,000","1,750,000,000","1,675,000,000","1,682,000,000","1,563,000,000","1,500,000,000","1,473,000,000","1,478,000,000","1,502,000,000","1,522,000,000","1,386,000,000","1,476,000,000","1,489,000,000","1,483,000,000","1,431,000,000","1,488,000,000","1,471,000,000","1,495,000,000","1,397,000,000","1,456,000,000","1,468,000,000","1,484,000,000","1,428,000,000","1,420,000,000","1,474,000,000","1,415,000,000","1,338,000,000","1,350,000,000","1,273,000,000","1,203,000,000","1,046,000,000","974,000,000","908,000,000","958,000,000","669,000,000","602,000,000","603,000,000","471,000,000","529,000,000","330,000,000","576,000,000","950,000,000","1,090,000,000","862,000,000","1,176,000,000","1,156,000,000","1,130,000,000","1,194,000,000","1,203,000,000","1,201,000,000","1,153,000,000","1,143,000,000","1,154,000,000","1,121,000,000","1,071,000,000","1,056,000,000","1,065,500,000","1,036,900,000","1,008,400,000","882,900,000","984,900,000","953,600,000","911,200,000","849,800,000","860,300,000","823,100,000","756,000,000","695,400,000","38,700,000","562,300,000","410,100,000","658,464,000","308,994,000","316,743,000","307,799,000","268,000,000","28,400,000","170,800,000","169,600,000","199,000,000","81,500,000","65,000,000","59,300,000","51,800,000","50,100,000","47,600,000","45,300,000","42,300,000","38,200,000","39,800,000","38,100,000","35,900,000","34,200,000","33,800,000","32,800,000","30,500,000","29,800,000","28,500,000","27,800,000","224,200,000","23,500,000","25,300,000","24,900,000","18,600,000","20,200,000","19,600,000","17,600,000","17,400,000","16,300,000","16,900,000","15,200,000","15,800,000","15,300,000","16,700,000","17,200,000","16,300,000","12,100,000",,,,,,,,,,,,,,,,
		NetIncomeIncludingNoncontrollingInterests,"7,985,000,000","1,678,000,000","2,034,000,000","1,988,000,000","2,285,000,000","1,525,000,000","1,586,000,000","695,000,000","1,179,000,000","1,493,000,000","1,917,000,000","1,828,000,000","1,708,000,000","1,862,000,000","1,822,000,000","1,758,000,000","1,682,000,000","1,686,000,000","1,569,000,000","1,512,000,000","1,486,000,000","1,491,000,000","1,516,000,000","1,536,000,000","1,401,000,000","1,489,000,000","1,503,000,000","1,497,000,000","1,444,000,000","1,501,000,000","1,486,000,000","1,509,000,000","1,412,000,000","1,471,000,000","1,430,000,000","1,444,000,000","1,387,000,000","1,375,000,000","1,432,000,000","1,378,000,000","1,305,000,000","1,328,000,000","1,252,000,000","1,179,000,000","1,029,000,000","956,000,000","894,000,000","752,000,000","663,000,000","602,000,000","605,000,000","485,000,000","545,000,000","330,000,000","576,000,000","950,000,000","1,090,000,000","862,000,000","1,176,000,000","1,156,000,000","1,130,000,000","1,194,000,000","1,203,000,000","1,201,000,000","1,153,000,000","1,143,000,000","1,154,000,000","1,121,000,000","1,071,000,000","1,056,000,000","1,065,500,000","1,036,900,000","1,008,400,000","882,900,000","984,900,000","953,600,000","911,200,000","849,800,000","860,300,000","823,100,000","756,000,000","695,400,000","38,700,000","562,300,000","410,100,000","658,464,000","308,994,000","316,743,000","307,799,000","268,000,000","28,400,000","170,800,000","169,600,000","199,000,000","81,500,000","65,000,000","59,300,000","51,800,000","50,100,000","47,600,000","45,300,000","42,300,000","38,200,000","39,800,000","38,100,000","35,900,000","34,200,000","33,800,000","32,800,000","30,500,000","29,800,000","28,500,000","27,800,000","224,200,000","23,500,000","25,300,000","24,900,000","18,600,000","20,200,000","19,600,000","17,600,000","17,400,000","16,300,000","16,900,000","15,200,000","15,800,000","15,300,000","16,700,000","17,200,000","16,300,000","12,100,000","14,100,000","15,500,000","14,000,000","13,600,000","13,100,000","14,100,000","8,200,000","11,000,000","10,800,000","11,400,000","10,900,000","9,600,000","8,700,000","8,800,000","9,300,000","8,800,000"
			NetIncomeContinuousOperations,"7,985,000,000","1,678,000,000","2,034,000,000","1,988,000,000","2,285,000,000","1,525,000,000","1,586,000,000","695,000,000","1,179,000,000","1,493,000,000","1,917,000,000","1,828,000,000","1,708,000,000","1,862,000,000","1,822,000,000","1,758,000,000","1,682,000,000","1,686,000,000","1,569,000,000","1,512,000,000","1,486,000,000","1,491,000,000","1,516,000,000","1,536,000,000","1,401,000,000","1,489,000,000","1,503,000,000","1,497,000,000","1,444,000,000","1,501,000,000","1,486,000,000","1,509,000,000","1,412,000,000","1,471,000,000","1,430,000,000","1,444,000,000","1,387,000,000","1,375,000,000","1,432,000,000","1,378,000,000","1,305,000,000","1,328,000,000","1,252,000,000","1,179,000,000","1,029,000,000","956,000,000","894,000,000","752,000,000","663,000,000","602,000,000","605,000,000","485,000,000","545,000,000","330,000,000","576,000,000","950,000,000","1,090,000,000","862,000,000","1,176,000,000","1,156,000,000","1,130,000,000","1,194,000,000","1,203,000,000","1,201,000,000","1,153,000,000","1,143,000,000","1,154,000,000","1,121,000,000","1,071,000,000","1,056,000,000","1,065,500,000","1,036,900,000","1,008,400,000","860,400,000","984,900,000","953,600,000","911,200,000","849,800,000","860,300,000","823,100,000","793,200,000","695,400,000","38,700,000","562,300,000","410,100,000","658,464,000","308,994,000","316,743,000","307,799,000","268,000,000","28,400,000","170,800,000","169,600,000","199,000,000","81,500,000","65,000,000","59,300,000","51,800,000","50,100,000","47,600,000","45,300,000","42,300,000","38,200,000","39,800,000","38,100,000","35,900,000","34,200,000","33,800,000","32,800,000","30,500,000","29,800,000","28,500,000","27,800,000","224,200,000","23,500,000","25,300,000","24,900,000","18,600,000","20,200,000","19,600,000","17,600,000","17,400,000","16,300,000","16,900,000","15,200,000","15,800,000","15,300,000","16,700,000","17,200,000","16,300,000","12,100,000","14,100,000","15,500,000","14,000,000","13,600,000","13,100,000","14,100,000","8,200,000","11,000,000","10,800,000","11,400,000","10,900,000","9,600,000","8,700,000","8,800,000","9,300,000","8,800,000"
			NetIncomeExtraordinary,,,,,,,,,,,,,,,,,,,,,,,,,,,,,,,,,,,,,,,,,,,,,,,,,,,,,,,,,,,,,,,,,,,,,,,,,,,,,,"0",,,"-37,200,000",,,,,,,,,,,,,,,,,,,,,,,,,,,,,,,,,,,,,,,,,,,,,,,,,,,,,,,,,,,,,,,,,,
		MinorityInterests,"-22,000,000","-5,000,000","-6,000,000","-6,000,000","-5,000,000","-6,000,000","-6,000,000","-6,000,000","-8,000,000","-7,000,000","-9,000,000","-7,000,000","-9,000,000","-6,000,000","-7,000,000","-8,000,000","-7,000,000","-4,000,000","-6,000,000","-12,000,000","-13,000,000","-13,000,000","-14,000,000","-14,000,000","-15,000,000","-13,000,000","-14,000,000","-14,000,000","-13,000,000","-13,000,000","-15,000,000","-14,000,000","-15,000,000","-15,000,000","38,000,000","40,000,000","41,000,000","45,000,000","42,000,000","37,000,000","33,000,000","22,000,000","21,000,000","24,000,000","17,000,000","18,000,000","14,000,000","14,000,000","6,000,000","0","-2,000,000","-14,000,000","-16,000,000",,,,,,,,,,,,,,,,,,,,,,,,,,,,,,,,,,,,,,,,,,,,,,,,,,,,,,,,,,,,,,,,,,,,,,,,,,,,,,,,,,,,,,,,,,,,,,
	PreferredStockDividends,"303,000,000","71,000,000","84,000,000","58,000,000","90,000,000","75,000,000","79,000,000","72,000,000","78,000,000","72,000,000","79,000,000","72,000,000","79,000,000","72,000,000","76,000,000","64,000,000","70,000,000","63,000,000","71,000,000","64,000,000","69,000,000","80,000,000","61,000,000","79,000,000","61,000,000","65,000,000","62,000,000","60,000,000","60,000,000","62,000,000","60,000,000",,"60,000,000","61,000,000","61,000,000","64,000,000","64,000,000","45,000,000","70,000,000","70,000,000",,"14,000,000","36,000,000","36,000,000","43,000,000",,"37,000,000",,,,,,,"66,000,000","19,000,000",,,"15,000,000","15,000,000","15,000,000",,"15,000,000","16,000,000",,,,,,,,,,,,,,,,,,,,,,,,,,,,,,,"0",,,,,,,,,,,,,,,,,,,,,"300,000",,"300,000",,,,,,,,,,,,,,,,,,,,,,,,,,,,,,
	OtherunderPreferredStockDividend,"55,000,000","20,000,000","10,000,000","10,000,000","15,000,000","19,000,000","7,000,000","3,000,000","5,000,000","6,000,000","8,000,000","8,000,000","7,000,000","7,000,000","7,000,000","8,000,000","8,000,000","8,000,000","7,000,000","6,000,000","17,000,000","7,000,000","7,000,000","8,000,000","-4,000,000","7,000,000","5,000,000","6,000,000","6,000,000","6,000,000","6,000,000","68,000,000","6,000,000","6,000,000","7,000,000","15,000,000","6,000,000","71,000,000",,,"53,000,000","36,000,000","36,000,000",,"43,000,000","-66,000,000","37,000,000","96,000,000","21,000,000","-360,000,000","20,000,000","250,000,000","110,000,000","70,000,000","19,000,000",,,,,,,,,,,,,,,,,,,,,,,,,,,,,,,,,,,,,,,,,,,,,,,,,,,,,,,,,,,,,,,,,,,,,,,,,,,,,,,,,,,,,,,,,,,,
DilutedNIAvailtoComStockholders,"7,605,000,000","1,582,000,000","1,934,000,000","1,914,000,000","2,175,000,000","1,425,000,000","1,494,000,000","614,000,000","1,088,000,000","1,408,000,000","1,821,000,000","1,741,000,000","1,613,000,000","1,777,000,000","1,732,000,000","1,678,000,000","1,597,000,000","1,611,000,000","1,485,000,000","1,430,000,000","1,387,000,000","1,391,000,000","1,434,000,000","1,435,000,000","1,329,000,000","1,404,000,000","1,422,000,000","1,417,000,000","1,365,000,000","1,420,000,000","1,405,000,000","1,427,000,000","1,331,000,000","1,389,000,000","1,400,000,000","1,405,000,000","1,358,000,000","1,349,000,000","1,404,000,000","1,345,000,000","1,285,000,000","1,314,000,000","1,237,000,000","1,167,000,000","1,003,000,000","951,000,000","871,000,000","862,000,000","648,000,000","580,000,000","583,000,000","221,000,000","419,000,000","260,000,000","557,000,000","950,000,000","1,090,000,000","847,000,000","1,161,000,000","1,141,000,000","1,130,000,000","1,179,000,000","1,187,000,000","1,201,000,000","1,153,000,000","1,143,000,000","1,154,000,000","1,121,000,000","1,071,000,000","1,056,000,000","1,065,500,000","1,036,900,000","1,008,400,000","882,900,000","984,900,000","953,600,000","911,200,000","849,800,000","860,300,000","823,100,000","756,000,000","695,400,000","38,700,000","562,300,000","410,100,000","658,464,000","308,994,000","316,743,000","307,799,000","268,000,000","28,400,000","170,800,000","169,600,000","199,000,000","81,500,000","65,000,000","59,300,000","51,800,000","50,100,000","47,600,000","45,300,000","42,300,000","38,200,000","39,800,000","38,100,000","35,800,000","34,200,000","33,800,000","32,800,000","30,500,000","29,800,000","28,500,000","27,800,000","197,000,000","23,200,000","25,300,000","24,600,000","18,600,000","20,200,000","19,600,000","17,600,000","17,400,000","16,300,000","16,900,000","15,200,000","15,800,000","15,300,000","16,700,000","17,200,000","16,300,000","12,100,000",,,,,,,,,,,,,,,,
BasicEPS,,"1.07","1.3","1.29","1.45","0.95","0.99","0.41","0.72","0.91","1.16","1.09","1.01","1.1","1.06","1.02","0.97","0.97","0.89","0.85","0.82","0.82","0.84","0.83","0.77","0.8","0.81","0.8","0.77","0.79","0.78","0.79","0.73","0.76","0.76","0.76","0.73","0.72","0.74","0.71","0.68","0.69","0.65","0.61","0.52","0.5","0.46","0.45","0.34","0.3","0.31","0.12","0.24","0.15","0.32","0.53","0.62",,"0.67","0.66","0.64",,"0.67","0.66","0.64",,"0.63","0.61","0.58",,"0.57","0.55","0.53",,"0.51","0.5","0.47",,"0.45","0.43","0.39",,"0.02","0.3","0.22",,"0.54","0.53","0.51",,"0.55","0.52","0.51",,"0.45","0.43","0.147",,"-0.067","0.44","0.423",,"0.11","0.201","0.142",,"0.12","0.111","0.108",,"0.101","0.097","0.093",,"0.09","0.09","0.09",,"0.08","0.07","0.07",,"0.06","0.06","0.06",,"0.06","0.06","0.07",,"0.05",,"0.06",,,,"0.06",,,,"0.05",,,,"0.04",,
DilutedEPS,,"1.07","1.3","1.28","1.45","0.95","0.99","0.41","0.72","0.9","1.15","1.09","1","1.1","1.06","1.02","0.96","0.97","0.88","0.85","0.82","0.82","0.84","0.83","0.76","0.8","0.81","0.8","0.76","0.79","0.78","0.78","0.73","0.76","0.76","0.76","0.73","0.72","0.74","0.71","0.67","0.69","0.64","0.6","0.52","0.49","0.45","0.45","0.34","0.3","0.3","0.12","0.24","0.15","0.32","0.53","0.62",,"0.67","0.65","0.63",,"0.66","0.66","0.63",,"0.62","0.6","0.57",,"0.56","0.54","0.52",,"0.51","0.49","0.47",,"0.45","0.43","0.39",,"0.02","0.29","0.21",,"0.54","0.52","0.51",,"0.54","0.51","0.5",,"0.44","0.43","0.147",,"-0.067","0.44","0.423",,"0.11","0.201","0.142",,"0.12","0.111","0.108",,"0.101","0.097","0.093",,"0.09","0.09","0.09",,"0.07","0.07","0.07",,"0.06","0.06","0.06",,"0.06","0.06","0.07",,"0.05",,"0.06",,,,"0.06",,,,"0.05",,,,"0.04",,
BasicAverageShares,,"1,483,000,000","1,483,000,000","1,489,000,000","1,502,000,000","1,507,000,000","1,506,000,000","1,506,000,000","1,518,000,000","1,556,000,000","1,575,000,000","1,590,000,000","1,602,000,000","1,615,000,000","1,629,000,000","1,642,000,000","1,652,000,000","1,659,000,000","1,672,000,000","1,684,000,000","1,694,000,000","1,700,000,000","1,710,000,000","1,725,000,000","1,737,000,000","1,747,000,000","1,758,000,000","1,771,000,000","1,781,000,000","1,787,000,000","1,798,000,000","1,811,000,000","1,818,000,000","1,821,000,000","1,832,000,000","1,843,000,000","1,858,000,000","1,872,000,000","1,886,000,000","1,888,000,000","1,901,000,000","1,904,000,000","1,915,000,000","1,921,000,000","1,918,000,000","1,914,000,000","1,913,000,000","1,912,000,000","1,910,000,000","1,908,000,000","1,908,000,000","1,833,000,000","1,754,000,000","1,754,000,000","1,743,000,000","1,740,000,000","1,731,000,000",,"1,725,000,000","1,736,000,000","1,752,000,000",,"1,771,000,000","1,781,000,000","1,801,000,000",,"1,823,000,000","1,833,000,000","1,852,000,000",,"1,877,000,000","1,891,600,000","1,915,400,000",,"1,926,000,000","1,922,300,000","1,919,000,000",,"1,915,000,000","1,913,200,000","1,919,800,000",,"1,952,700,000","1,905,300,000","1,901,100,000",,"572,211,111","597,628,302","603,527,451",,"727,649,911","731,621,406","2,180,719,386",,"2,177,122,494","2,219,824,893","742,901,241",,"745,378,704","405,865,203","406,576,017",,"1,239,118,101","1,257,970,527","1,233,188,199",,"1,202,840,478","1,222,698,474","1,219,911,597",,"1,044,738,711","1,045,883,025","996,944,571",,"257,777,778","281,111,111","273,333,333",,"252,500,000","280,000,000","251,428,571",,"271,666,667","281,666,667","253,333,333",,"255,000,000","278,333,333","245,714,286",,"242,000,000",,"128,832,000",,,,"251,135,000",,,,"220,835,000",,,,"200,453,000",,
DilutedAverageShares,,"1,484,000,000","1,484,000,000","1,490,000,000","1,503,000,000","1,508,000,000","1,507,000,000","1,507,000,000","1,519,000,000","1,558,000,000","1,578,000,000","1,592,000,000","1,605,000,000","1,618,000,000","1,633,000,000","1,646,000,000","1,657,000,000","1,664,000,000","1,678,000,000","1,690,000,000","1,701,000,000","1,705,000,000","1,716,000,000","1,731,000,000","1,743,000,000","1,754,000,000","1,766,000,000","1,779,000,000","1,789,000,000","1,796,000,000","1,807,000,000","1,821,000,000","1,828,000,000","1,832,000,000","1,843,000,000","1,853,000,000","1,867,000,000","1,880,000,000","1,897,000,000","1,898,000,000","1,910,000,000","1,911,000,000","1,922,000,000","1,929,000,000","1,928,000,000","1,922,000,000","1,920,000,000","1,921,000,000","1,919,000,000","1,917,000,000","1,917,000,000","1,840,000,000","1,760,000,000","1,764,000,000","1,757,000,000","1,756,000,000","1,749,000,000",,"1,745,000,000","1,760,000,000","1,780,000,000",,"1,796,000,000","1,805,000,000","1,826,000,000",,"1,849,000,000","1,857,000,000","1,880,000,000",,"1,903,700,000","1,913,400,000","1,941,100,000",,"1,940,800,000","1,932,800,000","1,926,600,000",,"1,923,300,000","1,926,900,000","1,930,100,000",,"1,965,400,000","1,917,200,000","1,915,700,000",,"572,211,111","609,121,154","603,527,451",,"727,649,911","731,621,406","2,180,719,386",,"2,177,122,494","2,219,824,893","742,901,241",,"745,378,704","405,865,203","406,576,017",,"1,239,118,101","1,257,970,527","1,233,188,199",,"1,202,840,478","1,222,698,474","1,219,911,597",,"1,044,738,711","1,045,883,025","996,944,571",,"257,777,778","281,111,111","273,333,333",,"288,571,429","280,000,000","251,428,571",,"271,666,667","281,666,667","253,333,333",,"255,000,000","278,333,333","245,714,286",,"242,000,000",,"128,832,000",,,,"251,135,000",,,,"220,835,000",,,,"200,453,000",,
NetIncomeFromContinuingAndDiscontinuedOperation,"7,963,000,000","1,673,000,000","2,028,000,000","1,982,000,000","2,280,000,000","1,519,000,000","1,580,000,000","689,000,000","1,171,000,000","1,486,000,000","1,908,000,000","1,821,000,000","1,699,000,000","1,856,000,000","1,815,000,000","1,750,000,000","1,675,000,000","1,682,000,000","1,563,000,000","1,500,000,000","1,473,000,000","1,478,000,000","1,502,000,000","1,522,000,000","1,386,000,000","1,476,000,000","1,489,000,000","1,483,000,000","1,431,000,000","1,488,000,000","1,471,000,000","1,495,000,000","1,397,000,000","1,456,000,000","1,468,000,000","1,484,000,000","1,428,000,000","1,420,000,000","1,474,000,000","1,415,000,000","1,338,000,000","1,350,000,000","1,273,000,000","1,203,000,000","1,046,000,000","974,000,000","908,000,000","958,000,000","669,000,000","602,000,000","603,000,000","471,000,000","529,000,000","330,000,000","576,000,000","950,000,000","1,090,000,000","862,000,000","1,176,000,000","1,156,000,000","1,130,000,000","1,194,000,000","1,203,000,000","1,201,000,000","1,153,000,000","1,143,000,000","1,154,000,000","1,121,000,000","1,071,000,000","1,056,000,000","1,065,500,000","1,036,900,000","1,008,400,000","882,900,000","984,900,000","953,600,000","911,200,000","849,800,000","860,300,000","823,100,000","793,200,000","695,400,000","38,700,000","562,300,000","410,100,000","658,464,000","308,994,000","316,743,000","307,799,000","268,000,000","28,400,000","170,800,000","169,600,000","199,000,000","81,500,000","65,000,000","59,300,000","51,800,000","50,100,000","47,600,000","45,300,000","42,300,000","38,200,000","39,800,000","38,100,000","35,900,000","34,200,000","33,800,000","32,800,000","30,500,000","29,800,000","28,500,000","27,800,000","224,200,000","23,500,000","25,300,000","24,900,000","18,600,000","20,200,000","19,600,000","17,600,000","17,400,000","16,300,000","16,900,000","15,200,000","15,800,000","15,300,000","16,700,000","17,200,000","16,300,000","12,100,000",,,,,,,,,,,,,,,,
NormalizedIncome,"7,963,000,000","1,673,000,000","2,028,000,000","1,982,000,000","2,280,000,000","1,519,000,000","1,580,000,000","689,000,000","1,171,000,000","1,486,000,000","1,908,000,000","1,821,000,000","1,699,000,000","1,856,000,000","1,815,000,000","1,750,000,000","1,675,000,000","1,682,000,000","1,563,000,000","1,500,000,000","1,473,000,000","1,478,000,000","1,502,000,000","1,603,290,000","1,386,000,000","1,476,000,000","1,489,000,000","1,483,000,000","1,431,000,000","1,488,000,000","1,471,000,000","1,495,000,000","1,397,000,000","1,456,000,000","1,468,000,000","1,484,000,000","1,428,000,000","1,420,000,000","1,484,607,407.407","1,771,208,032.956","1,344,411,026.201","187,373,584.906","1,602,171,067.738","1,527,098,961.515","1,346,217,204.301","974,000,000","908,000,000","655,144,058.885","404,282,766.99","602,000,000","307,066,570.188","212,333,333.333","290,246,130.031","330,000,000","576,000,000","950,000,000","1,090,000,000","862,000,000","1,176,000,000","1,156,000,000","1,130,000,000","1,194,000,000","1,203,000,000","1,201,000,000","1,153,000,000","1,143,000,000","1,154,000,000","1,121,000,000","1,071,000,000","1,056,000,000","1,065,500,000","1,036,900,000","1,008,400,000","865,335,124.528","991,631,876.968","960,728,239.203","922,743,309.58","920,127,826.354","906,189,619.639","869,772,970.619","841,584,939.165","695,400,000","133,725,742.574","562,300,000","395,940,537.084","513,270,217.857","377,242,112.844","360,250,953.445","307,791,937.238","268,000,000","28,400,000","170,800,000","169,600,000","199,000,000","81,500,000","65,000,000","59,300,000","51,800,000","50,435,341.365","47,600,000","45,300,000","42,300,000","38,200,000","39,800,000","38,100,000","35,900,000","34,200,000","33,800,000","32,800,000","30,500,000","29,800,000","28,500,000","27,800,000","224,200,000","23,500,000","25,300,000","24,900,000","-19,582,394.366","19,867,763.158","19,600,000","17,600,000","17,400,000","16,300,000","16,900,000","15,200,000","15,800,000","15,300,000","16,700,000","17,200,000","16,300,000","12,100,000",,,,,,,,,,,,,,,,
InterestIncome,"13,487,000,000","3,355,000,000","3,409,000,000","3,382,000,000","3,341,000,000","3,479,000,000","3,573,000,000","3,672,000,000","4,116,000,000","4,255,000,000","4,437,000,000","4,451,000,000","4,351,000,000","4,311,000,000","4,123,000,000","3,948,000,000","3,791,000,000","3,740,000,000","3,714,000,000","3,531,000,000","3,400,000,000","3,374,000,000","3,320,000,000","3,252,000,000","3,221,000,000","3,156,000,000","3,117,000,000","3,068,000,000","3,061,000,000","3,102,000,000","3,057,000,000","3,047,000,000","3,022,000,000","3,068,000,000","3,068,000,000","3,038,000,000","3,111,000,000","3,196,000,000","3,227,000,000","3,228,000,000","3,232,000,000","3,220,000,000","3,200,000,000","3,119,000,000","3,100,000,000","3,093,000,000","3,077,000,000","2,995,000,000","2,993,000,000","2,974,000,000","2,857,000,000","2,840,000,000","2,867,000,000","3,141,000,000","3,057,000,000","3,015,000,000","3,205,000,000","3,379,000,000","3,334,000,000","3,236,000,000","3,187,000,000","3,205,000,000","3,149,000,000","3,018,000,000","2,891,000,000","2,833,000,000","2,718,000,000","2,565,000,000","2,435,000,000","2,389,400,000","2,302,800,000","2,236,200,000","2,258,100,000","2,254,000,000","2,321,700,000","2,339,600,000","2,342,700,000","2,395,500,000","2,420,000,000","2,375,600,000","2,362,600,000","2,519,400,000","2,718,400,000","2,827,000,000","3,018,800,000","2,640,729,000","1,405,546,000","1,360,714,000","1,300,111,000","1,268,100,000","1,267,700,000","651,000,000","649,500,000","1,585,900,000","356,000,000","262,000,000","241,000,000","208,500,000","204,500,000","199,400,000","192,200,000","190,000,000","186,200,000","180,600,000","178,700,000","182,500,000","181,700,000","175,000,000","171,200,000","164,600,000","143,800,000","134,200,000","127,100,000","1,274,200,000","128,600,000","128,600,000","130,300,000","135,500,000","138,300,000","131,900,000","135,700,000","143,000,000","149,300,000","140,000,000","144,600,000","149,800,000","147,500,000","146,200,000","142,500,000","145,100,000","143,300,000",,,,,,,,,,,,,,,,
InterestExpense,"993,000,000","232,000,000","238,000,000","245,000,000","278,000,000","304,000,000","346,000,000","472,000,000","893,000,000","1,048,000,000","1,156,000,000","1,146,000,000","1,092,000,000","1,008,000,000","872,000,000","751,000,000","623,000,000","596,000,000","579,000,000","514,000,000","455,000,000","419,000,000","427,000,000","407,000,000","386,000,000","337,000,000","349,000,000","352,000,000","363,000,000","358,000,000","365,000,000","358,000,000","372,000,000","391,000,000","410,000,000","422,000,000","458,000,000","469,000,000","501,000,000","570,000,000","598,000,000","603,000,000","634,000,000","631,000,000","648,000,000","647,000,000","653,000,000","638,000,000","641,000,000","664,000,000","750,000,000","786,000,000","820,000,000","1,020,000,000","1,124,000,000","1,140,000,000","1,402,000,000","1,638,000,000","1,667,000,000","1,604,000,000","1,538,000,000","1,525,000,000","1,489,000,000","1,332,000,000","1,176,000,000","1,058,000,000","936,000,000","811,000,000","691,000,000","596,900,000","528,200,000","463,800,000","486,300,000","463,100,000","497,100,000","541,300,000","567,200,000","629,700,000","688,200,000","694,800,000","701,300,000","844,500,000","1,109,300,000","1,257,800,000","1,463,200,000","1,192,321,000","726,893,000","686,127,000","630,458,000","605,300,000","606,200,000","277,600,000","283,600,000","725,300,000","170,800,000","120,500,000","107,800,000","89,800,000","88,300,000","84,500,000","80,100,000","79,400,000","78,500,000","79,100,000","80,300,000","84,500,000","84,800,000","82,400,000","80,500,000","72,000,000","56,400,000","49,000,000","46,200,000","380,500,000","47,900,000","49,300,000","51,100,000","54,200,000","58,500,000","58,300,000","62,100,000","73,200,000","78,300,000","75,800,000","80,200,000","86,000,000","86,800,000","84,300,000","82,500,000","85,700,000","86,500,000",,,,,,,,,,,,,,,,
NetInterestIncome,"12,494,000,000","3,123,000,000","3,171,000,000","3,137,000,000","3,063,000,000","3,175,000,000","3,227,000,000","3,200,000,000","3,223,000,000","3,207,000,000","3,281,000,000","3,305,000,000","3,259,000,000","3,303,000,000","3,251,000,000","3,197,000,000","3,168,000,000","3,144,000,000","3,135,000,000","3,017,000,000","2,945,000,000","2,955,000,000","2,893,000,000","2,845,000,000","2,835,000,000","2,819,000,000","2,768,000,000","2,716,000,000","2,698,000,000","2,744,000,000","2,692,000,000","2,689,000,000","2,650,000,000","2,677,000,000","2,658,000,000","2,616,000,000","2,653,000,000","2,727,000,000","2,726,000,000","2,658,000,000","2,634,000,000","2,617,000,000","2,566,000,000","2,488,000,000","2,452,000,000","2,446,000,000","2,424,000,000","2,357,000,000","2,352,000,000","2,310,000,000","2,107,000,000","2,054,000,000","2,047,000,000","2,121,000,000","1,933,000,000","1,875,000,000","1,803,000,000","1,741,000,000","1,667,000,000","1,632,000,000","1,649,000,000","1,680,000,000","1,660,000,000","1,686,000,000","1,715,000,000","1,775,000,000","1,782,000,000","1,754,000,000","1,744,000,000","1,792,500,000","1,774,600,000","1,772,400,000","1,771,800,000","1,790,900,000","1,824,600,000","1,798,300,000","1,775,500,000","1,765,800,000","1,731,800,000","1,680,800,000","1,661,300,000","1,674,900,000","1,609,100,000","1,569,200,000","1,555,600,000","1,448,408,000","678,653,000","674,587,000","669,653,000","662,800,000","661,500,000","373,400,000","365,900,000","860,600,000","185,200,000","141,500,000","133,200,000","118,700,000","116,200,000","114,900,000","112,100,000","110,600,000","107,700,000","101,500,000","98,400,000","98,000,000","96,900,000","92,600,000","90,700,000","92,600,000","87,400,000","85,200,000","80,900,000","893,700,000","80,700,000","79,300,000","79,200,000","81,300,000","79,800,000","73,600,000","73,600,000","69,800,000","71,000,000","64,200,000","64,400,000","63,800,000","60,700,000","61,900,000","60,000,000","59,400,000","56,800,000",,,,,,,,,,,,,,,,
ReconciledDepreciation,"497,000,000","125,000,000","126,000,000","124,000,000","122,000,000","134,000,000","133,000,000","131,000,000","129,000,000","130,000,000","127,000,000","125,000,000","120,000,000","121,000,000","118,000,000","115,000,000","113,000,000","118,000,000","117,000,000","116,000,000","117,000,000","117,000,000","117,000,000","117,000,000","119,000,000","123,000,000","118,000,000","120,000,000","120,000,000","128,000,000","127,000,000","123,000,000","123,000,000","131,000,000","129,000,000","129,000,000","131,000,000","141,000,000","139,000,000","141,000,000","140,000,000","144,000,000","75,000,000","75,000,000","75,000,000","89,000,000","90,000,000","91,000,000","97,000,000","107,000,000","94,000,000","95,000,000","91,000,000","93,000,000","88,000,000",,,,,,,,,,,,,,,,,,,,,,,,,,,,,,,"187,790,000","67,267,000","63,703,000","68,540,000","78,100,000","160,000,000","6,000,000","48,200,000","134,800,000","25,200,000","18,300,000","16,400,000","10,900,000","9,800,000","10,000,000","9,600,000","9,800,000","9,200,000","9,800,000","9,600,000","9,700,000","8,500,000","7,700,000","7,800,000","7,600,000","6,000,000","10,800,000","6,200,000","120,800,000","8,900,000","7,400,000","7,400,000","2,100,000","13,300,000","6,000,000","4,900,000","5,300,000","5,300,000","4,800,000","4,200,000","4,200,000","4,900,000","4,700,000","4,100,000","2,600,000",,,,,,,,,,,,,,,,,
NetIncomeFromContinuingOperationNetMinorityInterest,"7,963,000,000","1,673,000,000","2,028,000,000","1,982,000,000","2,280,000,000","1,519,000,000","1,580,000,000","689,000,000","1,171,000,000","1,486,000,000","1,908,000,000","1,821,000,000","1,699,000,000","1,856,000,000","1,815,000,000","1,750,000,000","1,675,000,000","1,682,000,000","1,563,000,000","1,500,000,000","1,473,000,000","1,478,000,000","1,502,000,000","1,522,000,000","1,386,000,000","1,476,000,000","1,489,000,000","1,483,000,000","1,431,000,000","1,488,000,000","1,471,000,000","1,495,000,000","1,397,000,000","1,456,000,000","1,468,000,000","1,484,000,000","1,428,000,000","1,420,000,000","1,474,000,000","1,415,000,000","1,338,000,000","1,350,000,000","1,273,000,000","1,203,000,000","1,046,000,000","974,000,000","908,000,000","958,000,000","669,000,000","602,000,000","603,000,000","471,000,000","529,000,000","330,000,000","576,000,000","950,000,000","1,090,000,000","862,000,000","1,176,000,000","1,156,000,000","1,130,000,000","1,194,000,000","1,203,000,000","1,201,000,000","1,153,000,000","1,143,000,000","1,154,000,000","1,121,000,000","1,071,000,000","1,056,000,000","1,065,500,000","1,036,900,000","1,008,400,000","860,400,000","984,900,000","953,600,000","911,200,000","849,800,000","860,300,000","823,100,000","793,200,000","695,400,000","38,700,000","562,300,000","410,100,000","658,464,000","308,994,000","316,743,000","307,799,000","268,000,000","28,400,000","170,800,000","169,600,000","199,000,000","81,500,000","65,000,000","59,300,000","51,800,000","50,100,000","47,600,000","45,300,000","42,300,000","38,200,000","39,800,000","38,100,000","35,900,000","34,200,000","33,800,000","32,800,000","30,500,000","29,800,000","28,500,000","27,800,000","224,200,000","23,500,000","25,300,000","24,900,000","18,600,000","20,200,000","19,600,000","17,600,000","17,400,000","16,300,000","16,900,000","15,200,000","15,800,000","15,300,000","16,700,000","17,200,000","16,300,000","12,100,000",,,,,,,,,,,,,,,,
TotalUnusualItemsExcludingGoodwill,,,,,,,,,,,,,,"340,000,000",,,,"-608,000,000",,,,"0",,"-110,000,000",,,,,,,,,,,,,,,"-15,000,000","-502,000,000","-9,000,000","1,624,000,000","-458,000,000","-450,000,000","-407,000,000",,"388,000,000","383,000,000","329,000,000","351,000,000","338,000,000","312,000,000","283,000,000",,,,,,,,,,,,,,,,,,,,,"-7,600,000","-10,200,000","-10,800,000","-17,600,000","-107,900,000","-70,400,000","-71,600,000","-74,200,000",,"-148,800,000",,"21,600,000","227,800,000","-102,000,000","-66,897,000","11,000",,,,,,,,,,"-500,000",,,,,,,,,,,,,,,,,,,"58,300,000","500,000",,,,,,,,,,,,,,,,,,,,,,,,,,,,
TotalUnusualItems,,,,,,,,,,,,,,"340,000,000",,,,"-608,000,000",,,,"0",,"-110,000,000",,,,,,,,,,,,,,,"-15,000,000","-502,000,000","-9,000,000","1,624,000,000","-458,000,000","-450,000,000","-407,000,000",,"388,000,000","383,000,000","329,000,000","351,000,000","338,000,000","312,000,000","283,000,000",,,,,,,,,,,,,,,,,,,,,"-7,600,000","-10,200,000","-10,800,000","-17,600,000","-107,900,000","-70,400,000","-71,600,000","-74,200,000",,"-148,800,000",,"21,600,000","227,800,000","-102,000,000","-66,897,000","11,000",,,,,,,,,,"-500,000",,,,,,,,,,,,,,,,,,,"58,300,000","500,000",,,,,,,,,,,,,,,,,,,,,,,,,,,,
TaxRateForCalcs,"0.215","0.215","0.217","0.217","0.21","0.206","0.18","0.084","0.181","0.192","0.196","0.197","0.181","0.135","0.202","0.201","0.177","0.4","0.273","0.267","0.251","0.269","0.272","0.261","0.265","0.272","0.262","0.261","0.249","0.258","0.26","0.266","0.26","0.215","0.275","0.268","0.287","0.286","0.293","0.29","0.288","0.284","0.281","0.28","0.262","0.248","0.225","0.209","0.195","0.152","0.124","0.171","0.156","0.076","0.256","0.289","0.304","0.307","0.302","0.302","0.304","0.267","0.307","0.328","0.327","0.308","0.337","0.28","0.34","0.334","0.34","0.342","0.28","0.351","0.34","0.34","0.344","0.348","0.348","0.348","0.348","0.361","0.361","0.346","0.344","0.363","0.331","0.35","0.358","0.38","0.4","0.327","0.329","0.337","0.317","0.343","0.342","0.327","0.329","0.336","0.331","0.34","0.344","0.339","0.334","0.334","0.333","0.333","0.333","0.344","0.346","0.342","0.352","0.386","0.353","0.336","0.334","0.345","0.336","0.326","0.326","0.32","0.315","0.31","0.309","0.304","0.301","0.295","0.301","0.288","0.271",,,,,,,,,,,,,,,,
TaxEffectOfUnusualItems,"0","0","0","0","0","0","0","0","0","0","0","0","0","0","0","0","0","0","0","0","0","0","0","-28,710,000","0","0","0","0","0","0","0","0","0","0","0","0","0","0","-4,392,592.593","-145,791,967.044","-2,588,973.799","461,373,584.906","-128,828,932.262","-125,901,038.485","-106,782,795.699","0","0","80,144,058.885","64,282,766.99","0","42,066,570.188","53,333,333.333","44,246,130.031","0","0","0","0","0","0","0","0","0","0","0","0","0","0","0","0","0","0","0","0","-2,664,875.472","-3,468,123.032","-3,671,760.797","-6,056,690.42","-37,572,173.646","-24,510,380.361","-24,927,029.381","-25,815,060.835","0","-53,774,257.426","0","7,440,537.084","82,606,217.857","-33,751,887.156","-23,389,046.555","3,937.238","0","0","0","0","0","0","0","0","0","-164,658.635","0","0","0","0","0","0","0","0","0","0","0","0","0","0","0","0","0","0","20,117,605.634","167,763.158","0","0","0","0","0","0","0","0","0","0","0","0",,,,,,,,,,,,,,,,