name,ttm,12/31/2021,09/30/2021,06/30/2021,03/31/2021,12/31/2020,09/30/2020,06/30/2020,03/31/2020,12/31/2019,09/30/2019,06/30/2019,03/31/2019,12/31/2018,09/30/2018,06/30/2018,03/31/2018,12/31/2017,09/30/2017,06/30/2017,03/31/2017,12/31/2016,09/30/2016,06/30/2016,03/31/2016,12/31/2015,09/30/2015,06/30/2015,03/31/2015,12/31/2014,09/30/2014,06/30/2014,03/31/2014,12/31/2013,09/30/2013,06/30/2013,03/31/2013,12/31/2012,09/30/2012,06/30/2012,03/31/2012,12/31/2011,09/30/2011,06/30/2011,03/31/2011,12/31/2010,09/30/2010,06/30/2010,03/31/2010,12/31/2009,09/30/2009,06/30/2009,03/31/2009,12/31/2008,09/30/2008,06/30/2008,03/31/2008,12/31/2007,09/30/2007,06/30/2007,03/31/2007,12/31/2006,09/30/2006,06/30/2006
TotalRevenue,"25,477,000,000","7,059,000,000","6,559,000,000","6,130,000,000","5,729,000,000","5,687,000,000","5,101,000,000","4,837,000,000","5,854,000,000","6,054,000,000","6,137,000,000","5,840,000,000","5,494,000,000","5,506,000,000","5,434,000,000","5,240,000,000","5,073,000,000","4,862,000,000","4,855,000,000","4,565,000,000","4,477,000,000","4,461,000,000","4,261,000,000","3,630,000,000","3,626,000,000","3,565,000,000","3,571,000,000","3,518,000,000","3,409,000,000","3,382,000,000","3,229,000,000","3,155,000,000","3,163,000,000","3,155,000,000","2,973,000,000","3,001,000,000","2,958,000,000","2,846,000,000","2,731,000,000","2,565,000,000","2,578,000,000","2,547,000,000","2,383,000,000","2,322,000,000","2,245,000,000","2,238,000,000","2,117,000,000","2,029,000,000","1,959,000,000","1,960,000,000","1,879,000,000","1,646,000,000","1,647,000,000","1,739,000,000","1,709,000,000","1,613,000,000","1,453,000,000","1,488,000,000","991,045,000","941,000,000","813,000,000","845,000,000","744,707,000","735,990,000"
	OperatingRevenue,"32,617,000,000","8,981,000,000","8,456,000,000","7,851,000,000","7,329,000,000","7,161,000,000","6,438,000,000","6,036,000,000","7,167,000,000","7,437,000,000","7,485,000,000","7,044,000,000","6,645,000,000","6,663,000,000","6,680,000,000","6,385,000,000","6,132,000,000","5,959,000,000","5,975,000,000","5,503,000,000","5,305,000,000","5,299,000,000","5,036,000,000","4,260,000,000","4,217,000,000","4,155,000,000","4,157,000,000","3,989,000,000","3,881,000,000","3,891,000,000","3,785,000,000","3,598,000,000","3,567,000,000","3,574,000,000","3,470,000,000","3,343,000,000","3,350,000,000","3,220,000,000","4,182,000,000","2,565,000,000","2,578,000,000","2,547,000,000","2,383,000,000","2,322,000,000","2,245,000,000","2,238,000,000","2,117,000,000","2,029,000,000","1,959,000,000","1,960,000,000","1,879,000,000","1,646,000,000","1,647,000,000","1,739,000,000","1,709,000,000","1,613,000,000","1,453,000,000","1,488,000,000","1,216,029,000","941,000,000","460,000,000","451,000,000","744,707,000","735,990,000"
CostOfRevenue,"5,131,000,000","1,315,000,000","1,239,000,000","1,284,000,000","1,293,000,000","1,154,000,000","1,113,000,000","1,113,000,000","1,123,000,000","1,163,000,000","1,064,000,000","1,056,000,000","1,065,000,000","980,000,000","1,003,000,000","1,021,000,000","993,000,000","839,000,000","822,000,000","856,000,000","854,000,000","716,000,000","851,000,000","632,000,000","654,000,000","627,000,000","655,000,000","683,000,000","592,000,000","623,000,000","624,000,000","590,000,000","566,000,000","602,000,000","621,000,000","610,000,000","605,000,000","564,000,000","582,000,000","537,000,000","534,000,000","487,000,000","494,000,000","454,000,000","431,000,000","437,000,000","472,000,000","388,000,000","408,000,000","379,000,000","445,000,000","359,000,000","364,000,000","368,000,000","411,000,000","394,000,000","367,000,000","416,000,000",,,,,,
GrossProfit,"20,346,000,000","5,744,000,000","5,320,000,000","4,846,000,000","4,436,000,000","4,533,000,000","3,988,000,000","3,724,000,000","4,731,000,000","4,891,000,000","5,073,000,000","4,784,000,000","4,429,000,000","4,526,000,000","4,431,000,000","4,219,000,000","4,080,000,000","4,023,000,000","4,033,000,000","3,709,000,000","3,623,000,000","3,745,000,000","3,410,000,000","2,998,000,000","2,972,000,000","2,938,000,000","2,916,000,000","2,835,000,000","2,817,000,000","2,759,000,000","2,605,000,000","2,565,000,000","2,597,000,000","2,553,000,000","2,352,000,000","2,391,000,000","2,353,000,000","2,282,000,000","2,149,000,000","2,028,000,000","2,044,000,000","2,060,000,000","1,889,000,000","1,868,000,000","1,814,000,000","1,801,000,000","1,645,000,000","1,641,000,000","1,551,000,000","1,581,000,000","1,434,000,000","1,287,000,000","1,283,000,000","1,371,000,000","1,298,000,000","1,219,000,000","1,086,000,000","1,072,000,000",,,,,,
OperatingExpense,"3,460,000,000","820,000,000","1,004,000,000","784,000,000","852,000,000","688,000,000","844,000,000","724,000,000","799,000,000","875,000,000","968,000,000","875,000,000","766,000,000","802,000,000","1,018,000,000","734,000,000","744,000,000","696,000,000","819,000,000","685,000,000","813,000,000","630,000,000","784,000,000","693,000,000","537,000,000","542,000,000","622,000,000","573,000,000","533,000,000","521,000,000","600,000,000","545,000,000","549,000,000","476,000,000","601,000,000","564,000,000","492,000,000","479,000,000","625,000,000","537,000,000","438,000,000","442,000,000","520,000,000","523,000,000","431,000,000","435,000,000","577,000,000","504,000,000","427,000,000","407,000,000","564,000,000","464,000,000","402,000,000","405,000,000","271,000,000","571,000,000","737,000,000","386,000,000","-385,937,000","607,000,000","542,000,000","536,000,000","567,120,000","532,664,000"
	SellingGeneralAndAdministration,"2,655,000,000","622,000,000","802,000,000","580,000,000","651,000,000","491,000,000","648,000,000","527,000,000","607,000,000","693,000,000","796,000,000","710,000,000","606,000,000","643,000,000","855,000,000","582,000,000","591,000,000","551,000,000","672,000,000","553,000,000","682,000,000","484,000,000","643,000,000","573,000,000","416,000,000","422,000,000","503,000,000","443,000,000","408,000,000","401,000,000","488,000,000","436,000,000","442,000,000","369,000,000","495,000,000","463,000,000","394,000,000","387,000,000","536,000,000","453,000,000","358,000,000","362,000,000","449,000,000","449,000,000","355,000,000","368,000,000","458,000,000","441,000,000","365,000,000","345,000,000","503,000,000","407,000,000","346,000,000","353,000,000","554,000,000","464,000,000","386,000,000","386,000,000","854,396,000","50,000,000","151,000,000","168,000,000","164,226,000","161,216,000"
		GeneralAndAdministrativeExpense,"1,444,000,000","342,000,000","345,000,000","312,000,000","445,000,000","286,000,000","360,000,000","353,000,000","372,000,000","419,000,000","490,000,000","428,000,000","365,000,000","367,000,000","591,000,000","342,000,000","330,000,000","328,000,000","382,000,000","332,000,000","489,000,000","266,000,000","343,000,000","384,000,000","230,000,000","228,000,000","250,000,000","219,000,000","218,000,000","196,000,000","247,000,000","208,000,000","197,000,000","183,000,000","259,000,000","211,000,000","199,000,000","194,000,000","265,000,000","211,000,000","188,000,000","172,000,000","210,000,000","198,000,000","172,000,000","171,000,000","225,000,000","164,000,000","127,000,000","129,000,000","220,000,000","178,000,000","150,000,000","143,000,000","234,000,000","193,000,000","171,000,000","176,000,000","679,840,000","50,000,000","46,000,000","54,000,000","17,399,000","28,931,000"
			SalariesAndWages,,,,,,,,,,,,,,,,,,,,,,,,,,,,,,,,,,,,,,,,,,,,,,,,,,,,,,,,,,,"192,151,000","184,000,000","174,000,000","171,000,000","166,528,000","175,089,000"
			OtherGandA,"1,444,000,000","342,000,000","345,000,000","312,000,000","445,000,000","286,000,000","360,000,000","353,000,000","372,000,000","419,000,000","490,000,000","428,000,000","365,000,000","367,000,000","591,000,000","342,000,000","330,000,000","328,000,000","382,000,000","332,000,000","489,000,000","266,000,000","343,000,000","384,000,000","230,000,000","228,000,000","250,000,000","219,000,000","218,000,000","196,000,000","247,000,000","208,000,000","197,000,000","183,000,000","259,000,000","211,000,000","199,000,000","194,000,000","265,000,000","211,000,000","188,000,000","172,000,000","210,000,000","198,000,000","172,000,000","171,000,000","225,000,000","164,000,000","127,000,000","129,000,000","220,000,000","178,000,000","150,000,000","143,000,000","234,000,000","193,000,000","171,000,000","176,000,000","1,209,070,000","-134,000,000","-128,000,000","-117,000,000","-149,129,000","-146,158,000"
		SellingAndMarketingExpense,"1,211,000,000","280,000,000","457,000,000","268,000,000","206,000,000","205,000,000","288,000,000","174,000,000","235,000,000","274,000,000","306,000,000","282,000,000","241,000,000","276,000,000","264,000,000","240,000,000","261,000,000","223,000,000","290,000,000","221,000,000","193,000,000","218,000,000","300,000,000","189,000,000","186,000,000","194,000,000","253,000,000","224,000,000","190,000,000","205,000,000","241,000,000","228,000,000","245,000,000","186,000,000","236,000,000","252,000,000","195,000,000","193,000,000","271,000,000","242,000,000","170,000,000","190,000,000","239,000,000","251,000,000","183,000,000","197,000,000","233,000,000","277,000,000","238,000,000","216,000,000","283,000,000","229,000,000","196,000,000","210,000,000","320,000,000","271,000,000","215,000,000","210,000,000","174,556,000",,"105,000,000","114,000,000","146,827,000","132,285,000"
	DepreciationAmortizationDepletionIncomeStatement,"805,000,000","198,000,000","202,000,000","204,000,000","201,000,000","197,000,000","196,000,000","197,000,000","192,000,000","182,000,000","172,000,000","165,000,000","160,000,000","159,000,000","163,000,000","152,000,000","153,000,000","145,000,000","147,000,000","132,000,000","131,000,000","146,000,000","141,000,000","120,000,000","121,000,000","120,000,000","119,000,000","130,000,000","125,000,000","120,000,000","112,000,000","109,000,000","107,000,000","107,000,000","106,000,000","101,000,000","98,000,000","92,000,000","89,000,000","84,000,000","80,000,000","80,000,000","77,000,000","74,000,000","70,000,000","67,000,000","78,000,000","63,000,000","62,000,000","62,000,000","61,000,000","57,000,000","56,000,000","52,000,000","59,000,000","57,000,000","59,000,000",,,"28,000,000","28,000,000",,,
		DepreciationAndAmortizationInIncomeStatement,"805,000,000","198,000,000","202,000,000","204,000,000","201,000,000","197,000,000","196,000,000","197,000,000","192,000,000","182,000,000","172,000,000","165,000,000","160,000,000","159,000,000","163,000,000","152,000,000","153,000,000","145,000,000","147,000,000","132,000,000","131,000,000","146,000,000","141,000,000","120,000,000","121,000,000","120,000,000","119,000,000","130,000,000","125,000,000","120,000,000","112,000,000","109,000,000","107,000,000","107,000,000","106,000,000","101,000,000","98,000,000","92,000,000","89,000,000","84,000,000",,"80,000,000","77,000,000","74,000,000","70,000,000",,"78,000,000","63,000,000","62,000,000","62,000,000","61,000,000","57,000,000","56,000,000","52,000,000","59,000,000","57,000,000","59,000,000",,,"28,000,000","28,000,000",,,
	ProvisionForDoubtfulAccounts,,,,,,,,,,,,,,,,,,,,,,,,,,,,,,,,,,,,,,,,,"0",,,"0","6,000,000","0",,"0",,,,,,,,,,,,,,,,
	OtherOperatingExpenses,,,,,,,,,,,,,,,,,,,,,,,,,,,,,,,,,,,,,,,,"4,098,000,000",,,,,,,,,,,,,,,,"50,000,000","292,000,000",,"3,007,127,000","529,000,000","363,000,000","368,000,000","402,894,000","371,448,000"
OperatingIncome,"16,886,000,000","4,924,000,000","4,316,000,000","4,062,000,000","3,584,000,000","3,845,000,000","3,144,000,000","3,000,000,000","3,932,000,000","4,016,000,000","4,105,000,000","3,909,000,000","3,663,000,000","3,724,000,000","3,413,000,000","3,485,000,000","3,336,000,000","3,327,000,000","3,214,000,000","3,024,000,000","2,810,000,000","3,115,000,000","2,626,000,000","2,305,000,000","2,435,000,000","2,396,000,000","2,294,000,000","2,262,000,000","2,284,000,000","2,238,000,000","2,005,000,000","2,020,000,000","2,048,000,000","2,077,000,000","1,751,000,000","1,827,000,000","1,861,000,000","1,803,000,000","1,524,000,000","1,491,000,000","1,606,000,000","1,618,000,000","1,369,000,000","1,345,000,000","1,383,000,000","1,366,000,000","1,068,000,000","1,137,000,000","1,124,000,000","1,174,000,000","870,000,000","823,000,000","881,000,000","966,000,000","1,027,000,000","648,000,000","349,000,000","686,000,000","289,370,000","334,000,000","271,000,000","309,000,000","177,587,000","203,326,000"
NetNonOperatingInterestIncomeExpense,"-511,000,000","-134,000,000","-125,000,000","-131,000,000","-121,000,000","-136,000,000","-145,000,000","-142,000,000","-118,000,000","-111,000,000","-120,000,000","-128,000,000","-140,000,000","-145,000,000","-150,000,000","-155,000,000","-153,000,000","-154,000,000","-148,000,000","-140,000,000","-135,000,000","-140,000,000","-135,000,000","-131,000,000","-132,000,000","-29,000,000",,,,,,,,,,,,,"57,000,000","-11,000,000","-7,000,000","-10,000,000","-13,000,000","-11,000,000","-12,000,000","4,000,000","-15,000,000","-13,000,000","-28,000,000","-16,000,000","-25,000,000","-30,000,000","-30,000,000","-30,000,000",,,,,,"-20,000,000",,,,
	InterestIncomeNonOperating,,,,,,,,,,,,,,,,,,,,,,,,,,,,,,,,,,,,,,,,,,"0",,,,,,,,,,,,,,,,,,,,,,
	InterestExpenseNonOperating,"511,000,000","134,000,000","125,000,000","131,000,000","121,000,000","136,000,000","145,000,000","142,000,000","118,000,000",,"120,000,000","128,000,000",,"145,000,000","150,000,000","155,000,000","153,000,000","154,000,000","148,000,000","140,000,000","135,000,000","140,000,000","135,000,000","131,000,000","132,000,000","29,000,000",,,,,,,,,,,,,,"11,000,000","7,000,000","10,000,000","13,000,000","11,000,000","12,000,000",,"15,000,000","13,000,000","28,000,000","16,000,000","25,000,000","30,000,000","30,000,000","30,000,000",,,,,,"20,000,000",,,,
	TotalOtherFinanceCost,,,,,,,,,,"111,000,000",,,"140,000,000",,,,,,,,,,,,,,,,,,,,,,,,,,"-57,000,000","11,000,000",,,,,,"-4,000,000",,,,,,,,,,,,,,,,,,
OtherIncomeExpense,"837,000,000","107,000,000","107,000,000","458,000,000","165,000,000","39,000,000","56,000,000","74,000,000","15,000,000","69,000,000","-274,000,000","85,000,000","154,000,000","51,000,000","275,000,000","-518,000,000","34,000,000","66,000,000","33,000,000","30,000,000","27,000,000","4,000,000","19,000,000","-1,752,000,000","138,000,000","272,000,000","-11,000,000","-94,000,000","-2,000,000","24,000,000","-455,000,000","10,000,000","13,000,000","6,000,000","15,000,000","6,000,000","-4,000,000","-2,000,000","7,000,000","-4,087,000,000","10,000,000","9,000,000","-2,000,000","209,000,000","6,000,000","12,000,000","142,000,000","-2,000,000","17,000,000","50,000,000","18,000,000","504,000,000","36,000,000","17,000,000","-1,089,000,000","46,000,000","-230,000,000","1,000,000","-2,560,122,000","39,000,000","17,000,000","14,000,000","-4,051,000","1,003,000"
	GainOnSaleOfSecurity,"987,000,000","255,000,000","108,000,000","456,000,000","168,000,000","40,000,000","58,000,000","75,000,000","23,000,000","69,000,000","96,000,000","86,000,000","176,000,000",,,,,,,,,,,,,,,,,,,,,,,,,,"11,000,000","12,000,000","9,000,000","10,000,000","1,000,000","88,000,000","9,000,000","10,000,000","20,000,000","1,000,000","23,000,000","5,000,000","18,000,000","504,000,000","34,000,000",,,,,,,,,,,
	EarningsFromEquityInterest,,,,,,,,,,,,,,,,,,,,,,,,,,,,,,,,,,,,,,,,,,,,,,,"-2,000,000","-3,000,000","-2,000,000","0","0","0","1,000,000","-1,000,000","0",,,"1,000,000",,,,,,
	SpecialIncomeCharges,"-150,000,000","-148,000,000","-1,000,000","2,000,000","-3,000,000","-1,000,000","-2,000,000","-1,000,000","-8,000,000","0","-370,000,000","-1,000,000","-22,000,000","-7,000,000","-7,000,000","-600,000,000",,"0","-2,000,000","0","-2,000,000","-15,000,000","-1,000,000","-1,877,000,000","-1,000,000",,"-11,000,000","0","-3,000,000",,"-453,000,000","0","0","0","0","1,000,000","-1,000,000","-3,000,000","-7,000,000","-4,099,000,000","1,000,000","-1,000,000","-3,000,000","121,000,000","-3,000,000","2,000,000",,"1,000,000","-4,000,000","45,000,000","0","0","1,000,000","18,000,000","-1,300,000,000","46,000,000","-230,000,000",,"-2,702,857,000","39,000,000","17,000,000","14,000,000","-4,051,000","1,003,000"
		OtherSpecialCharges,"150,000,000","148,000,000","1,000,000","-2,000,000","3,000,000","1,000,000","2,000,000","1,000,000","8,000,000",,"370,000,000","1,000,000","22,000,000","7,000,000","7,000,000","600,000,000",,,"2,000,000",,"2,000,000","15,000,000","1,000,000","1,877,000,000","1,000,000",,"11,000,000",,"3,000,000",,"453,000,000",,,,"0","-1,000,000","1,000,000","3,000,000","1,000,000","4,099,000,000","-1,000,000","1,000,000","3,000,000","-121,000,000","3,000,000","-2,000,000",,,"4,000,000","-45,000,000",,,"-1,000,000",,,,,,,,,,,
	OtherNonOperatingIncomeExpenses,,,,,,,,,,,,,,"58,000,000","282,000,000","82,000,000","34,000,000","66,000,000","35,000,000","30,000,000","29,000,000","19,000,000","20,000,000","125,000,000","139,000,000","272,000,000","0","-94,000,000","1,000,000","24,000,000","-2,000,000","10,000,000","13,000,000","6,000,000","15,000,000","5,000,000","-3,000,000","1,000,000",,,,,,,,,,,,,,,,,,,,,,,,,,
PretaxIncome,"17,212,000,000","4,897,000,000","4,298,000,000","4,389,000,000","3,628,000,000","3,748,000,000","3,055,000,000","2,932,000,000","3,829,000,000","3,974,000,000","3,711,000,000","3,866,000,000","3,677,000,000","3,630,000,000","3,538,000,000","2,812,000,000","3,217,000,000","3,239,000,000","3,099,000,000","2,914,000,000","2,702,000,000","2,979,000,000","2,510,000,000","422,000,000","2,441,000,000","2,639,000,000","2,283,000,000","2,168,000,000","2,282,000,000","2,262,000,000","1,550,000,000","2,030,000,000","2,061,000,000","2,083,000,000","1,766,000,000","1,833,000,000","1,857,000,000","1,801,000,000","1,588,000,000","-2,607,000,000","1,609,000,000","1,617,000,000","1,354,000,000","1,543,000,000","1,377,000,000","1,382,000,000","1,195,000,000","1,122,000,000","1,113,000,000","1,208,000,000","863,000,000","1,297,000,000","887,000,000","953,000,000","-431,000,000","714,000,000","370,000,000","683,000,000","-2,351,410,000","353,000,000","288,000,000","323,000,000","173,536,000","204,329,000"
TaxProvision,"4,068,000,000","938,000,000","714,000,000","1,814,000,000","602,000,000","622,000,000","918,000,000","559,000,000","745,000,000","702,000,000","686,000,000","765,000,000","700,000,000","653,000,000","693,000,000","483,000,000","612,000,000","717,000,000","959,000,000","855,000,000","2,272,000,000","909,000,000","579,000,000","10,000,000","734,000,000","698,000,000","771,000,000","471,000,000","732,000,000","693,000,000","477,000,000","670,000,000","463,000,000","676,000,000","574,000,000","608,000,000","587,000,000","508,000,000","-74,000,000","-768,000,000","317,000,000","590,000,000","476,000,000","539,000,000","497,000,000","498,000,000","422,000,000","406,000,000","401,000,000","445,000,000","349,000,000","568,000,000","352,000,000","379,000,000","-75,000,000","292,000,000","56,000,000","259,000,000","-666,848,000","126,000,000","106,000,000","119,000,000","54,007,000","71,958,000"
NetIncomeCommonStockholders,"13,144,000,000","3,959,000,000","3,584,000,000","2,575,000,000","3,026,000,000","3,126,000,000","2,137,000,000","2,373,000,000","3,084,000,000","3,272,000,000","3,025,000,000","3,101,000,000","2,977,000,000","2,872,000,000","2,744,000,000","2,248,000,000","2,514,000,000","2,434,000,000","2,065,000,000","1,988,000,000","415,000,000","1,998,000,000","1,878,000,000","411,000,000","1,703,000,000","1,937,000,000","1,509,000,000","1,693,000,000","1,546,000,000","1,565,000,000","1,069,000,000","1,356,000,000","1,593,000,000","1,402,000,000","1,187,000,000","1,220,000,000","1,265,000,000","1,288,000,000","1,655,000,000","-1,839,000,000","1,292,000,000","1,029,000,000","880,000,000","1,005,000,000","881,000,000","884,000,000","774,000,000","716,000,000","713,000,000","763,000,000","510,000,000","729,000,000","536,000,000","574,000,000","-418,000,000","422,000,000","314,000,000","424,000,000","-1,684,575,000","223,000,000","180,000,000","205,000,000","114,399,000","127,344,000"
	NetIncome,"13,144,000,000","3,959,000,000","3,584,000,000","2,575,000,000","3,026,000,000","3,126,000,000","2,137,000,000","2,373,000,000","3,084,000,000","3,272,000,000","3,025,000,000","3,101,000,000","2,977,000,000","2,977,000,000","2,845,000,000","2,329,000,000","2,605,000,000","2,522,000,000","2,140,000,000","2,059,000,000","430,000,000","2,070,000,000","1,931,000,000","412,000,000","1,707,000,000","1,941,000,000","1,512,000,000","1,697,000,000","1,550,000,000","1,569,000,000","1,073,000,000","1,360,000,000","1,598,000,000","1,407,000,000","1,192,000,000","1,225,000,000","1,270,000,000","1,293,000,000","1,662,000,000","-1,839,000,000","1,292,000,000","1,029,000,000","880,000,000","1,005,000,000","881,000,000","884,000,000","774,000,000","716,000,000","713,000,000","763,000,000","514,000,000","729,000,000","536,000,000","574,000,000","-356,000,000","422,000,000","314,000,000","424,000,000","-1,684,575,000","223,000,000","180,000,000","205,000,000","114,399,000","127,344,000"
		NetIncomeIncludingNoncontrollingInterests,"13,144,000,000","3,959,000,000","3,584,000,000","2,575,000,000","3,026,000,000","3,126,000,000","2,137,000,000","2,373,000,000","3,084,000,000","3,272,000,000","3,025,000,000","3,101,000,000","2,977,000,000","2,977,000,000","2,845,000,000","2,329,000,000","2,605,000,000","2,522,000,000","2,140,000,000","2,059,000,000","430,000,000","2,070,000,000","1,931,000,000","412,000,000","1,707,000,000","1,941,000,000","1,512,000,000","1,697,000,000","1,550,000,000","1,569,000,000","1,073,000,000","1,360,000,000","1,598,000,000","1,407,000,000","1,192,000,000","1,225,000,000","1,270,000,000","1,293,000,000","1,662,000,000","-1,839,000,000","1,292,000,000","1,027,000,000","878,000,000","1,004,000,000","880,000,000","884,000,000","773,000,000","716,000,000","712,000,000","763,000,000","514,000,000","729,000,000","535,000,000","574,000,000","-356,000,000","422,000,000","314,000,000","424,000,000","-1,684,562,000","227,000,000","182,000,000","204,000,000","119,529,000","132,371,000"
			NetIncomeContinuousOperations,"13,144,000,000","3,959,000,000","3,584,000,000","2,575,000,000","3,026,000,000","3,126,000,000","2,137,000,000","2,373,000,000","3,084,000,000","3,272,000,000","3,025,000,000","3,101,000,000","2,977,000,000","2,977,000,000","2,845,000,000","2,329,000,000","2,605,000,000","2,522,000,000","2,140,000,000","2,059,000,000","430,000,000","2,070,000,000","1,931,000,000","412,000,000","1,707,000,000","1,941,000,000","1,512,000,000","1,697,000,000","1,550,000,000","1,569,000,000","1,073,000,000","1,360,000,000","1,598,000,000","1,407,000,000","1,192,000,000","1,225,000,000","1,270,000,000","1,293,000,000","1,662,000,000","-1,839,000,000","1,292,000,000","1,027,000,000","878,000,000","1,004,000,000","880,000,000","884,000,000","773,000,000","716,000,000","712,000,000","763,000,000","514,000,000","729,000,000","535,000,000","574,000,000","-356,000,000","422,000,000","314,000,000","424,000,000","-1,684,562,000","227,000,000","182,000,000","204,000,000","103,612,000","132,371,000"
		MinorityInterests,,,,,,,,,,,,,,,,,,,,,,,,,,,,,,,,,,,"0","0","0","0","0","0","0","2,000,000","2,000,000","1,000,000","1,000,000",,"1,000,000","0","1,000,000","0","0","0","1,000,000","0",,,,,"-13,000","-4,000,000","-2,000,000","1,000,000","-5,130,000","-5,027,000"
	OtherunderPreferredStockDividend,,,,,,,,,,,,,,"105,000,000","101,000,000","81,000,000","91,000,000","88,000,000","75,000,000","71,000,000","15,000,000","72,000,000","53,000,000","1,000,000","4,000,000","4,000,000","3,000,000","4,000,000","4,000,000","4,000,000","4,000,000","4,000,000","5,000,000","5,000,000","5,000,000","5,000,000","5,000,000","5,000,000",,,,,,,,,,,,,,,,,,,,,,,,,,
AverageDilutionEarnings,,,,,,,,,,,,,,"105,000,000","101,000,000","81,000,000","91,000,000","88,000,000","75,000,000","71,000,000","15,000,000","72,000,000","53,000,000","1,000,000","1,707,000,000","4,000,000","3,000,000","4,000,000","4,000,000","4,000,000","4,000,000","4,000,000","5,000,000","5,000,000","5,000,000","5,000,000","5,000,000","5,000,000",,,,,,,,,,,,,,,,,,,,,,,,,,
DilutedNIAvailtoComStockholders,"13,144,000,000","3,959,000,000","3,584,000,000","2,575,000,000","3,026,000,000","3,126,000,000","2,137,000,000","2,373,000,000","3,084,000,000","3,272,000,000","3,025,000,000","3,101,000,000","2,977,000,000","2,977,000,000","2,845,000,000","2,329,000,000","2,605,000,000","2,522,000,000","2,140,000,000","2,059,000,000","430,000,000","2,070,000,000","1,931,000,000","412,000,000","3,410,000,000","1,941,000,000","1,512,000,000","1,697,000,000","1,550,000,000","1,569,000,000","1,073,000,000","1,360,000,000","1,598,000,000","1,407,000,000","1,192,000,000","1,225,000,000","1,270,000,000","1,293,000,000","1,662,000,000","-1,839,000,000","1,292,000,000","1,029,000,000","880,000,000","1,005,000,000","881,000,000","884,000,000","774,000,000","716,000,000","713,000,000","763,000,000","511,000,000","729,000,000","536,000,000","574,000,000","-418,000,000","422,000,000","314,000,000","424,000,000","-1,684,575,000","223,000,000","180,000,000","205,000,000","114,399,000","127,344,000"
BasicEPS,,"1.84","1.65","1.18","1.38","1.42","0.97","1.07","1.39","1.46","1.34","1.37","1.31","1.3","1.24","1","1.12","1.07","0.91","0.87","0.18","0.86","0.79","0.17","0.71","0.8","0.62","0.69","0.63","0.635","0.433","0.543","0.633","0.553","0.465","0.473","0.483","0.485","0.515","0.568","0.48","0.375","0.27","0.305","0.31","0.308",,"0.625","0.243","0.258",,"0.243","0.178","0.17",,"0.115","0.095","0.138",,"0.072","0.058","0.066",,
DilutedEPS,,"1.83","1.65","1.18","1.38","1.42","0.97","1.07","1.38","1.46","1.34","1.37","1.31","1.3","1.23","1","1.11","1.07","0.9","0.86","0.18","0.86","0.79","0.17","0.71","0.8","0.62","0.69","0.63","0.633","0.43","0.543","0.63","0.55","0.463","0.47","0.48","0.483","0.438","0.48","0.478","0.373","0.223","0.25","0.308","0.308",,"0.623","0.24","0.255",,"0.243","0.178","0.123",,"0.085","0.051","0.138",,"0.072","0.058","0.066",,
BasicAverageShares,,"2,106,586,000","2,124,301,000","2,128,586,000","1,951,000,000","2,135,586,000","2,128,301,000","2,131,000,000","2,145,000,000","2,154,586,000","2,167,301,000","2,182,301,000","2,195,300,000","2,201,000,000","2,221,301,000","2,232,000,000","2,252,000,000","2,267,000,000","2,281,000,000","2,300,000,000","2,318,000,000","2,332,000,000","2,350,000,000","2,375,000,000","2,389,000,000","2,421,000,000","2,428,000,000","2,439,000,000","2,447,000,000","2,468,000,000","2,476,000,000","2,500,000,000","2,520,000,000","2,540,000,000","2,556,000,000","2,584,000,000","2,620,000,000","2,656,000,000","3,232,000,000","3,240,000,000","2,680,000,000","2,680,000,000","3,248,000,000","3,300,000,000","2,820,000,000","2,852,000,000",,"3,352,000,000","1,888,000,000","2,960,000,000",,"1,792,000,000","3,012,000,000","3,372,000,000",,"2,975,907,500","3,309,716,000","3,100,322,048",,"3,100,000,000","3,100,000,000","3,100,000,000",,
DilutedAverageShares,,"2,159,000,000","2,175,000,000","2,184,000,000","2,449,000,000","2,200,000,000","2,208,000,000","2,214,000,000","2,228,000,000","2,240,000,000","2,253,000,000","2,265,000,000","2,279,000,000","2,291,000,000","2,306,000,000","2,321,000,000","2,337,000,000","2,353,000,000","2,368,000,000","2,385,000,000","2,406,000,000","2,421,000,000","2,440,000,000","2,386,000,000","2,401,000,000","2,430,000,000","2,440,000,000","2,448,000,000","2,460,000,000","2,476,000,000","2,492,000,000","2,512,000,000","2,536,000,000","2,556,000,000","2,576,000,000","2,604,000,000","2,640,000,000","2,676,000,000","3,808,000,000","3,828,000,000","2,704,000,000","2,760,000,000","3,944,000,000","4,032,000,000","2,856,000,000","2,876,000,000",,"4,328,000,000","2,968,000,000","2,980,000,000",,"3,024,000,000","3,012,000,000","4,676,000,000",,"5,013,428,000","6,165,468,000","3,100,322,048",,"3,100,000,000","3,100,000,000","3,100,000,000",,
TotalOperatingIncomeAsReported,"16,736,000,000","4,776,000,000","4,315,000,000","4,064,000,000","3,581,000,000","3,844,000,000","3,142,000,000","2,999,000,000","3,924,000,000","4,016,000,000","3,735,000,000","3,908,000,000","3,641,000,000","3,717,000,000","3,406,000,000","2,885,000,000","3,336,000,000","3,327,000,000","3,212,000,000","3,024,000,000","2,808,000,000","3,100,000,000","2,625,000,000","428,000,000","2,434,000,000","2,396,000,000","2,283,000,000","2,262,000,000","2,281,000,000","2,238,000,000","1,552,000,000","2,020,000,000","2,048,000,000","2,077,000,000","1,751,000,000","1,828,000,000","1,860,000,000","1,800,000,000","1,522,000,000","-2,607,000,000","1,606,000,000","1,618,000,000","1,362,000,000","1,345,000,000","1,383,000,000","1,366,000,000","1,113,000,000","1,137,000,000","1,122,000,000","1,217,000,000","869,000,000","822,000,000","881,000,000","966,000,000","-443,000,000","648,000,000","349,000,000","686,000,000","-2,363,460,000","334,000,000","271,000,000","309,000,000","177,587,000","203,326,000"
TotalExpenses,"8,591,000,000","2,135,000,000","2,243,000,000","2,068,000,000","2,145,000,000","1,842,000,000","1,957,000,000","1,837,000,000","1,922,000,000","2,038,000,000","2,032,000,000","1,931,000,000","1,831,000,000","1,782,000,000","2,021,000,000","1,755,000,000","1,737,000,000","1,535,000,000","1,641,000,000","1,541,000,000","1,667,000,000","1,346,000,000","1,635,000,000","1,325,000,000","1,191,000,000","1,169,000,000","1,277,000,000","1,256,000,000","1,125,000,000","1,144,000,000","1,224,000,000","1,135,000,000","1,115,000,000","1,078,000,000","1,222,000,000","1,174,000,000","1,097,000,000","1,043,000,000","1,207,000,000","1,074,000,000","972,000,000","929,000,000","1,014,000,000","977,000,000","862,000,000","872,000,000","1,049,000,000","892,000,000","835,000,000","786,000,000","1,009,000,000","823,000,000","766,000,000","773,000,000","682,000,000","965,000,000","1,104,000,000","802,000,000","701,675,000","607,000,000","542,000,000","536,000,000","567,120,000","532,664,000"
NetIncomeFromContinuingAndDiscontinuedOperation,"13,144,000,000","3,959,000,000","3,584,000,000","2,575,000,000","3,026,000,000","3,126,000,000","2,137,000,000","2,373,000,000","3,084,000,000","3,272,000,000","3,025,000,000","3,101,000,000","2,977,000,000","2,977,000,000","2,845,000,000","2,329,000,000","2,605,000,000","2,522,000,000","2,140,000,000","2,059,000,000","430,000,000","2,070,000,000","1,931,000,000","412,000,000","1,707,000,000","1,941,000,000","1,512,000,000","1,697,000,000","1,550,000,000","1,569,000,000","1,073,000,000","1,360,000,000","1,598,000,000","1,407,000,000","1,192,000,000","1,225,000,000","1,270,000,000","1,293,000,000","1,662,000,000","-1,839,000,000","1,292,000,000","1,029,000,000","880,000,000","1,005,000,000","881,000,000","884,000,000","774,000,000","716,000,000","713,000,000","763,000,000","514,000,000","729,000,000","536,000,000","574,000,000","-356,000,000","422,000,000","314,000,000","424,000,000","-1,684,575,000","223,000,000","180,000,000","205,000,000","114,399,000","127,344,000"
NormalizedIncome,"12,504,822,217.058","3,872,437,000","3,494,775,244.3","2,240,660,000","2,889,050,000","3,093,474,000","2,097,827,495.908","2,313,134,000","3,071,910,000","3,215,213,000","3,248,349,501.482","3,033,000,000","2,852,260,000","2,982,740,000","2,850,628,886.376","2,827,000,000","2,605,000,000","2,522,000,000","2,141,381,090.674","2,059,000,000","431,200,000","2,080,350,000","1,931,769,322.709","2,245,829,000","1,707,700,000","1,941,000,000","1,519,285,151.117","1,697,000,000","1,552,040,000","1,569,000,000","1,386,592,903.226","1,360,000,000","1,598,000,000","1,407,000,000","1,192,000,000","1,224,330,000","1,270,680,000","1,295,160,000","1,659,400,000","1,044,004,602.992","1,283,970,167.806","1,023,283,858.998","881,296,898.08","869,007,777.058","877,165,577.342","876,324,167.873","680,851,882.845","715,361,853.832","700,845,462.713","731,418,874.172","503,200,000","401,400,000","514,889,515.22","563,158,447.009","543,498,839.907","392,100,000","509,189,189.189","424,000,000","178,363,260.735","197,920,679.887","169,256,944.444","196,157,894.737","117,189,268.181","126,694,223.84"
InterestIncome,,,,,,,,,,,,,,,,,,,,,,,,,,,,,,,,,,,,,,,,,,"0",,,,,,,,,,,,,,,,,,,,,,
InterestExpense,"511,000,000","134,000,000","125,000,000","131,000,000","121,000,000","136,000,000","145,000,000","142,000,000","118,000,000",,"120,000,000","128,000,000",,"145,000,000","150,000,000","155,000,000","153,000,000","154,000,000","148,000,000","140,000,000","135,000,000","140,000,000","135,000,000","131,000,000","132,000,000","29,000,000",,,,,,,,,,,,,,"11,000,000","7,000,000","10,000,000","13,000,000","11,000,000","12,000,000",,"15,000,000","13,000,000","28,000,000","16,000,000","25,000,000","30,000,000","30,000,000","30,000,000",,,,,,"20,000,000",,,,
NetInterestIncome,"-511,000,000","-134,000,000","-125,000,000","-131,000,000","-121,000,000","-136,000,000","-145,000,000","-142,000,000","-118,000,000","-111,000,000","-120,000,000","-128,000,000","-140,000,000","-145,000,000","-150,000,000","-155,000,000","-153,000,000","-154,000,000","-148,000,000","-140,000,000","-135,000,000","-140,000,000","-135,000,000","-131,000,000","-132,000,000","-29,000,000",,,,,,,,,,,,,"57,000,000","-11,000,000","-7,000,000","-10,000,000","-13,000,000","-11,000,000","-12,000,000","4,000,000","-15,000,000","-13,000,000","-28,000,000","-16,000,000","-25,000,000","-30,000,000","-30,000,000","-30,000,000",,,,,,"-20,000,000",,,,
EBIT,"17,723,000,000","5,031,000,000","4,423,000,000","4,520,000,000","3,749,000,000","3,884,000,000","3,200,000,000","3,074,000,000","3,947,000,000","4,016,000,000","3,815,000,000","3,994,000,000","3,663,000,000","3,775,000,000","3,688,000,000","2,967,000,000","3,370,000,000","3,393,000,000","3,247,000,000","3,054,000,000","2,837,000,000","3,119,000,000","2,645,000,000","553,000,000","2,573,000,000","2,668,000,000","2,294,000,000","2,262,000,000","2,284,000,000","2,238,000,000","2,005,000,000","2,020,000,000","2,048,000,000","2,077,000,000","1,751,000,000","1,827,000,000","1,861,000,000","1,803,000,000","1,524,000,000","1,491,000,000","1,616,000,000","1,627,000,000","1,367,000,000","1,554,000,000","1,389,000,000","1,366,000,000","1,210,000,000","1,135,000,000","1,141,000,000","1,224,000,000","888,000,000","1,327,000,000","917,000,000","983,000,000","-196,000,000","648,000,000","349,000,000","686,000,000","-2,220,725,000","373,000,000","271,000,000","309,000,000","177,587,000","203,326,000"
EBITDA,"18,528,000,000"
ReconciledCostOfRevenue,"5,131,000,000","1,315,000,000","1,239,000,000","1,284,000,000","1,293,000,000","1,154,000,000","1,113,000,000","1,113,000,000","1,123,000,000","1,163,000,000","1,064,000,000","1,056,000,000","1,065,000,000","980,000,000","1,003,000,000","1,021,000,000","993,000,000","839,000,000","822,000,000","856,000,000","854,000,000","716,000,000","851,000,000","632,000,000","654,000,000","627,000,000","655,000,000","683,000,000","592,000,000","623,000,000","624,000,000","590,000,000","566,000,000","602,000,000","621,000,000","610,000,000","605,000,000","564,000,000","582,000,000","537,000,000","534,000,000","487,000,000","494,000,000","454,000,000","431,000,000","437,000,000","472,000,000","388,000,000","408,000,000","379,000,000","445,000,000","359,000,000","364,000,000","368,000,000","1,273,000,000","120,000,000","30,000,000","416,000,000",,,,,,
ReconciledDepreciation,"805,000,000","198,000,000","202,000,000","204,000,000","201,000,000","197,000,000","196,000,000","197,000,000","192,000,000","182,000,000","172,000,000","165,000,000","160,000,000","159,000,000","163,000,000","152,000,000","153,000,000","145,000,000","147,000,000","132,000,000","131,000,000","146,000,000","141,000,000","120,000,000","121,000,000","120,000,000","119,000,000","130,000,000","125,000,000","120,000,000","112,000,000","109,000,000","107,000,000","107,000,000","106,000,000","101,000,000","98,000,000","92,000,000","89,000,000","84,000,000","80,000,000","80,000,000","77,000,000","74,000,000","70,000,000","67,000,000","78,000,000","63,000,000","62,000,000","62,000,000","61,000,000","57,000,000","56,000,000","52,000,000","-803,000,000","331,000,000","396,000,000","313,000,000","-218,389,000","66,067,000","159,962,000","129,000,000","304,472,000","87,922,000"
NetIncomeFromContinuingOperationNetMinorityInterest,"13,144,000,000","3,959,000,000","3,584,000,000","2,575,000,000","3,026,000,000","3,126,000,000","2,137,000,000","2,373,000,000","3,084,000,000","3,272,000,000","3,025,000,000","3,101,000,000","2,977,000,000","2,977,000,000","2,845,000,000","2,329,000,000","2,605,000,000","2,522,000,000","2,140,000,000","2,059,000,000","430,000,000","2,070,000,000","1,931,000,000","412,000,000","1,707,000,000","1,941,000,000","1,512,000,000","1,697,000,000","1,550,000,000","1,569,000,000","1,073,000,000","1,360,000,000","1,598,000,000","1,407,000,000","1,192,000,000","1,225,000,000","1,270,000,000","1,293,000,000","1,662,000,000","-1,839,000,000","1,292,000,000","1,029,000,000","880,000,000","1,005,000,000","881,000,000","884,000,000","774,000,000","716,000,000","713,000,000","763,000,000","514,000,000","729,000,000","536,000,000","574,000,000","-356,000,000","422,000,000","314,000,000","424,000,000","-1,684,575,000","223,000,000","180,000,000","205,000,000","114,399,000","127,344,000"
TotalUnusualItemsExcludingGoodwill,"837,000,000","107,000,000","107,000,000","458,000,000","165,000,000","39,000,000","56,000,000","74,000,000","15,000,000","69,000,000","-274,000,000","85,000,000","154,000,000","-7,000,000","-7,000,000","-600,000,000",,"0","-2,000,000","0","-2,000,000","-15,000,000","-1,000,000","-1,877,000,000","-1,000,000",,"-11,000,000","0","-3,000,000",,"-453,000,000","0","0","0","0","1,000,000","-1,000,000","-3,000,000","4,000,000","-4,087,000,000","10,000,000","9,000,000","-2,000,000","209,000,000","6,000,000","12,000,000","144,000,000","1,000,000","19,000,000","50,000,000","18,000,000","504,000,000","35,000,000","18,000,000","-1,089,000,000","46,000,000","-230,000,000",,"-2,600,398,000","39,000,000","17,000,000","14,000,000","-4,051,000","1,003,000"
TotalUnusualItems,"837,000,000","107,000,000","107,000,000","458,000,000","165,000,000","39,000,000","56,000,000","74,000,000","15,000,000","69,000,000","-274,000,000","85,000,000","154,000,000","-7,000,000","-7,000,000","-600,000,000",,"0","-2,000,000","0","-2,000,000","-15,000,000","-1,000,000","-1,877,000,000","-1,000,000",,"-11,000,000","0","-3,000,000",,"-453,000,000","0","0","0","0","1,000,000","-1,000,000","-3,000,000","4,000,000","-4,087,000,000","10,000,000","9,000,000","-2,000,000","209,000,000","6,000,000","12,000,000","144,000,000","1,000,000","19,000,000","50,000,000","18,000,000","504,000,000","35,000,000","18,000,000","-1,089,000,000","46,000,000","-230,000,000",,"-2,600,398,000","39,000,000","17,000,000","14,000,000","-4,051,000","1,003,000"
NormalizedEBITDA,"17,691,000,000","5,122,000,000","4,518,000,000","4,266,000,000","3,785,000,000","4,042,000,000","3,340,000,000","3,197,000,000","4,124,000,000","4,129,000,000","4,261,000,000","4,074,000,000","3,669,000,000","3,941,000,000","3,858,000,000","3,719,000,000","3,523,000,000","3,538,000,000","3,396,000,000","3,186,000,000","2,970,000,000","3,280,000,000","2,787,000,000","2,550,000,000","2,695,000,000","2,788,000,000","2,424,000,000","2,392,000,000","2,412,000,000","2,358,000,000","2,570,000,000","2,129,000,000","2,155,000,000","2,184,000,000","1,857,000,000","1,927,000,000","1,960,000,000","1,898,000,000","1,609,000,000","5,662,000,000","1,686,000,000","1,698,000,000","1,446,000,000","1,419,000,000","1,453,000,000","1,421,000,000","1,144,000,000","1,197,000,000","1,184,000,000","1,236,000,000","931,000,000","880,000,000","938,000,000","1,017,000,000","952,000,000","933,000,000","975,000,000","999,000,000","379,673,000","400,067,000","413,962,000","424,000,000","486,110,000","290,245,000"
TaxRateForCalcs,"0.236","0.191","0.166","0.27","0.17","0.166","0.3","0.191","0.194","0.177","0.185","0.2","0.19","0.18","0.196","0.17","0.19","0.22","0.309","0.293","0.4","0.31","0.231","0.023","0.3","0.26","0.338","0.22","0.32","0.31","0.308","0.33","0.22","0.32","0.325","0.33","0.32","0.28","0.35","0.295","0.197","0.365","0.352","0.349","0.361","0.36","0.353","0.362","0.36","0.368","0.4","0.35","0.397","0.398","0.174","0.35","0.151","0.379","0.284","0.357","0.368","0.368","0.311","0.352"
TaxEffectOfUnusualItems,"197,822,217.058","20,437,000","17,775,244.3","123,660,000","28,050,000","6,474,000","16,827,495.908","14,134,000","2,910,000","12,213,000","-50,650,498.518","17,000,000","29,260,000","-1,260,000","-1,371,113.624","-102,000,000","0","0","-618,909.326","0","-800,000","-4,650,000","-230,677.291","-43,171,000","-300,000","0","-3,714,848.883","0","-960,000","0","-139,407,096.774","0","0","0","0","330,000","-320,000","-840,000","1,400,000","-1,203,995,397.008","1,970,167.806","3,283,858.998","-703,101.92","73,007,777.058","2,165,577.342","4,324,167.873","50,851,882.845","361,853.832","6,845,462.713","18,418,874.172","7,200,000","176,400,000","13,889,515.22","7,158,447.009","-189,501,160.093","16,100,000","-34,810,810.811","0","-737,459,739.265","13,920,679.887","6,256,944.444","5,157,894.737","-1,260,731.819","353,223.84"