name,ttm,12/31/2021,09/30/2021,06/30/2021,03/31/2021,12/31/2020,09/30/2020,06/30/2020,03/31/2020,12/31/2019,09/30/2019,06/30/2019,03/31/2019,12/31/2018,09/30/2018,06/30/2018,03/31/2018,12/31/2017,09/30/2017,06/30/2017,03/31/2017,12/31/2016,09/30/2016,06/30/2016,03/31/2016,12/31/2015,09/30/2015,06/30/2015,03/31/2015,12/31/2014,09/30/2014,06/30/2014,03/31/2014,12/31/2013,09/30/2013,06/30/2013,03/31/2013,12/31/2012,09/30/2012,06/30/2012,03/31/2012,12/31/2011,09/30/2011,06/30/2011,03/31/2011,12/31/2010,09/30/2010,06/30/2010,03/31/2010,12/31/2009,09/30/2009,06/30/2009,03/31/2009,12/31/2008,09/30/2008,06/30/2008,03/31/2008,12/31/2007,09/30/2007,06/30/2007,03/31/2007,12/31/2006,09/30/2006,06/30/2006,03/31/2006,12/31/2005,09/30/2005,06/30/2005,03/31/2005,12/31/2004,09/30/2004,06/30/2004,03/31/2004,12/31/2003,09/30/2003,06/30/2003,03/31/2003,12/31/2002,09/30/2002,06/30/2002,03/31/2002,12/31/2001,09/30/2001,06/30/2001,03/31/2001,12/31/2000,09/30/2000,06/30/2000,03/31/2000,12/31/1999,09/30/1999,06/30/1999,03/31/1999,12/31/1998,09/30/1998,06/30/1998,03/31/1998,12/31/1997,09/30/1997,06/30/1997,03/31/1997,12/31/1996,09/30/1996,06/30/1996,03/31/1996,12/31/1995,09/30/1995,06/30/1995,03/31/1995,12/31/1994,09/30/1994,06/30/1994,03/31/1994,12/31/1993,09/30/1993,06/30/1993,03/31/1993,12/31/1992,09/30/1992,06/30/1992,03/31/1992,12/31/1991,09/30/1991,06/30/1991,03/31/1991,12/31/1990,09/30/1990,06/30/1990,03/31/1990,12/31/1989,09/30/1989,06/30/1989,03/31/1989,12/31/1988,09/30/1988,06/30/1988,03/31/1988,12/31/1987,09/30/1987,06/30/1987,03/31/1987,12/31/1986,09/30/1986,06/30/1986,03/31/1986,12/31/1985,09/30/1985
TotalRevenue,"113,977,000,000","35,903,000,000","29,520,000,000","27,748,000,000","20,806,000,000","16,604,000,000","15,809,000,000","10,397,000,000","22,102,000,000","27,879,000,000","27,249,000,000","28,933,000,000","24,263,000,000","28,730,000,000","30,849,000,000","31,015,000,000","26,439,000,000","26,392,000,000","23,562,000,000","22,254,000,000","21,772,000,000","20,712,000,000","19,649,000,000","19,584,000,000","15,714,000,000","18,777,000,000","22,579,000,000","25,118,000,000","21,330,000,000","27,859,000,000","34,408,000,000","34,914,000,000","33,663,000,000","34,429,000,000","36,137,000,000","34,034,000,000","33,474,000,000","34,695,000,000","34,726,000,000","34,662,000,000","35,167,000,000","34,673,000,000","33,713,000,000","31,293,000,000","26,308,000,000","18,605,000,000","22,210,000,000","21,775,000,000","19,643,000,000","16,906,000,000","19,489,000,000","17,925,000,000","13,824,000,000","18,569,000,000","35,960,000,000","36,640,000,000","27,945,000,000","29,277,000,000","23,492,000,000","23,999,000,000","19,502,000,000","19,791,800,000","24,318,800,000","26,780,800,000","20,940,800,000","25,893,800,000","23,282,800,000","18,031,800,000","14,952,800,000","15,389,500,000","14,339,300,000","13,807,600,000","11,081,500,000","9,509,400,000","9,922,300,000","8,843,800,000","9,693,100,000","8,109,700,000","7,191,700,000","6,552,400,000","5,122,400,000","2,861,209,000","3,858,734,000","4,499,108,000","3,769,288,000","4,121,137,000","4,248,831,000","3,372,502,000","2,928,617,000","2,637,700,000","2,161,900,000","1,824,500,000","1,337,100,000","1,390,200,000","1,338,600,000","1,448,100,000","1,362,400,000","1,596,100,000","1,975,700,000","1,362,600,000","1,537,100,000","1,604,300,000","1,123,500,000","1,152,700,000","1,067,100,000","844,300,000","740,400,000","744,600,000","690,500,000","562,600,000","577,400,000","416,100,000","281,300,000","282,000,000","323,400,000","321,100,000","295,800,000","303,700,000","336,700,000","319,100,000","275,100,000","195,400,000","256,500,000","273,000,000","286,900,000","335,600,000","296,600,000","276,300,000","260,400,000","267,800,000","246,200,000","225,900,000","201,400,000","185,300,000","180,800,000","193,400,000","211,100,000","182,400,000","168,500,000","156,400,000","121,100,000","446,200,000","407,300,000","447,700,000","578,900,000","648,100,000","759,300,000"
	OperatingRevenue,"113,977,000,000","35,903,000,000","29,520,000,000","27,748,000,000","20,806,000,000","16,604,000,000","15,809,000,000","10,397,000,000","22,102,000,000","27,879,000,000","27,249,000,000","28,933,000,000","24,263,000,000","28,730,000,000","30,849,000,000","31,015,000,000","26,439,000,000","26,392,000,000","23,562,000,000","22,254,000,000","21,772,000,000","20,712,000,000","19,649,000,000","19,584,000,000","15,714,000,000","18,777,000,000","22,579,000,000","25,118,000,000","21,330,000,000","27,859,000,000","34,408,000,000","34,914,000,000","33,663,000,000","34,429,000,000","36,137,000,000","34,034,000,000","33,474,000,000","34,695,000,000","34,726,000,000","34,662,000,000","35,167,000,000","34,673,000,000","33,713,000,000","31,293,000,000","26,308,000,000","18,605,000,000","22,210,000,000","21,775,000,000","19,643,000,000","16,906,000,000","19,489,000,000","17,925,000,000","13,824,000,000","17,964,000,000","36,167,000,000","36,844,000,000","27,945,000,000","28,671,000,000","23,699,000,000","24,202,000,000","19,698,000,000","19,792,000,000","24,319,000,000","26,781,000,000","20,941,000,000","25,894,000,000","23,283,000,000","18,032,000,000","14,953,000,000","15,390,200,000","14,339,300,000","13,807,600,000","11,081,500,000","9,509,400,000","9,922,300,000","8,843,800,000","9,693,100,000","8,109,700,000","7,191,700,000","6,552,400,000","5,122,400,000","2,861,209,000","3,858,734,000","4,499,108,000","3,769,288,000","4,121,137,000","4,248,831,000","3,372,502,000","2,928,617,000","2,637,700,000","2,161,900,000","1,824,500,000","1,337,100,000","1,390,200,000","1,338,600,000","1,448,100,000","1,362,400,000","1,596,100,000","1,975,700,000","1,362,600,000","1,537,100,000","1,604,300,000","1,123,500,000","1,152,700,000","1,067,100,000","844,300,000","740,400,000","744,600,000","690,500,000","562,600,000","577,400,000","416,100,000","281,300,000","282,000,000","323,400,000","321,100,000","295,800,000","303,700,000","336,700,000","319,100,000","275,100,000","195,400,000","256,500,000","273,000,000","286,900,000","335,600,000","296,600,000","276,300,000","260,400,000","267,800,000","246,200,000","225,900,000","201,400,000","185,300,000","180,800,000","193,400,000","211,100,000","182,400,000","168,500,000","156,400,000","121,100,000","446,200,000","407,300,000","447,700,000","578,900,000","648,100,000","759,300,000"
	ExciseTaxes,,,,,,,,"-784,000,000",,,,,,,,,,,,,,,,,,,,,,,,,,,,,,,,,,,,,,,,,,,,,,,"207,000,000","204,000,000",,,"207,000,000","203,000,000","196,000,000","200,000","200,000","200,000","200,000","200,000","200,000","200,000","200,000",,,,,,,,,,,,,,,,,,,,,,,,,,,,,,,,,,,,,,,,,,,,,,,,,,,,,,,,,,,,,,,,,,,,,,,,,,,,,,
CostOfRevenue,"110,895,000,000","34,040,000,000","28,602,000,000","27,039,000,000","21,226,000,000","16,845,000,000","16,219,000,000","8,436,000,000","24,200,000,000","25,890,000,000","26,141,000,000","27,824,000,000","23,744,000,000","27,197,000,000","29,411,000,000","29,493,000,000","25,390,000,000","25,284,000,000","21,951,000,000","21,205,000,000","21,045,000,000","19,884,000,000","18,565,000,000","17,137,000,000","13,699,000,000","17,925,000,000","20,261,000,000","22,862,000,000","19,688,000,000","25,849,000,000","32,558,000,000","33,659,000,000","32,153,000,000","32,688,000,000","35,435,000,000","32,993,000,000","32,237,000,000","34,036,000,000","32,496,000,000","32,744,000,000","34,252,000,000","33,984,000,000","31,183,000,000","29,466,000,000","25,569,000,000","18,268,000,000","20,936,000,000","20,167,000,000","19,048,000,000","16,217,000,000","19,027,000,000","17,558,000,000","12,625,000,000","16,710,000,000","33,685,000,000","34,806,000,000","26,783,000,000","27,076,000,000","21,846,000,000","20,295,000,000","17,283,000,000","17,662,000,000","21,348,000,000","23,249,000,000","19,008,000,000","23,272,000,000","21,410,000,000","16,254,000,000","13,663,000,000","14,124,500,000","13,212,200,000","12,345,500,000","10,255,300,000","8,877,200,000","9,187,400,000","8,206,600,000","8,971,900,000","7,510,000,000","6,717,100,000","6,108,400,000","4,791,100,000","2,675,294,000","3,597,178,000","3,947,509,000","3,464,060,000","3,853,038,000","3,934,179,000","3,151,704,000","2,819,298,000","2,551,600,000","2,063,000,000","1,796,400,000","1,273,500,000","1,546,800,000","1,275,700,000","1,335,800,000","1,284,200,000","1,561,800,000","1,841,800,000","1,283,000,000","1,438,400,000","1,490,400,000","1,032,400,000","1,042,300,000","961,500,000","738,500,000","627,600,000","638,000,000","613,600,000","603,500,000","472,000,000","335,800,000","232,900,000","278,800,000","273,400,000","270,100,000","224,300,000","366,200,000","254,900,000","231,100,000","231,100,000","140,000,000","178,800,000","199,100,000","222,700,000","250,400,000","214,300,000","210,700,000","209,600,000",,,,,,,,,,,,,,,,,,
GrossProfit,"3,082,000,000","1,863,000,000","918,000,000","709,000,000","-420,000,000","-241,000,000","-410,000,000","1,961,000,000","-2,098,000,000","1,989,000,000","1,108,000,000","1,109,000,000","519,000,000","1,533,000,000","1,438,000,000","1,522,000,000","1,049,000,000","1,108,000,000","1,611,000,000","1,049,000,000","727,000,000","828,000,000","1,084,000,000","2,447,000,000","2,015,000,000","852,000,000","2,318,000,000","2,256,000,000","1,642,000,000","2,010,000,000","1,850,000,000","1,255,000,000","1,510,000,000","1,741,000,000","702,000,000","1,041,000,000","1,237,000,000","659,000,000","2,230,000,000","1,918,000,000","915,000,000","689,000,000","2,530,000,000","1,827,000,000","739,000,000","337,000,000","1,274,000,000","1,608,000,000","595,000,000","689,000,000","462,000,000","367,000,000","1,199,000,000","1,859,000,000","2,275,000,000","1,834,000,000","1,162,000,000","2,201,000,000","1,646,000,000","3,704,000,000","2,219,000,000","2,129,800,000","2,970,800,000","3,531,800,000","1,932,800,000","2,621,800,000","1,872,800,000","1,777,800,000","1,289,800,000","1,265,000,000","1,127,100,000","1,462,100,000","826,200,000","632,200,000","734,900,000","637,200,000","721,200,000","599,700,000","474,600,000","444,000,000","331,300,000","185,915,000","261,556,000","551,599,000","305,228,000","268,099,000","314,652,000","220,798,000","109,319,000","86,100,000","98,900,000","28,100,000","63,600,000","-156,600,000","62,900,000","112,300,000","78,200,000","34,300,000","133,900,000","79,600,000","98,700,000","113,900,000","91,100,000","110,400,000","105,600,000","105,800,000","112,800,000","106,600,000","76,900,000","-40,900,000","105,400,000","80,300,000","48,400,000","3,200,000","50,000,000","51,000,000","71,500,000","-62,500,000","81,800,000","88,000,000","44,000,000","55,400,000","77,700,000","73,900,000","64,200,000","85,200,000","82,300,000","65,600,000","50,800,000",,,,,,,,,,,,,,,,,,
OperatingExpense,"952,000,000","269,000,000","225,000,000","200,000,000","246,000,000","229,000,000","211,000,000","172,000,000","179,000,000","250,000,000","227,000,000","201,000,000","211,000,000","234,000,000","219,000,000","269,000,000","248,000,000","255,000,000","273,000,000","178,000,000","190,000,000","208,000,000","192,000,000","1,160,000,000","1,186,000,000","206,000,000","179,000,000","178,000,000","147,000,000","214,000,000","180,000,000","170,000,000","160,000,000","179,000,000","170,000,000","233,000,000","176,000,000","-983,000,000","576,000,000","557,000,000","548,000,000","522,000,000","551,000,000","537,000,000","495,000,000","-79,000,000","703,000,000","685,000,000","627,000,000","589,000,000","738,000,000","684,000,000","692,000,000","4,766,000,000","435,000,000","676,000,000","690,000,000","1,317,000,000","478,000,000","511,000,000","454,000,000","649,800,000","637,800,000","667,800,000","599,800,000","624,800,000","561,800,000","472,800,000","443,800,000","456,100,000","427,600,000","428,500,000","389,000,000","400,100,000","377,500,000","362,800,000","363,100,000","359,400,000","344,300,000","343,900,000","331,100,000","74,254,000","73,216,000","87,316,000","68,169,000","97,189,000","90,742,000","62,406,000","52,267,000","52,200,000","51,500,000","48,800,000","55,000,000","-29,700,000","49,300,000","48,000,000","80,600,000","11,600,000","39,700,000","23,800,000","54,800,000","59,800,000","51,000,000","55,900,000","53,300,000","58,500,000","55,000,000","51,700,000","48,300,000","-68,100,000","62,200,000","50,200,000","22,800,000","20,900,000","19,500,000","12,900,000","46,900,000","-78,400,000","41,600,000","42,800,000","11,300,000","36,600,000","39,500,000","38,300,000","37,600,000","38,600,000","42,100,000","34,100,000","34,700,000",,,,,,,,,,,,,,,,,,
	SellingGeneralAndAdministration,"865,000,000","286,000,000","195,000,000","176,000,000","208,000,000","224,000,000","186,000,000","169,000,000","177,000,000","243,000,000","217,000,000","199,000,000","209,000,000","230,000,000","209,000,000","248,000,000","238,000,000","238,000,000","229,000,000","178,000,000","190,000,000","208,000,000","192,000,000","159,000,000","156,000,000","206,000,000","179,000,000","178,000,000","147,000,000","214,000,000","180,000,000","170,000,000","160,000,000","179,000,000","170,000,000","233,000,000","176,000,000","189,000,000","174,000,000","171,000,000","164,000,000","129,000,000","161,000,000","151,000,000","130,000,000","-388,000,000","331,000,000","318,000,000","270,000,000","317,000,000","349,000,000","295,000,000","314,000,000","327,000,000","370,000,000","307,000,000","323,000,000","353,000,000","342,000,000","377,000,000","316,000,000","342,000,000","344,000,000","375,000,000","340,000,000","365,000,000","330,000,000","276,000,000","258,000,000","302,100,000","263,900,000","269,200,000","248,300,000","251,600,000","252,300,000","243,100,000","246,000,000","245,000,000","236,400,000","231,200,000","216,800,000","37,392,000","37,619,000","53,834,000","36,370,000","43,853,000","42,901,000","23,125,000","19,669,000","19,400,000","16,400,000","14,500,000","18,200,000","-20,900,000","16,800,000","18,600,000","55,000,000","16,600,000","17,500,000","10,400,000","20,200,000","21,300,000","19,100,000","22,100,000","19,100,000","21,700,000","21,200,000","17,800,000","17,500,000",,"37,700,000","29,300,000",,,,,"29,800,000",,"29,900,000","29,800,000",,"27,100,000","30,200,000","29,100,000","28,900,000","29,200,000","33,300,000","25,400,000","26,000,000",,,,,,,,,,,,,,,,,,
		GeneralAndAdministrativeExpense,"865,000,000","286,000,000","195,000,000","176,000,000","208,000,000","224,000,000","186,000,000","169,000,000","177,000,000","243,000,000","217,000,000","199,000,000","209,000,000","230,000,000","209,000,000","248,000,000","238,000,000","238,000,000","229,000,000","178,000,000","190,000,000","208,000,000","192,000,000","159,000,000","156,000,000","206,000,000","179,000,000","178,000,000","147,000,000","214,000,000","180,000,000","170,000,000","160,000,000","179,000,000","170,000,000","233,000,000","176,000,000","189,000,000","174,000,000","171,000,000","164,000,000","129,000,000",,,,,"139,000,000","131,000,000","97,000,000","137,000,000","167,000,000","124,000,000","145,000,000",,,,,,,,,,,,,,,,,,,,,,,,,,,,,,,,,,,,,,,,,,,,,,,,,,,,,,,,,,,,,,,,,,,,,,,,,,,,,,,,,,,,,,,,,,,,,,
			OtherGandA,"865,000,000","286,000,000","195,000,000","176,000,000","208,000,000","224,000,000","186,000,000","169,000,000","177,000,000","243,000,000","217,000,000","199,000,000","209,000,000","230,000,000","209,000,000","248,000,000","238,000,000","238,000,000","229,000,000","178,000,000","190,000,000","208,000,000","192,000,000","159,000,000","156,000,000","206,000,000","179,000,000","178,000,000","147,000,000","214,000,000","180,000,000","170,000,000","160,000,000","179,000,000","170,000,000","233,000,000","176,000,000","189,000,000","174,000,000","171,000,000","164,000,000","129,000,000",,,,,"139,000,000","131,000,000","97,000,000","137,000,000","167,000,000","124,000,000","145,000,000",,,,,,,,,,,,,,,,,,,,,,,,,,,,,,,,,,,,,,,,,,,,,,,,,,,,,,,,,,,,,,,,,,,,,,,,,,,,,,,,,,,,,,,,,,,,,,
		SellingAndMarketingExpense,,,,,,,,,,,,,,,,,,,,,,,,,,,,,,,,,,,,,,,,,,,,,,,"192,000,000","187,000,000","173,000,000","180,000,000","182,000,000","171,000,000","169,000,000",,,,,,,,,,,,,,,,,,,,,,,,,,,,,,,,,,,,,,,,,,,,,,,,,,,,,,,,,,,,,,,,,,,,,,,,,,,,,,,,,,,,,,,,,,,,,,
	DepreciationAmortizationDepletionIncomeStatement,"47,000,000","12,000,000","11,000,000","12,000,000",,"11,000,000","12,000,000","12,000,000","13,000,000","14,000,000","11,000,000","14,000,000","14,000,000","13,000,000","13,000,000","13,000,000","13,000,000","13,000,000","13,000,000","499,000,000","500,000,000","468,000,000","470,000,000","471,000,000","485,000,000","494,000,000","482,000,000","425,000,000","441,000,000","425,000,000","430,000,000","414,000,000","421,000,000","437,000,000","448,000,000","405,000,000","430,000,000","402,000,000","402,000,000","386,000,000","384,000,000","393,000,000","390,000,000","386,000,000","365,000,000","309,000,000","372,000,000","367,000,000","357,000,000","272,000,000","389,000,000","389,000,000","378,000,000","370,000,000","370,000,000","369,000,000","367,000,000","358,000,000","343,000,000","337,000,000","334,000,000","308,000,000","294,000,000","293,000,000","260,000,000","260,000,000","232,000,000","197,000,000","186,000,000","154,700,000","163,700,000","159,300,000","140,700,000","148,500,000","125,200,000","119,700,000","117,100,000","114,400,000","107,900,000","112,700,000","114,300,000","36,862,000","35,597,000","33,482,000","31,799,000","53,336,000","47,841,000","39,281,000","32,598,000","32,800,000","35,100,000","34,300,000","36,800,000","-8,800,000","32,500,000","29,400,000","25,600,000","-5,000,000","22,200,000","13,400,000","34,600,000","38,500,000","31,900,000","33,800,000","34,200,000","36,800,000","33,800,000","33,900,000","30,800,000","28,900,000","24,500,000","20,900,000","22,800,000","20,900,000","19,500,000","12,900,000","17,100,000","12,200,000","11,700,000","13,000,000","11,300,000","9,500,000","9,300,000","9,200,000","8,700,000","9,400,000","8,800,000","8,700,000","8,700,000",,,,,,,,,,,,,,,,,,
		DepreciationAndAmortizationInIncomeStatement,"47,000,000","12,000,000","11,000,000","12,000,000",,"11,000,000","12,000,000","12,000,000","13,000,000","14,000,000","11,000,000","14,000,000","14,000,000","13,000,000","13,000,000","13,000,000","13,000,000","13,000,000","13,000,000","499,000,000","500,000,000","468,000,000","470,000,000","471,000,000","485,000,000","494,000,000","482,000,000","425,000,000","441,000,000","425,000,000","430,000,000","414,000,000","421,000,000","437,000,000","448,000,000","405,000,000","430,000,000","402,000,000","402,000,000","386,000,000","384,000,000","393,000,000","390,000,000","386,000,000","365,000,000","309,000,000","372,000,000","367,000,000","357,000,000","272,000,000","389,000,000","389,000,000","378,000,000","370,000,000","370,000,000","369,000,000","367,000,000","358,000,000","343,000,000","337,000,000","334,000,000","308,000,000","294,000,000","293,000,000","260,000,000","260,000,000","232,000,000","197,000,000","186,000,000","154,700,000","163,700,000","159,300,000","140,700,000","148,500,000","125,200,000","119,700,000","117,100,000","114,400,000","107,900,000","112,700,000","114,300,000","36,862,000","35,597,000","33,482,000","31,799,000","53,336,000","47,841,000","39,281,000","32,598,000","32,800,000","35,100,000","34,300,000","36,800,000","-8,800,000","32,500,000","29,400,000","25,600,000","-5,000,000","22,200,000","13,400,000","34,600,000","38,500,000","31,900,000","33,800,000","34,200,000","36,800,000","33,800,000","33,900,000","30,800,000","28,900,000","24,500,000","20,900,000","22,800,000","20,900,000","19,500,000","12,900,000","17,100,000","12,200,000","11,700,000","13,000,000","11,300,000","9,500,000","9,300,000","9,200,000","8,700,000","9,400,000","8,800,000","8,700,000","8,700,000",,,,,,,,,,,,,,,,,,
	OtherOperatingExpenses,"87,000,000","18,000,000","19,000,000","12,000,000","38,000,000","5,000,000","25,000,000","3,000,000","2,000,000","7,000,000","10,000,000","2,000,000","2,000,000","4,000,000","10,000,000","21,000,000","10,000,000","17,000,000","44,000,000",,,,,"1,001,000,000","1,030,000,000",,,,,,,,,,,,,,,,,,,,,,,,,,,,,"4,069,000,000","-305,000,000",,,,"-207,000,000","-203,000,000","-196,000,000","-200,000","-200,000","-200,000","-200,000","-200,000","-200,000","-200,000","-200,000",,,,,,,,,,,,,,,,,,,,,,,,,,,,,,,,,,,,,,,,,,,,,,,,,,,,,,,,,,,,,,,,,,,,,,,,,,,,,,
OperatingIncome,"2,130,000,000","1,594,000,000","693,000,000","509,000,000","-666,000,000","-470,000,000","-621,000,000","1,789,000,000","-2,277,000,000","1,739,000,000","881,000,000","908,000,000","308,000,000","1,299,000,000","1,219,000,000","1,253,000,000","801,000,000","853,000,000","1,338,000,000","871,000,000","537,000,000","620,000,000","892,000,000","1,287,000,000","829,000,000","646,000,000","2,139,000,000","2,078,000,000","1,495,000,000","1,796,000,000","1,670,000,000","1,085,000,000","1,350,000,000","1,562,000,000","532,000,000","808,000,000","1,061,000,000","1,642,000,000","1,654,000,000","1,361,000,000","367,000,000","167,000,000","1,979,000,000","1,290,000,000","244,000,000","416,000,000","571,000,000","923,000,000","-32,000,000","100,000,000","-276,000,000","-317,000,000","507,000,000","-2,907,000,000","1,840,000,000","1,158,000,000","472,000,000","884,000,000","1,168,000,000","3,193,000,000","1,765,000,000","1,480,000,000","2,333,000,000","2,864,000,000","1,333,000,000","1,997,000,000","1,311,000,000","1,305,000,000","846,000,000","808,900,000","699,500,000","1,033,600,000","437,200,000","232,100,000","357,400,000","274,400,000","358,100,000","240,300,000","130,300,000","100,100,000","200,000","111,661,000","188,340,000","464,283,000","237,059,000","170,910,000","223,910,000","158,392,000","57,052,000","33,900,000","47,400,000","-20,700,000","8,600,000","-126,900,000","13,600,000","64,300,000","-2,400,000","22,700,000","94,200,000","55,800,000","43,900,000","54,100,000","40,100,000","54,500,000","52,300,000","47,300,000","57,800,000","54,900,000","28,600,000","27,200,000","43,200,000","30,100,000","25,600,000","-17,700,000","30,500,000","38,100,000","24,600,000","15,900,000","40,200,000","45,200,000","32,700,000","18,800,000","38,200,000","35,600,000","26,600,000","46,600,000","40,200,000","31,500,000","16,100,000","-603,800,000","246,200,000","225,900,000","201,400,000","-546,600,000","180,800,000","193,400,000","211,100,000","-503,400,000","168,500,000","156,400,000","121,100,000","-1,491,800,000","407,300,000","447,700,000","578,900,000","-1,883,300,000","759,300,000"
NetNonOperatingInterestIncomeExpense,"-603,000,000","-152,000,000","-152,000,000","-150,000,000","-149,000,000","-153,000,000","-143,000,000","-142,000,000","-125,000,000","-119,000,000","-111,000,000","-112,000,000","-112,000,000","-114,000,000","-111,000,000","-124,000,000","-121,000,000","-114,000,000","-114,000,000","-119,000,000","-121,000,000","-112,000,000","-115,000,000","-111,000,000","-108,000,000","-107,000,000","-112,000,000","-113,000,000","-101,000,000","-101,000,000","-98,000,000","-98,000,000","-100,000,000","-102,000,000","-102,000,000","-78,000,000","-83,000,000","-70,000,000","-70,000,000","-74,000,000","-99,000,000","-89,000,000","-88,000,000","-107,000,000","-117,000,000","-122,000,000","-119,000,000","-116,000,000","-127,000,000","-117,000,000","-130,000,000","-82,000,000","-79,000,000",,,,,,,,,,,,,,,,,,,,,,,,,,,,,,,,,,,,,,,,,,,,,,,,,,,,,,,,,,,,,,,,,,,,,,,,,,,,,,,,,,,,,,,,,,,,,,
	InterestExpenseNonOperating,"603,000,000","152,000,000","152,000,000","150,000,000","149,000,000","153,000,000","143,000,000","142,000,000","125,000,000","119,000,000","111,000,000","112,000,000","112,000,000","114,000,000","111,000,000","124,000,000","121,000,000","114,000,000","114,000,000","119,000,000","121,000,000","112,000,000","115,000,000","111,000,000","108,000,000","107,000,000","112,000,000","113,000,000","101,000,000","101,000,000","98,000,000","98,000,000","100,000,000","102,000,000","102,000,000","78,000,000","83,000,000","70,000,000","70,000,000","74,000,000","99,000,000","89,000,000","88,000,000","107,000,000","117,000,000","122,000,000","119,000,000","116,000,000","127,000,000","117,000,000","130,000,000","82,000,000","79,000,000",,,,,,,,,,,,,,,,,,,,,,,,,,,,,,,,,,,,,,,,,,,,,,,,,,,,,,,,,,,,,,,,,,,,,,,,,,,,,,,,,,,,,,,,,,,,,,
OtherIncomeExpense,"16,000,000","-163,000,000","32,000,000","102,000,000","45,000,000","25,000,000","48,000,000","27,000,000","32,000,000","36,000,000","34,000,000","12,000,000","22,000,000","42,000,000","42,000,000","-5,000,000","51,000,000","26,000,000","17,000,000","16,000,000","17,000,000","21,000,000","12,000,000","-42,000,000","9,000,000","11,000,000","3,000,000","8,000,000","24,000,000","9,000,000","11,000,000","12,000,000","15,000,000","342,000,000","17,000,000","11,000,000","14,000,000","-48,000,000","-347,000,000","-5,000,000","-605,000,000","15,000,000","1,000,000","10,000,000","17,000,000","76,000,000","18,000,000","-1,000,000","11,000,000","378,000,000","-408,000,000","-24,000,000","-1,000,000","-4,027,000,000","341,000,000","15,000,000","20,000,000","10,000,000","145,000,000","7,000,000","5,000,000","223,000,000","156,000,000","5,000,000","12,000,000","66,000,000","24,000,000","-3,000,000","7,000,000","-42,800,000","16,900,000","6,800,000","9,700,000","56,900,000","9,400,000","3,300,000","1,800,000","-2,700,000","6,400,000","2,100,000","-4,700,000","-3,245,000","-307,000","-743,000","-318,000","-1,564,000","-357,000","271,000","2,647,000","3,000,000","2,500,000","1,100,000","-100,000",,"-400,000","500,000",,"2,500,000","1,500,000","2,100,000","2,400,000","500,000","3,400,000","1,400,000","2,700,000","800,000","1,800,000","2,400,000","2,600,000","3,700,000","1,300,000","-7,400,000","-3,800,000","2,100,000","13,200,000","7,400,000","7,100,000","5,200,000","11,000,000","7,100,000","4,600,000","12,000,000","10,100,000","8,400,000","9,100,000","8,600,000","11,800,000","3,900,000","4,900,000",,,,,,,,,,,,,,,,,,
	EarningsFromEquityInterest,,,,,,,,,,,,,,,,,,,,,,,,,,,,,,,,,,,,,,,,,,,,,,,,,,,,,,,,,,,,,,"10,000,000","13,000,000","10,000,000","12,000,000","9,000,000","13,000,000","10,000,000","9,000,000","9,500,000","9,600,000","9,600,000","9,800,000",,"9,700,000","9,200,000","1,500,000",,,,,,,,,,,,,,,,,,,,,,,,,,,,,,,,,,,,,,,,,,,,,,,,,,,,,,,,,,,,,,,,,,,,,,
	SpecialIncomeCharges,,,,,,,,,,,,,,,,,,"0","0","0",,"0",,"-56,000,000",,,,,,"0",,,,"325,000,000","0","0","0","-57,000,000","-347,000,000","-5,000,000","-605,000,000","15,000,000","1,000,000","10,000,000","17,000,000","76,000,000","18,000,000","-1,000,000","11,000,000","378,000,000","-408,000,000","-24,000,000","-1,000,000","-4,027,000,000","341,000,000","15,000,000","20,000,000","10,000,000","145,000,000","7,000,000","5,000,000","213,000,000","143,000,000","-5,000,000",,"57,000,000","11,000,000","-13,000,000","-2,000,000","-52,300,000","7,300,000","-2,800,000","-100,000","77,300,000","-300,000","-5,900,000","300,000","-2,700,000","6,400,000","2,100,000","-4,700,000","-3,245,000","-307,000","-743,000","-318,000","-1,564,000","-357,000","271,000","2,647,000","3,000,000","2,500,000","1,100,000","-100,000",,"-400,000","500,000",,"2,500,000","1,500,000","2,100,000","2,400,000","500,000","3,400,000","1,400,000","2,700,000","800,000","1,800,000","2,400,000","2,600,000","3,700,000","1,300,000","-7,400,000","-3,800,000","2,100,000","13,200,000","7,400,000","7,100,000","5,200,000","11,000,000","7,100,000","4,600,000","12,000,000","10,100,000","8,400,000","9,100,000","8,600,000","11,800,000","3,900,000","4,900,000",,,,,,,,,,,,,,,,,,
		ImpairmentOfCapitalAssets,,,,,,,,,,,,,,,,,,,,,,,,,,,,,,,,,,,,,,,"345,000,000","0","611,000,000","0","0","0",,"0","0","2,000,000","0","-345,000,000","417,000,000",,,,,,,,,,,,,,,,,,,,,,,,,,,,,,,,,,,,,,,,,,,,,,,,,,,,,,,,,,,,,,,,,,,,,,,,,,,,,,,,,,,,,,,,,,,,,,,,
		WriteOff,,,,,,,,,,,,,,,,,,"0","0","0",,"0",,"56,000,000",,,,,,,,,,"0","0","0","0","58,000,000","345,000,000","0","611,000,000","0",,,,,,,,,,,,,,,,,,,,,,,,,,,,,,,,,,,,,,,,,,,,,,,,,,,,,,,,,,,,,,,,,,,,,,,,,,,,,,,,,,,,,,,,,,,,,,,,,,,,,,,,,
		OtherSpecialCharges,,,,,,,,,,,,,,,,,,,,,,,,,,,,,,,,,,,,,,,"2,000,000","5,000,000","-6,000,000","-15,000,000","-1,000,000","-10,000,000",,"-76,000,000","-18,000,000","-1,000,000","-11,000,000","-33,000,000","-9,000,000",,,,,,,,,,,,,,,,,,,,,,,,,,,,,,,,,,,,,,,,,,,,,,,,,,,,,,,,,,,,,,,,,,,,,,,,,,,,,,,,,,,,,,,,,,,,,,,,
		GainOnSaleOfBusiness,,,,,,,,,,,,,,,,,,,,,,,,,,,,,,"0",,,,"325,000,000",,,,,,,,,,,,,,,,,,,,,,,,,,,,,,,,,,,,,,,,,,,,,,,,,,,,,,,,,,,,,,,,,,,,,,,,,,,,,,,,,,,,,,,,,,,,,,,,,,,,,,,,,,,,,,,,,
	OtherNonOperatingIncomeExpenses,"16,000,000","-163,000,000","32,000,000","102,000,000","45,000,000","25,000,000","48,000,000","27,000,000","32,000,000","36,000,000","34,000,000","12,000,000","22,000,000","42,000,000","42,000,000","-5,000,000","51,000,000","26,000,000","17,000,000","16,000,000","17,000,000","21,000,000","12,000,000","14,000,000","9,000,000","11,000,000","3,000,000","8,000,000","24,000,000","9,000,000","11,000,000","12,000,000","15,000,000","17,000,000","17,000,000","11,000,000","14,000,000","10,000,000","-2,000,000","-5,000,000","6,000,000","15,000,000",,,,,,,,,,,,,,,,,,,,,,,,,,,,,,,,,,,,,,,,,,,,,,,,,,,,,,,,,,,,,,,,,,,,,,,,,,,,,,,,,,,,,,,,,,,,,,,,,,,,,,,,,
PretaxIncome,"1,543,000,000","1,279,000,000","573,000,000","461,000,000","-770,000,000","-598,000,000","-716,000,000","1,674,000,000","-2,370,000,000","1,656,000,000","804,000,000","808,000,000","218,000,000","1,227,000,000","1,150,000,000","1,124,000,000","731,000,000","765,000,000","1,241,000,000","768,000,000","433,000,000","529,000,000","789,000,000","1,134,000,000","730,000,000","550,000,000","2,030,000,000","1,973,000,000","1,418,000,000","1,704,000,000","1,583,000,000","999,000,000","1,265,000,000","1,802,000,000","447,000,000","741,000,000","992,000,000","1,524,000,000","1,237,000,000","1,282,000,000","-337,000,000","93,000,000","1,892,000,000","1,193,000,000","144,000,000","370,000,000","470,000,000","806,000,000","-148,000,000","361,000,000","-814,000,000","-423,000,000","427,000,000","-2,944,000,000","1,795,000,000","1,090,000,000","395,000,000","799,000,000","1,190,000,000","3,117,000,000","1,711,000,000","1,641,000,000","2,439,000,000","2,823,000,000","1,286,000,000","1,988,000,000","1,268,000,000","1,241,000,000","790,000,000","702,000,000","652,900,000","970,100,000","385,100,000","202,800,000","301,900,000","207,000,000","274,900,000","145,500,000","47,500,000","18,400,000","-61,700,000","79,695,000","160,813,000","439,663,000","214,682,000","146,745,000","198,456,000","136,080,000","46,939,000","23,600,000","34,800,000","-34,200,000","-4,000,000","-137,600,000","6,100,000","57,700,000","-9,300,000","18,700,000","83,400,000","43,600,000","23,400,000","31,000,000","20,800,000","32,200,000","29,700,000","20,800,000","35,400,000","32,700,000","6,200,000","6,200,000","19,700,000","6,900,000","10,000,000","-27,100,000","32,100,000","38,900,000","24,300,000","13,400,000","43,200,000","43,900,000","30,800,000","32,800,000","44,200,000","38,100,000","31,200,000","53,300,000","48,200,000","29,400,000","14,700,000",,,,,,,,,,,,,,,,,,
TaxProvision,"255,000,000","169,000,000","65,000,000","169,000,000","-148,000,000","-289,000,000","-337,000,000","339,000,000","-616,000,000","326,000,000","165,000,000","160,000,000","51,000,000","205,000,000","276,000,000","249,000,000","149,000,000","-1,635,000,000","378,000,000","196,000,000","112,000,000","113,000,000","144,000,000","291,000,000","217,000,000","155,000,000","657,000,000","608,000,000","450,000,000","484,000,000","521,000,000","343,000,000","429,000,000","515,000,000","123,000,000","276,000,000","340,000,000","515,000,000","564,000,000","452,000,000","95,000,000","48,000,000","689,000,000","449,000,000","40,000,000","168,000,000","178,000,000","276,000,000","-47,000,000","139,000,000","-185,000,000","-169,000,000","118,000,000","334,000,000","643,000,000","356,000,000","134,000,000","232,000,000","342,000,000","1,055,000,000","567,000,000","527,000,000","836,000,000","926,000,000","437,000,000","641,000,000","406,000,000","394,000,000","256,000,000","213,500,000","218,400,000","337,400,000","137,000,000","71,200,000","110,800,000","78,600,000","104,500,000","56,500,000","17,700,000","7,100,000","-23,100,000","28,100,000","59,800,000","164,800,000","78,600,000","53,400,000","71,100,000","48,400,000","16,200,000","7,100,000","12,200,000","-12,100,000","-1,300,000","-51,900,000","1,800,000","17,700,000","-3,400,000","6,300,000","31,400,000","16,000,000","8,000,000","12,200,000","7,700,000","11,300,000","9,800,000","7,900,000","12,800,000","12,200,000","2,400,000","2,300,000","7,200,000","2,700,000","3,700,000","-11,900,000","20,800,000","14,200,000","8,700,000","5,200,000","15,100,000","16,500,000","10,700,000","10,000,000","14,200,000","12,900,000","10,600,000","20,000,000","16,400,000","9,500,000","5,000,000",,,,,,,,,,,,,,,,,,
NetIncomeCommonStockholders,"924,000,000","1,007,000,000","462,000,000","160,000,000","-705,000,000","-360,000,000","-465,000,000","1,249,000,000","-1,852,000,000","1,056,000,000","608,000,000","610,000,000","141,000,000","952,000,000","856,000,000","845,000,000","469,000,000","2,371,000,000","841,000,000","548,000,000","305,000,000","367,000,000","613,000,000","814,000,000","495,000,000","298,000,000","1,377,000,000","1,351,000,000","964,000,000","1,155,000,000","1,059,000,000","588,000,000","828,000,000","1,288,000,000","312,000,000","466,000,000","654,000,000","1,010,000,000","674,000,000","831,000,000","-432,000,000","45,000,000","1,203,000,000","744,000,000","98,000,000","-438,000,000","292,000,000","583,000,000","-113,000,000","-1,408,000,000","-629,000,000","-254,000,000","309,000,000","-3,278,000,000","1,152,000,000","734,000,000","261,000,000","1,173,000,000","1,067,000,000","2,046,000,000","948,000,000","1,113,800,000","1,602,800,000","1,895,800,000","847,800,000","1,345,800,000","857,800,000","842,800,000","529,800,000","484,700,000","431,300,000","629,600,000","245,000,000","128,600,000","189,800,000","128,400,000","170,400,000","89,000,000","29,800,000","11,300,000","-38,600,000","51,595,000","101,013,000","274,863,000","136,082,000","93,345,000","127,356,000","87,680,000","30,739,000","16,500,000","22,600,000","-22,100,000","-2,700,000","-85,700,000","4,300,000","40,000,000","-5,900,000","12,400,000","51,500,000","14,900,000","12,600,000","16,000,000","10,300,000","18,100,000","17,100,000","10,000,000","19,600,000","17,500,000","800,000","900,000","9,500,000","1,200,000","5,800,000","-15,500,000","11,000,000","24,400,000","15,300,000","7,800,000","27,800,000","27,100,000","19,600,000","21,800,000","28,500,000","23,500,000","18,900,000","31,500,000","30,000,000","18,100,000","7,900,000",,,,,,,,,,,,,,,,,,
	NetIncome,"930,000,000","1,009,000,000","463,000,000","162,000,000","-704,000,000","-359,000,000","-464,000,000","1,253,000,000","-1,851,000,000","1,060,000,000","609,000,000","612,000,000","141,000,000","952,000,000","856,000,000","845,000,000","469,000,000","2,371,000,000","841,000,000","548,000,000","305,000,000","367,000,000","613,000,000","814,000,000","495,000,000","298,000,000","1,377,000,000","1,351,000,000","964,000,000","1,155,000,000","1,059,000,000","588,000,000","828,000,000","1,288,000,000","312,000,000","466,000,000","654,000,000","1,010,000,000","674,000,000","831,000,000","-432,000,000","45,000,000","1,203,000,000","744,000,000","98,000,000","-438,000,000","292,000,000","583,000,000","-113,000,000","-1,408,000,000","-629,000,000","-254,000,000","309,000,000","-3,278,000,000","1,152,000,000","734,000,000","261,000,000","1,173,000,000","1,067,000,000","2,046,000,000","948,000,000","1,113,800,000","1,602,800,000","1,896,800,000","848,800,000","1,346,800,000","861,800,000","846,800,000","533,800,000","487,800,000","434,500,000","632,700,000","248,100,000","131,600,000","191,100,000","128,400,000","170,400,000","89,000,000","29,800,000","11,300,000","-38,600,000","51,595,000","101,013,000","274,863,000","136,082,000","93,345,000","127,356,000","87,680,000","30,739,000","16,500,000","22,600,000","-22,100,000","-2,700,000","-85,700,000","4,300,000","40,000,000","-5,900,000","12,400,000","51,500,000","16,700,000","15,400,000","18,800,000","13,100,000","20,900,000","19,900,000","12,900,000","22,600,000","20,500,000","3,800,000","3,900,000","12,500,000","4,200,000","6,300,000","-15,200,000","11,300,000","24,700,000","15,600,000","8,200,000","28,100,000","27,400,000","20,100,000","22,800,000","30,000,000","25,200,000","20,600,000","33,300,000","31,800,000","19,900,000","9,700,000",,,,,,,,,,,,,,,,,,
		NetIncomeIncludingNoncontrollingInterests,"1,288,000,000","1,110,000,000","508,000,000","292,000,000","-622,000,000","-309,000,000","-379,000,000","1,335,000,000","-1,754,000,000","1,330,000,000","639,000,000","648,000,000","167,000,000","1,022,000,000","874,000,000","875,000,000","582,000,000","2,400,000,000","863,000,000","572,000,000","321,000,000","416,000,000","645,000,000","843,000,000","513,000,000","395,000,000","1,373,000,000","1,365,000,000","968,000,000","1,220,000,000","1,062,000,000","593,000,000","836,000,000","1,287,000,000","324,000,000","465,000,000","652,000,000","1,009,000,000","673,000,000","830,000,000","-432,000,000","45,000,000","1,203,000,000","743,000,000","98,000,000","-438,000,000","292,000,000","583,000,000","-113,000,000","-1,408,000,000","-629,000,000","-254,000,000","309,000,000","-3,278,000,000","1,152,000,000","734,000,000","261,000,000","1,173,000,000","1,067,000,000","2,046,000,000","948,000,000","1,116,800,000","1,606,800,000","1,896,800,000","848,800,000","1,346,800,000","861,800,000","846,800,000","533,800,000","487,800,000","434,500,000","632,700,000","248,100,000","131,600,000","191,100,000","128,400,000","172,800,000","92,700,000","33,600,000","15,300,000","-36,000,000","64,964,000","101,013,000","274,863,000","136,082,000","96,687,000","130,700,000","87,790,000","30,739,000","16,500,000","22,600,000","-22,100,000","-2,700,000","-85,700,000","4,300,000","40,000,000","-5,900,000","12,400,000","51,500,000","16,700,000","15,400,000","18,800,000","13,100,000","20,900,000","19,900,000","12,900,000","22,600,000","20,500,000","3,800,000","3,900,000","12,500,000","4,200,000","6,300,000","-15,200,000","11,300,000","24,700,000","15,600,000","8,200,000","28,100,000","27,400,000","20,100,000","22,800,000","30,000,000","25,200,000","20,600,000","33,300,000","31,800,000","19,900,000","9,700,000","7,200,000","4,400,000","18,500,000","11,400,000","9,900,000","7,500,000","5,300,000","7,900,000","20,000,000","-16,700,000","-11,200,000","65,400,000","1,100,000","-42,600,000","-10,000,000","-41,300,000","10,400,000","5,600,000"
			NetIncomeContinuousOperations,"1,288,000,000","1,110,000,000","508,000,000","292,000,000","-622,000,000","-309,000,000","-379,000,000","1,335,000,000","-1,754,000,000","1,330,000,000","639,000,000","648,000,000","167,000,000","1,022,000,000","874,000,000","875,000,000","582,000,000","2,400,000,000","863,000,000","572,000,000","321,000,000","416,000,000","645,000,000","843,000,000","513,000,000","395,000,000","1,373,000,000","1,365,000,000","968,000,000","1,220,000,000","1,062,000,000","656,000,000","836,000,000","1,287,000,000","324,000,000","465,000,000","652,000,000","1,009,000,000","673,000,000","830,000,000","-432,000,000","45,000,000","1,203,000,000","744,000,000","104,000,000","202,000,000","292,000,000","530,000,000","-101,000,000","222,000,000","-629,000,000","-254,000,000","309,000,000","-3,278,000,000","1,152,000,000","734,000,000","261,000,000","1,173,000,000","641,000,000","1,859,000,000","948,000,000","1,113,800,000","1,602,800,000","1,896,800,000","848,800,000","1,346,800,000","861,800,000","846,800,000","533,800,000","487,800,000","434,500,000","632,700,000","248,100,000","131,600,000","191,100,000","128,400,000","170,400,000","89,000,000","29,800,000","11,300,000","-38,600,000","51,595,000","101,013,000","274,863,000","136,082,000","93,345,000","127,356,000","87,680,000","30,739,000","16,500,000","22,600,000","-22,100,000","-2,700,000","-85,700,000","4,300,000","40,000,000","-5,900,000","12,400,000","52,000,000","27,600,000","15,400,000","18,800,000","13,100,000","20,900,000","19,900,000","12,900,000","22,600,000","20,500,000","3,800,000","3,900,000","12,500,000","4,200,000","6,300,000","-15,200,000","11,300,000","24,700,000","15,600,000","8,200,000","28,100,000","27,400,000","20,100,000","22,800,000","30,000,000","25,200,000","20,600,000","33,300,000","31,800,000","19,900,000","9,700,000","7,200,000","4,400,000","18,500,000","11,400,000","9,900,000","7,500,000","5,300,000","7,900,000","19,900,000","-12,000,000","-6,400,000","70,200,000","1,100,000","-42,600,000","-10,000,000","-41,300,000","10,400,000","5,600,000"
			NetIncomeDiscontinuousOperations,,,,,,,,,,,,,,,,,,,,,,,,,,"0","0","0","0","0","0","-63,000,000",,,,,,"0","0","0","0","0","0","-1,000,000","-6,000,000","-640,000,000",,"53,000,000","-12,000,000",,,,,,,,,"0","426,000,000","187,000,000",,,,,,,,,,,,,,,,,,,,,,,,,,,,,,,,,,,,,,"0","-500,000","-10,900,000",,,,,,,,,,,,,,,,,,,,,,,,,,,,,,,,,,,,,,"100,000","-4,700,000","-4,800,000","-4,800,000",,,,,,
		MinorityInterests,"-358,000,000","-101,000,000","-45,000,000","-130,000,000","-82,000,000","-50,000,000","-85,000,000","-82,000,000","-97,000,000","-270,000,000","-30,000,000","-36,000,000","-26,000,000","-70,000,000","-18,000,000","-30,000,000","-113,000,000","-29,000,000","-22,000,000","-24,000,000","-16,000,000","-49,000,000","-32,000,000","-29,000,000","-18,000,000","-97,000,000","4,000,000","-14,000,000","-4,000,000","-65,000,000","-3,000,000","-5,000,000","-8,000,000","1,000,000","-12,000,000","1,000,000","2,000,000","1,000,000","1,000,000","1,000,000","0","0","0","1,000,000",,,,,,,,,,,,,,,,,,"-3,000,000","-4,000,000",,,,,,,,,,,"0",,,"-2,400,000","-3,700,000","-3,800,000","-4,000,000","-2,600,000",,,,,"-3,342,000","-3,344,000","-110,000",,,,,,,,,,,,,,,,,,,,,,,,,,,,,,,,,,,,,,,,,,,,,,,,,,,,,,,,,,,
	PreferredStockDividends,,,,,,,,,,,,,,,,,,,,,,,,,,,,,,,,,,,,,,,,,,,,,,,,,,,,,,,,,,,,,,"0",,"1,000,000","1,000,000","1,000,000","4,000,000","4,000,000","4,000,000","3,100,000","3,200,000","3,100,000","3,100,000","3,000,000","1,300,000",,,,,,,,,,,,,,,,,,,,,,,"0",,"1,800,000","2,800,000","2,800,000","2,800,000","2,800,000","2,800,000","2,900,000","3,000,000","3,000,000","3,000,000","3,000,000","3,000,000","3,000,000","500,000","300,000","300,000","300,000","300,000","400,000","300,000","300,000","500,000","1,000,000","1,500,000","1,700,000","1,700,000","1,800,000","1,800,000","1,800,000","1,800,000",,,,,,,,,,,,,,,,,,
	OtherunderPreferredStockDividend,"6,000,000","2,000,000","1,000,000","2,000,000","1,000,000","1,000,000","1,000,000","4,000,000","1,000,000","4,000,000","1,000,000","2,000,000",,,,,,,,,,,,,,,,,,,,,,,,,,,,,,,,,,,,,,,,,,,,,,,,,,,,,,,,,,,,,,,,,,,,,,,,,,,,,,,,,,,,,,,,,,,,,,,,,,,,,,,,,,,,,,,,,,,,,,,,,,,,,,,,,,,,,,,
AverageDilutionEarnings,,,,,,,,,"1,000,000","4,000,000","1,000,000",,,,,,,,,,,,,,,,,,,,,,,,,,,,,,,,,,,,,,,,,,,,,,,,,,,,,,,,,,,,,,,,,,,,,,,,,,,,,,,,,,,,,,,,,,,,,,,,,,,,,,,,,,,,,,,,,,,,,,,,,,,,,,,,,,,,,,,,
DilutedNIAvailtoComStockholders,"924,000,000","1,007,000,000","462,000,000","160,000,000","-705,000,000","-360,000,000","-465,000,000","1,249,000,000","-1,851,000,000","1,060,000,000","609,000,000","610,000,000","141,000,000","952,000,000","856,000,000","845,000,000","469,000,000","2,371,000,000","841,000,000","548,000,000","305,000,000","367,000,000","613,000,000","814,000,000","495,000,000","298,000,000","1,377,000,000","1,351,000,000","964,000,000","1,155,000,000","1,059,000,000","588,000,000","828,000,000","1,288,000,000","312,000,000","466,000,000","654,000,000","1,010,000,000","674,000,000","831,000,000","-432,000,000","45,000,000","1,203,000,000","744,000,000","98,000,000","-438,000,000","292,000,000","583,000,000","-113,000,000","-1,408,000,000","-629,000,000","-254,000,000","309,000,000","-3,278,000,000","1,152,000,000","734,000,000","261,000,000","1,173,000,000","1,067,000,000","2,046,000,000","948,000,000","1,113,800,000","1,602,800,000","1,895,800,000","847,800,000","1,345,800,000","857,800,000","842,800,000","529,800,000","484,700,000","431,300,000","629,600,000","245,000,000","128,600,000","189,800,000","128,400,000","170,400,000","89,000,000","29,800,000","11,300,000","-38,600,000","51,595,000","101,013,000","274,863,000","136,082,000","93,345,000","127,356,000","87,680,000","30,739,000","16,500,000","22,600,000","-22,100,000","-2,700,000","-85,700,000","4,300,000","40,000,000","-5,900,000","12,400,000","51,500,000","14,900,000","12,600,000","16,000,000","10,300,000","18,100,000","17,100,000","10,000,000","19,600,000","17,500,000","800,000","900,000","9,500,000","1,200,000","5,800,000","-15,500,000","11,000,000","24,400,000","15,300,000","7,800,000","27,800,000","27,100,000","19,600,000","21,800,000","28,500,000","23,500,000","18,900,000","31,500,000","30,000,000","18,100,000","7,900,000",,,,,,,,,,,,,,,,,,
BasicEPS,,"2.47","1.13","0.39","-1.73","-0.88","-1.14","3.07","-4.54","2.58","1.48","1.47","0.34","2.26","2.01","1.96","1.09","5.43","1.91","1.23","0.68","0.81","1.33","1.74","1.05","0.62","2.79","2.67","1.87","2.22","2.01","1.11","1.55","2.39","0.58","0.86","1.18","1.83","1.22","1.5","-0.78","0.08","2.12","1.31","0.17",,"0.52","1.04","-0.2",,"-1.12","-0.48","0.6",,"2.21","1.4","0.49",,"2.31","3.99","1.91",,"2.63","3.1","1.37",,"1.555","1.64","1.035",,"0.845","1.225","0.488",,"0.405","0.28","0.395",,"0.07","0.028","-0.093",,"0.415","1.125","0.558",,"0.52","0.39","0.138",,"0.1","-0.098","-0.013",,"0.02","0.178","-0.028",,"0.23","0.073","0.073",,"0.058","0.103","0.098",,"0.113","0.1","0.005",,"0.055","0.008","0.033",,"0.065","0.14","0.09",,"0.163","0.158","0.12",,"0.175","0.145","0.118",,"0.19","0.128","0.055",,"0.01","0.138","0.07",,"0.033","0.01","0.038",,"-0.19","-0.135","-0.713",,"-0.45","-0.123","-0.455",,"0.033"
DilutedEPS,,"2.46","1.13","0.39","-1.73","-0.88","-1.14","3.07","-4.54","2.58","1.48","1.47","0.34","2.24","2.01","1.96","1.09","5.42","1.91","1.23","0.68","0.81","1.33","1.73","1.05","0.62","2.79","2.66","1.87","2.22","2","1.1","1.54","2.38","0.57","0.85","1.18","1.82","1.21","1.5","-0.78","0.08","2.11","1.3","0.17",,"0.51","1.03","-0.2",,"-1.12","-0.48","0.59",,"2.18","1.37","0.48",,"2.09","3.89","1.86",,"2.55","2.98","1.32",,"1.47","1.53","0.96",,"0.785","1.14","0.455",,"0.375","0.27","0.378",,"0.068","0.025","-0.093",,"0.395","1.058","0.533",,"0.503","0.378","0.135",,"0.1","-0.098","-0.013",,"0.02","0.175","-0.028",,"0.225","0.073","0.073",,"0.058","0.103","0.098",,"0.113","0.1","0.005",,"0.055","0.008","0.033",,"0.065","0.14","0.09",,"0.163","0.158","0.12",,"0.175","0.145","0.118",,"0.19","0.128","0.055",,"0.01","0.118","0.065",,"0.033","0.01","0.038",,"-0.19","-0.135","-0.713",,"-0.45","-0.123","-0.455",,"0.033"
BasicAverageShares,,"408,000,000","407,000,000","407,000,000","407,000,000","407,000,000","407,000,000","406,000,000","408,000,000","409,000,000","412,000,000","415,000,000","416,000,000","421,000,000","425,000,000","429,000,000","431,000,000","435,000,000","439,000,000","444,000,000","448,000,000","451,000,000","458,000,000","467,000,000","469,000,000","479,000,000","491,000,000","505,000,000","513,000,000","517,000,000","526,000,000","529,000,000","531,000,000","536,000,000","540,000,000","543,000,000","550,000,000","551,000,000","549,000,000","550,000,000","551,000,000","555,000,000","564,000,000","567,000,000","566,000,000",,"564,000,000","563,000,000","562,000,000",,"561,000,000","525,000,000","514,000,000",,"522,000,000","526,000,000","532,000,000",,"551,000,000","563,000,000","599,000,000",,"609,000,000","611,000,000","619,000,000",,"552,000,000","514,000,000","512,000,000",,"511,400,000","513,600,000","503,200,000",,"467,600,000","457,200,000","430,800,000",,"423,600,000","423,200,000","420,000,000",,"242,900,000","244,532,000","244,260,000",,"244,744,000","224,696,000","223,496,000",,"226,000,000","226,666,667","216,000,000",,"215,000,000","225,352,113","214,545,455",,"223,913,043","205,517,241","173,793,103",,"179,130,435","176,585,366","175,384,615",,"174,222,222","175,000,000","160,000,000",,"172,727,273","160,000,000","178,461,538",,"169,230,769","174,285,714","170,000,000",,"171,076,923","172,063,492","163,333,333",,"162,857,143","162,068,966","160,851,064",,"157,894,737","141,960,784","143,636,364",,,,,,,,,,,,,,,,,,
DilutedAverageShares,,"408,000,000","408,000,000","407,000,000","407,000,000","407,000,000","407,000,000","407,000,000","408,000,000","410,000,000","413,000,000","417,000,000","418,000,000","422,000,000","427,000,000","431,000,000","432,000,000","437,000,000","441,000,000","446,000,000","451,000,000","453,000,000","460,000,000","470,000,000","471,000,000","481,000,000","494,000,000","508,000,000","516,000,000","521,000,000","530,000,000","534,000,000","536,000,000","542,000,000","545,000,000","548,000,000","556,000,000","556,000,000","556,000,000","555,000,000","551,000,000","560,000,000","569,000,000","574,000,000","573,000,000",,"568,000,000","567,000,000","562,000,000",,"561,000,000","525,000,000","519,000,000",,"529,000,000","534,000,000","541,000,000",,"564,000,000","578,000,000","615,000,000",,"628,000,000","636,000,000","644,000,000",,"588,000,000","554,000,000","556,000,000",,"552,600,000","554,400,000","544,400,000",,"510,400,000","474,800,000","451,200,000",,"436,400,000","442,400,000","420,000,000",,"255,512,000","259,772,000","255,444,000",,"252,968,000","232,452,000","228,936,000",,"226,000,000","226,666,667","216,000,000",,"215,000,000","228,571,429","214,545,455",,"228,888,889","205,517,241","173,793,103",,"179,130,435","176,585,366","175,384,615",,"174,222,222","175,000,000","160,000,000",,"172,727,273","160,000,000","178,461,538",,"169,230,769","174,285,714","170,000,000",,"171,076,923","172,063,492","163,333,333",,"162,857,143","162,068,966","160,851,064",,"157,894,737","141,960,784","143,636,364",,,,,,,,,,,,,,,,,,
TotalOperatingIncomeAsReported,"2,130,000,000","1,594,000,000","693,000,000","509,000,000","-666,000,000","-470,000,000","-621,000,000","1,789,000,000","-2,277,000,000","1,739,000,000","881,000,000","908,000,000","308,000,000","1,299,000,000","1,219,000,000","1,253,000,000","801,000,000","853,000,000","1,338,000,000","871,000,000","537,000,000","620,000,000","892,000,000","1,231,000,000","829,000,000","646,000,000","2,139,000,000","2,078,000,000","1,495,000,000","1,796,000,000","1,670,000,000","1,085,000,000","1,350,000,000","1,562,000,000","532,000,000","808,000,000","1,061,000,000","1,584,000,000","1,309,000,000","1,361,000,000","-244,000,000","167,000,000","1,979,000,000","1,290,000,000","244,000,000","416,000,000","571,000,000","921,000,000","-32,000,000","445,000,000","-693,000,000","-317,000,000","507,000,000","-2,907,000,000","1,840,000,000","1,158,000,000","472,000,000","884,000,000","1,168,000,000","3,193,000,000","1,765,000,000","1,480,000,000","2,333,000,000","2,864,000,000","1,333,000,000","1,997,000,000","1,311,000,000","1,305,000,000","846,000,000","808,900,000","699,500,000","1,033,600,000","437,200,000","232,100,000","357,400,000","274,400,000","358,100,000","240,300,000","130,300,000","100,100,000","200,000","111,661,000","188,340,000","464,283,000","237,059,000","170,910,000","223,910,000","158,392,000","57,052,000","33,900,000","47,400,000","-20,700,000","8,600,000","-126,900,000","13,600,000","64,300,000","-2,400,000","22,700,000","94,200,000","55,800,000","43,900,000","54,100,000","40,100,000","54,500,000","52,300,000","47,300,000","57,800,000","54,900,000","28,600,000","27,200,000","43,200,000","30,100,000","25,600,000","-17,700,000","30,500,000","38,100,000","24,600,000","15,900,000","40,200,000","45,200,000","32,700,000","18,800,000","38,200,000","35,600,000","26,600,000","46,600,000","40,200,000","31,500,000","16,100,000",,,,,,,,,,,,,,,,,,
TotalExpenses,"111,847,000,000","34,309,000,000","28,827,000,000","27,239,000,000","21,472,000,000","17,074,000,000","16,430,000,000","8,608,000,000","24,379,000,000","26,140,000,000","26,368,000,000","28,025,000,000","23,955,000,000","27,431,000,000","29,630,000,000","29,762,000,000","25,638,000,000","25,539,000,000","22,224,000,000","21,383,000,000","21,235,000,000","20,092,000,000","18,757,000,000","18,297,000,000","14,885,000,000","18,131,000,000","20,440,000,000","23,040,000,000","19,835,000,000","26,063,000,000","32,738,000,000","33,829,000,000","32,313,000,000","32,867,000,000","35,605,000,000","33,226,000,000","32,413,000,000","33,053,000,000","33,072,000,000","33,301,000,000","34,800,000,000","34,506,000,000","31,734,000,000","30,003,000,000","26,064,000,000","18,189,000,000","21,639,000,000","20,852,000,000","19,675,000,000","16,806,000,000","19,765,000,000","18,242,000,000","13,317,000,000","21,476,000,000","34,120,000,000","35,482,000,000","27,473,000,000","28,393,000,000","22,324,000,000","20,806,000,000","17,737,000,000","18,311,800,000","21,985,800,000","23,916,800,000","19,607,800,000","23,896,800,000","21,971,800,000","16,726,800,000","14,106,800,000","14,580,600,000","13,639,800,000","12,774,000,000","10,644,300,000","9,277,300,000","9,564,900,000","8,569,400,000","9,335,000,000","7,869,400,000","7,061,400,000","6,452,300,000","5,122,200,000","2,749,548,000","3,670,394,000","4,034,825,000","3,532,229,000","3,950,227,000","4,024,921,000","3,214,110,000","2,871,565,000","2,603,800,000","2,114,500,000","1,845,200,000","1,328,500,000","1,517,100,000","1,325,000,000","1,383,800,000","1,364,800,000","1,573,400,000","1,881,500,000","1,306,800,000","1,493,200,000","1,550,200,000","1,083,400,000","1,098,200,000","1,014,800,000","797,000,000","682,600,000","689,700,000","661,900,000","535,400,000","534,200,000","386,000,000","255,700,000","299,700,000","292,900,000","283,000,000","271,200,000","287,800,000","296,500,000","273,900,000","242,400,000","176,600,000","218,300,000","237,400,000","260,300,000","289,000,000","256,400,000","244,800,000","244,300,000",,,,,,,,,,,,,,,,,,
NetIncomeFromContinuingAndDiscontinuedOperation,"930,000,000","1,009,000,000","463,000,000","162,000,000","-704,000,000","-359,000,000","-464,000,000","1,253,000,000","-1,851,000,000","1,060,000,000","609,000,000","612,000,000","141,000,000","952,000,000","856,000,000","845,000,000","469,000,000","2,371,000,000","841,000,000","548,000,000","305,000,000","367,000,000","613,000,000","814,000,000","495,000,000","298,000,000","1,377,000,000","1,351,000,000","964,000,000","1,155,000,000","1,059,000,000","588,000,000","828,000,000","1,288,000,000","312,000,000","466,000,000","654,000,000","1,010,000,000","674,000,000","831,000,000","-432,000,000","45,000,000","1,203,000,000","744,000,000","98,000,000","-438,000,000","292,000,000","583,000,000","-113,000,000","-1,408,000,000","-629,000,000","-254,000,000","309,000,000","-3,278,000,000","1,152,000,000","734,000,000","261,000,000","1,173,000,000","1,067,000,000","2,046,000,000","948,000,000","1,113,800,000","1,602,800,000","1,896,800,000","848,800,000","1,346,800,000","861,800,000","846,800,000","533,800,000","487,800,000","434,500,000","632,700,000","248,100,000","131,600,000","191,100,000","128,400,000","170,400,000","89,000,000","29,800,000","11,300,000","-38,600,000","51,595,000","101,013,000","274,863,000","136,082,000","93,345,000","127,356,000","87,680,000","30,739,000","16,500,000","22,600,000","-22,100,000","-2,700,000","-85,700,000","4,300,000","40,000,000","-5,900,000","12,400,000","51,500,000","16,700,000","15,400,000","18,800,000","13,100,000","20,900,000","19,900,000","12,900,000","22,600,000","20,500,000","3,800,000","3,900,000","12,500,000","4,200,000","6,300,000","-15,200,000","11,300,000","24,700,000","15,600,000","8,200,000","28,100,000","27,400,000","20,100,000","22,800,000","30,000,000","25,200,000","20,600,000","33,300,000","31,800,000","19,900,000","9,700,000",,,,,,,,,,,,,,,,,,
NormalizedIncome,"930,000,000","1,009,000,000","463,000,000","162,000,000","-704,000,000","-359,000,000","-464,000,000","1,253,000,000","-1,851,000,000","1,060,000,000","609,000,000","612,000,000","141,000,000","952,000,000","856,000,000","845,000,000","469,000,000","2,371,000,000","841,000,000","548,000,000","305,000,000","367,000,000","613,000,000","855,440,000","495,000,000","298,000,000","1,377,000,000","1,351,000,000","964,000,000","1,155,000,000","1,059,000,000","651,000,000","828,000,000","1,055,882,907.88","312,000,000","466,000,000","654,000,000","1,047,738,188.976","899,550,000","834,237,129.485","-38,750,000","35,250,000","1,202,364,164.905","738,763,621.123","91,722,222.222","152,600,000","280,817,021.277","530,657,568.238","-108,506,756.757","-10,454,293.629","-313,727,272.727","-239,588,652.482","309,723,653.396","-660,450,000","933,152,089.136","723,899,082.569","247,784,810.127","1,165,903,629.537","537,672,268.908","1,854,369,265.319","944,656,925.774","969,204,021.938","1,508,815,170.152","1,900,159,900.815","848,800,000","1,308,178,772.636","854,322,082.019","855,672,683.32","535,151,898.734","524,193,945.869","429,641,905.345","634,526,162.251","248,164,424.825","81,438,856.016","191,289,897.317","132,059,710.145","170,214,041.47","90,651,546.392","25,784,842.105","10,010,326.087","-35,659,643.436","53,695,831.608","101,205,838.831","275,327,499.421","136,283,572.912","94,339,865.788","127,585,099.105","87,505,387.419","29,005,555.892","14,402,542.373","20,976,436.782","-22,810,818.713","-2,632,500","-85,700,000","4,581,967.213","39,653,379.549","-5,900,000","10,742,245.989","51,064,748.201","26,270,642.202","13,820,512.821","18,496,774.194","10,958,653.846","19,991,304.348","18,090,909.091","12,403,846.154","21,450,847.458","18,995,412.844","2,206,451.613","1,572,580.645","11,675,126.904","8,704,347.826","8,694,000","-16,460,000","3,380,000","20,001,285.347","11,041,975.309","5,017,910.448","20,944,907.407","22,968,564.92","17,098,051.948","14,458,536.585","23,144,796.38","19,644,094.488","14,591,666.667","27,927,016.886","24,014,937.759","17,260,204.082","6,466,666.667",,,,,,,,,,,,,,,,,,
InterestExpense,"603,000,000","152,000,000","152,000,000","150,000,000","149,000,000","153,000,000","143,000,000","142,000,000","125,000,000","119,000,000","111,000,000","112,000,000","112,000,000","114,000,000","111,000,000","124,000,000","121,000,000","114,000,000","114,000,000","119,000,000","121,000,000","112,000,000","115,000,000","111,000,000","108,000,000","107,000,000","112,000,000","113,000,000","101,000,000","101,000,000","98,000,000","98,000,000","100,000,000","102,000,000","102,000,000","78,000,000","83,000,000","70,000,000","70,000,000","74,000,000","99,000,000","89,000,000","88,000,000","107,000,000","117,000,000","122,000,000","119,000,000","116,000,000","127,000,000","117,000,000","130,000,000","82,000,000","79,000,000",,,,,,,,,,,,,,,,,,,,,,,,,,,,,,,,,,,,,,,,,,,,,,,,,,,,,,,,,,,,,,,,,,,,,,,,,,,,,,,,,,,,,,,,,,,,,,
NetInterestIncome,"-603,000,000","-152,000,000","-152,000,000","-150,000,000","-149,000,000","-153,000,000","-143,000,000","-142,000,000","-125,000,000","-119,000,000","-111,000,000","-112,000,000","-112,000,000","-114,000,000","-111,000,000","-124,000,000","-121,000,000","-114,000,000","-114,000,000","-119,000,000","-121,000,000","-112,000,000","-115,000,000","-111,000,000","-108,000,000","-107,000,000","-112,000,000","-113,000,000","-101,000,000","-101,000,000","-98,000,000","-98,000,000","-100,000,000","-102,000,000","-102,000,000","-78,000,000","-83,000,000","-70,000,000","-70,000,000","-74,000,000","-99,000,000","-89,000,000","-88,000,000","-107,000,000","-117,000,000","-122,000,000","-119,000,000","-116,000,000","-127,000,000","-117,000,000","-130,000,000","-82,000,000","-79,000,000",,,,,,,,,,,,,,,,,,,,,,,,,,,,,,,,,,,,,,,,,,,,,,,,,,,,,,,,,,,,,,,,,,,,,,,,,,,,,,,,,,,,,,,,,,,,,,
EBIT,"2,146,000,000","1,431,000,000","725,000,000","611,000,000","-621,000,000","-445,000,000","-573,000,000","1,816,000,000","-2,245,000,000","1,775,000,000","915,000,000","920,000,000","330,000,000","1,341,000,000","1,261,000,000","1,248,000,000","852,000,000","879,000,000","1,355,000,000","887,000,000","554,000,000","641,000,000","904,000,000","1,245,000,000","838,000,000","657,000,000","2,142,000,000","2,086,000,000","1,519,000,000","1,805,000,000","1,681,000,000","1,097,000,000","1,365,000,000","1,904,000,000","549,000,000","819,000,000","1,075,000,000","1,594,000,000","1,307,000,000","1,356,000,000","-238,000,000","182,000,000","1,980,000,000","1,300,000,000","261,000,000","492,000,000","589,000,000","922,000,000","-21,000,000","478,000,000","-684,000,000","-341,000,000","506,000,000","-2,907,000,000","1,840,000,000","1,158,000,000","472,000,000","884,000,000","1,168,000,000","3,193,000,000","1,765,000,000","1,480,000,000","2,333,000,000","2,864,000,000","1,333,000,000","1,997,000,000","1,311,000,000","1,305,000,000","846,000,000","808,900,000","699,500,000","1,033,600,000","437,200,000","232,100,000","357,400,000","274,400,000","358,100,000","240,300,000","130,300,000","100,100,000","200,000","111,661,000","188,340,000","464,283,000","237,059,000","170,910,000","223,910,000","158,392,000","57,052,000","33,900,000","47,400,000","-20,700,000","8,600,000","-126,900,000","13,600,000","64,300,000","-2,400,000","22,700,000","94,200,000","55,800,000","43,900,000","54,100,000","40,100,000","54,500,000","52,300,000","47,300,000","57,800,000","54,900,000","28,600,000","27,200,000","43,200,000","30,100,000","25,600,000","-17,700,000","30,500,000","38,100,000","24,600,000","15,900,000","40,200,000","45,200,000","32,700,000","18,800,000","38,200,000","35,600,000","26,600,000","46,600,000","40,200,000","31,500,000","16,100,000","-603,800,000","246,200,000","225,900,000","201,400,000","-546,600,000","180,800,000","193,400,000","211,100,000","-503,400,000","168,500,000","156,400,000","121,100,000","-1,491,800,000","407,300,000","447,700,000","578,900,000","-1,883,300,000","759,300,000"
EBITDA,"4,551,000,000"
ReconciledCostOfRevenue,"110,895,000,000","34,040,000,000","27,972,000,000","26,463,000,000","21,226,000,000","16,845,000,000","16,219,000,000","8,436,000,000","24,200,000,000","25,890,000,000","26,141,000,000","27,824,000,000","23,744,000,000","27,197,000,000","29,411,000,000","29,493,000,000","25,390,000,000","25,284,000,000","21,951,000,000","21,205,000,000","21,045,000,000","19,884,000,000","18,565,000,000","17,137,000,000","13,699,000,000","17,925,000,000","20,261,000,000","22,862,000,000","19,688,000,000","25,849,000,000","32,558,000,000","33,659,000,000","32,153,000,000","32,688,000,000","35,435,000,000","32,993,000,000","32,237,000,000","34,036,000,000","32,496,000,000","32,744,000,000","34,252,000,000","33,984,000,000","31,183,000,000","29,466,000,000","25,569,000,000","18,200,000,000","20,936,000,000","20,167,000,000","19,048,000,000","16,118,000,000","19,027,000,000","17,558,000,000","12,625,000,000","16,710,000,000","33,685,000,000","34,806,000,000","26,783,000,000","27,077,000,000","21,845,000,000","20,291,000,000","17,283,000,000","17,662,000,000","21,348,000,000","23,249,000,000","19,008,000,000","23,272,000,000","21,410,000,000","16,254,000,000","13,663,000,000","14,124,500,000","13,212,200,000","12,345,500,000","10,255,300,000","8,877,200,000","9,187,400,000","8,206,600,000","8,971,900,000","7,510,000,000","6,717,100,000","6,108,400,000","4,791,100,000","2,641,726,000","3,566,848,000","3,920,189,000","3,440,664,000","3,853,038,000","3,934,179,000","3,151,704,000","2,819,298,000","2,551,600,000","2,063,000,000","1,796,400,000","1,273,500,000","1,546,800,000","1,275,700,000","1,335,800,000","1,284,200,000","1,561,800,000","1,841,800,000","1,283,000,000","1,438,400,000","1,490,400,000","1,032,400,000","1,042,300,000","961,500,000","738,500,000","627,600,000","638,000,000","613,600,000","603,500,000","464,800,000","337,700,000","232,900,000","278,800,000","259,800,000","274,600,000","224,300,000","366,200,000","254,900,000","231,100,000","231,100,000","140,000,000","178,900,000","199,100,000","222,700,000","250,400,000","214,300,000","210,700,000","209,600,000",,,,,,,,,,,,,,,,,,
ReconciledDepreciation,"2,405,000,000","598,000,000","641,000,000","588,000,000","578,000,000","577,000,000","614,000,000","578,000,000","582,000,000","571,000,000","567,000,000","566,000,000","551,000,000","531,000,000","517,000,000","523,000,000","498,000,000","490,000,000","497,000,000","499,000,000","500,000,000","468,000,000","470,000,000","471,000,000","485,000,000","494,000,000","482,000,000","425,000,000","441,000,000","425,000,000","430,000,000","414,000,000","421,000,000","437,000,000","448,000,000","405,000,000","430,000,000","402,000,000","402,000,000","386,000,000","384,000,000","393,000,000","390,000,000","386,000,000","365,000,000","377,000,000","372,000,000","367,000,000","357,000,000","371,000,000","389,000,000","389,000,000","378,000,000","370,000,000","370,000,000","369,000,000","367,000,000","357,000,000","344,000,000","341,000,000","334,000,000","308,000,000","294,000,000","293,000,000","260,000,000","260,000,000","232,000,000","197,000,000","186,000,000","154,700,000","163,700,000","159,300,000","140,700,000","148,500,000","125,200,000","119,700,000","117,100,000","114,400,000","107,900,000","112,700,000","114,300,000","70,430,000","65,927,000","60,802,000","55,195,000","53,336,000","47,841,000","39,281,000","32,598,000","32,800,000","35,100,000","34,300,000","36,800,000","-8,800,000","32,500,000","29,400,000","25,600,000","-5,000,000","22,200,000","13,400,000","34,600,000","38,500,000","31,900,000","33,800,000","34,200,000","36,800,000","33,800,000","33,900,000","30,800,000","28,900,000","31,700,000","19,000,000","22,800,000","20,900,000","33,100,000","8,400,000","17,100,000","12,200,000","11,700,000","13,000,000","11,300,000","9,500,000","9,200,000","9,200,000","8,700,000","9,400,000","8,800,000","8,700,000","8,700,000",,,,,,,,,,,,,,,,,,
NetIncomeFromContinuingOperationNetMinorityInterest,"930,000,000","1,009,000,000","463,000,000","162,000,000","-704,000,000","-359,000,000","-464,000,000","1,253,000,000","-1,851,000,000","1,060,000,000","609,000,000","612,000,000","141,000,000","952,000,000","856,000,000","845,000,000","469,000,000","2,371,000,000","841,000,000","548,000,000","305,000,000","367,000,000","613,000,000","814,000,000","495,000,000","298,000,000","1,377,000,000","1,351,000,000","964,000,000","1,155,000,000","1,059,000,000","651,000,000","828,000,000","1,288,000,000","312,000,000","466,000,000","654,000,000","1,010,000,000","674,000,000","831,000,000","-432,000,000","45,000,000","1,203,000,000","745,000,000","104,000,000","202,000,000","292,000,000","530,000,000","-101,000,000","222,000,000","-629,000,000","-254,000,000","309,000,000","-3,278,000,000","1,152,000,000","734,000,000","261,000,000","1,173,000,000","641,000,000","1,859,000,000","948,000,000","1,113,800,000","1,602,800,000","1,896,800,000","848,800,000","1,346,800,000","861,800,000","846,800,000","533,800,000","487,800,000","434,500,000","632,700,000","248,100,000","131,600,000","191,100,000","128,400,000","170,400,000","89,000,000","29,800,000","11,300,000","-38,600,000","51,595,000","101,013,000","274,863,000","136,082,000","93,345,000","127,356,000","87,680,000","30,739,000","16,500,000","22,600,000","-22,100,000","-2,700,000","-85,700,000","4,300,000","40,000,000","-5,900,000","12,400,000","52,000,000","27,600,000","15,400,000","18,800,000","13,100,000","20,900,000","19,900,000","12,900,000","22,600,000","20,500,000","3,800,000","3,900,000","12,500,000","4,200,000","6,300,000","-15,200,000","11,300,000","24,700,000","15,600,000","8,200,000","28,100,000","27,400,000","20,100,000","22,800,000","30,000,000","25,200,000","20,600,000","33,300,000","31,800,000","19,900,000","9,700,000",,,,,,,,,,,,,,,,,,
TotalUnusualItemsExcludingGoodwill,,,,,,,,,,,,,,,,,,"0","0","0",,"0",,"-56,000,000",,,,,,"0",,,,"325,000,000","0","0","0","-57,000,000","-347,000,000","-5,000,000","-605,000,000","15,000,000","1,000,000","10,000,000","17,000,000","76,000,000","18,000,000","-1,000,000","11,000,000","378,000,000","-408,000,000","-24,000,000","-1,000,000","-4,027,000,000","341,000,000","15,000,000","20,000,000","10,000,000","145,000,000","7,000,000","5,000,000","213,000,000","143,000,000","-5,000,000",,"57,000,000","11,000,000","-13,000,000","-2,000,000","-52,300,000","7,300,000","-2,800,000","-100,000","77,300,000","-300,000","-5,900,000","300,000","-2,700,000","6,400,000","2,100,000","-4,700,000","-3,245,000","-307,000","-743,000","-318,000","-1,564,000","-357,000","271,000","2,647,000","3,000,000","2,500,000","1,100,000","-100,000",,"-400,000","500,000",,"2,500,000","1,500,000","2,100,000","2,400,000","500,000","3,400,000","1,400,000","2,700,000","800,000","1,800,000","2,400,000","2,600,000","3,700,000","1,300,000","-7,400,000","-3,800,000","2,100,000","13,200,000","7,400,000","7,100,000","5,200,000","11,000,000","7,100,000","4,600,000","12,000,000","10,100,000","8,400,000","9,100,000","8,600,000","11,800,000","3,900,000","4,900,000",,,,,,,,,,,,,,,,,,
TotalUnusualItems,,,,,,,,,,,,,,,,,,"0","0","0",,"0",,"-56,000,000",,,,,,"0",,,,"325,000,000","0","0","0","-57,000,000","-347,000,000","-5,000,000","-605,000,000","15,000,000","1,000,000","10,000,000","17,000,000","76,000,000","18,000,000","-1,000,000","11,000,000","378,000,000","-408,000,000","-24,000,000","-1,000,000","-4,027,000,000","341,000,000","15,000,000","20,000,000","10,000,000","145,000,000","7,000,000","5,000,000","213,000,000","143,000,000","-5,000,000",,"57,000,000","11,000,000","-13,000,000","-2,000,000","-52,300,000","7,300,000","-2,800,000","-100,000","77,300,000","-300,000","-5,900,000","300,000","-2,700,000","6,400,000","2,100,000","-4,700,000","-3,245,000","-307,000","-743,000","-318,000","-1,564,000","-357,000","271,000","2,647,000","3,000,000","2,500,000","1,100,000","-100,000",,"-400,000","500,000",,"2,500,000","1,500,000","2,100,000","2,400,000","500,000","3,400,000","1,400,000","2,700,000","800,000","1,800,000","2,400,000","2,600,000","3,700,000","1,300,000","-7,400,000","-3,800,000","2,100,000","13,200,000","7,400,000","7,100,000","5,200,000","11,000,000","7,100,000","4,600,000","12,000,000","10,100,000","8,400,000","9,100,000","8,600,000","11,800,000","3,900,000","4,900,000",,,,,,,,,,,,,,,,,,
NormalizedEBITDA,"4,551,000,000","2,029,000,000","1,366,000,000","1,199,000,000","-43,000,000","132,000,000","41,000,000","2,394,000,000","-1,663,000,000","2,346,000,000","1,482,000,000","1,486,000,000","881,000,000","1,872,000,000","1,778,000,000","1,771,000,000","1,350,000,000","1,369,000,000","1,852,000,000","1,386,000,000","1,054,000,000","1,109,000,000","1,374,000,000","1,772,000,000","1,323,000,000","1,151,000,000","2,624,000,000","2,511,000,000","1,960,000,000","2,230,000,000","2,111,000,000","1,511,000,000","1,786,000,000","2,016,000,000","997,000,000","1,224,000,000","1,505,000,000","2,053,000,000","2,056,000,000","1,747,000,000","751,000,000","560,000,000","2,369,000,000","1,676,000,000","609,000,000","793,000,000","943,000,000","1,290,000,000","325,000,000","471,000,000","113,000,000","72,000,000","885,000,000","1,490,000,000","1,869,000,000","1,512,000,000","819,000,000","1,232,000,000","1,367,000,000","3,527,000,000","2,094,000,000","1,575,000,000","2,484,000,000","3,162,000,000","1,593,000,000","2,200,000,000","1,532,000,000","1,515,000,000","1,034,000,000","1,015,900,000","855,900,000","1,195,700,000","578,000,000","303,300,000","482,900,000","400,000,000","474,900,000","357,400,000","231,800,000","210,700,000","119,200,000","185,336,000","254,574,000","525,828,000","292,572,000","225,810,000","272,108,000","197,402,000","87,003,000","63,700,000","80,000,000","12,500,000","45,500,000","-135,700,000","46,500,000","93,200,000","23,200,000","15,200,000","114,900,000","67,100,000","76,100,000","92,100,000","68,600,000","86,900,000","83,800,000","83,300,000","89,800,000","86,400,000","56,800,000","52,400,000","73,600,000","58,400,000","52,200,000","1,100,000","50,400,000","43,600,000","34,600,000","22,900,000","40,900,000","51,100,000","39,400,000","16,300,000","37,400,000","36,400,000","26,200,000","47,400,000","37,200,000","36,300,000","19,900,000","-603,800,000","246,200,000","225,900,000","201,400,000","-546,600,000","180,800,000","193,400,000","211,100,000","-503,400,000","168,500,000","156,400,000","121,100,000","-1,491,800,000","407,300,000","447,700,000","578,900,000","-1,883,300,000","759,300,000"
TaxRateForCalcs,"0.165","0.132","0.11","0.37","0.19","0.27","0.27","0.2","0.21","0.197","0.21","0.2","0.23","0.167","0.24","0.22","0.2","0.4","0.3","0.26","0.26","0.214","0.18","0.26","0.297","0.282","0.324","0.308","0.317","0.284","0.329","0.343","0.339","0.286","0.275","0.372","0.343","0.338","0.35","0.353","0.35","0.35","0.364","0.376","0.278","0.35","0.379","0.342","0.318","0.385","0.227","0.4","0.276","0.35","0.358","0.327","0.339","0.29","0.287","0.338","0.331","0.321","0.343","0.328","0.34","0.322","0.32","0.317","0.324","0.304","0.335","0.348","0.356","0.351","0.367","0.38","0.38","0.388","0.373","0.386","0.374","0.353","0.372","0.375","0.366","0.364","0.358","0.356","0.345","0.301","0.351","0.354","0.325","0.377","0.295","0.307","0.366","0.337","0.376","0.367","0.342","0.394","0.37","0.351","0.33","0.38","0.362","0.373","0.387","0.371","0.365","0.391","0.37","0.4","0.4","0.365","0.358","0.388","0.35","0.376","0.347","0.305","0.321","0.339","0.34","0.375","0.34","0.323","0.34",,,,,,,,,,,,,,,,,,
TaxEffectOfUnusualItems,"0","0","0","0","0","0","0","0","0","0","0","0","0","0","0","0","0","0","0","0","0","0","0","-14,560,000","0","0","0","0","0","0","0","0","0","92,882,907.88","0","0","0","-19,261,811.024","-121,450,000","-1,762,870.515","-211,750,000","5,250,000","364,164.905","3,763,621.123","4,722,222.222","26,600,000","6,817,021.277","-342,431.762","3,493,243.243","145,545,706.371","-92,727,272.727","-9,588,652.482","-276,346.604","-1,409,450,000","122,152,089.136","4,899,082.569","6,784,810.127","2,903,629.537","41,672,268.908","2,369,265.319","1,656,925.774","68,404,021.938","49,015,170.152","-1,640,099.185","0","18,378,772.636","3,522,082.019","-4,127,316.68","-648,101.266","-15,906,054.131","2,441,905.345","-973,837.749","-35,575.175","27,138,856.016","-110,102.683","-2,240,289.855","114,041.47","-1,048,453.608","2,384,842.105","810,326.087","-1,759,643.436","-1,144,168.392","-114,161.169","-278,500.579","-116,427.088","-569,134.212","-127,900.895","96,387.419","913,555.892","902,542.373","876,436.782","389,181.287","-32,500","0","-118,032.787","153,379.549","0","842,245.989","564,748.201","770,642.202","820,512.821","196,774.194","1,258,653.846","491,304.348","890,909.091","303,846.154","650,847.458","895,412.844","1,006,451.613","1,372,580.645","475,126.904","-2,895,652.174","-1,406,000","840,000","5,280,000","2,701,285.347","2,541,975.309","2,017,910.448","3,844,907.407","2,668,564.92","1,598,051.948","3,658,536.585","3,244,796.38","2,844,094.488","3,091,666.667","3,227,016.886","4,014,937.759","1,260,204.082","1,666,666.667",,,,,,,,,,,,,,,,,,