name,ttm,12/31/2021,09/30/2021,06/30/2021,03/31/2021,12/31/2020,09/30/2020,06/30/2020,03/31/2020,12/31/2019,09/30/2019,06/30/2019,03/31/2019,12/31/2018,09/30/2018,06/30/2018,03/31/2018,12/31/2017,09/30/2017,06/30/2017,03/31/2017,12/31/2016,09/30/2016,06/30/2016,03/31/2016,12/31/2015,09/30/2015,06/30/2015,03/31/2015,12/31/2014,09/30/2014,06/30/2014,03/31/2014,12/31/2013,09/30/2013,06/30/2013,03/31/2013,12/31/2012,09/30/2012,06/30/2012,03/31/2012,12/31/2011,09/30/2011,06/30/2011,03/31/2011,12/31/2010,09/30/2010,06/30/2010,03/31/2010,12/31/2009,09/30/2009,06/30/2009,03/31/2009,12/31/2008,09/30/2008,06/30/2008,03/31/2008,12/31/2007,09/30/2007,06/30/2007,03/31/2007,12/31/2006,09/30/2006,06/30/2006,03/31/2006,12/31/2005,09/30/2005,06/30/2005,03/31/2005,12/31/2004,09/30/2004,06/30/2004,03/31/2004,12/31/2003,09/30/2003,06/30/2003,03/31/2003,12/31/2002,09/30/2002,06/30/2002,03/31/2002,12/31/2001,09/30/2001,06/30/2001,03/31/2001,12/31/2000,09/30/2000,06/30/2000,03/31/2000,12/31/1999,09/30/1999,06/30/1999,03/31/1999,12/31/1998,09/30/1998,06/30/1998,03/31/1998,12/31/1997,09/30/1997,06/30/1997,03/31/1997,12/31/1996,09/30/1996,06/30/1996,03/31/1996,12/31/1995,09/30/1995,06/30/1995,03/31/1995,12/31/1994,09/30/1994,06/30/1994,03/31/1994,12/31/1993,09/30/1993,06/30/1993,03/31/1993,12/31/1992,09/30/1992,06/30/1992,03/31/1992,12/31/1991,09/30/1991,06/30/1991,03/31/1991,12/31/1990,09/30/1990,06/30/1990,03/31/1990,12/31/1989,09/30/1989,06/30/1989,03/31/1989,12/31/1988,09/30/1988,06/30/1988,03/31/1988,12/31/1987,09/30/1987,06/30/1987,03/31/1987,12/31/1986,09/30/1986,06/30/1986,03/31/1986,12/31/1985,09/30/1985
TotalRevenue,"5,552,200,000","1,606,303,000","1,516,506,000","1,361,047,000","1,068,344,000","1,175,119,000","1,309,890,000","1,322,575,000","1,049,242,000","1,186,152,000","1,418,758,000","1,327,682,000","996,511,000","1,088,047,000","1,240,197,000","1,200,151,000","854,474,000","977,490,000","1,094,715,000","1,030,763,000","787,328,000","872,974,000","1,008,140,000","956,825,000","754,728,000","857,285,000","1,038,460,000","895,143,000","631,293,000","755,027,000","873,579,000","791,143,000","574,420,000","680,246,000","813,568,000","738,733,000","538,162,000","608,431,000","728,861,000","694,136,000","535,882,000","614,627,000","760,752,000","701,971,000","487,200,000","586,243,000","743,204,000","736,152,000","493,264,000","590,144,000","778,192,000","721,859,000","600,294,000","799,199,000","1,013,349,000","1,021,551,000","817,339,000","856,890,000","904,866,000","878,844,000","687,187,000","816,304,000","929,321,000","888,162,000","708,687,000","754,621,000","830,016,000","782,074,000","528,616,000","129,360,000","891,192,000","816,320,000","617,462,000","728,735,000","829,905,000","766,815,000","600,370,000","675,969,000","785,786,000","747,741,000","587,081,000","728,129,000","843,118,000","828,325,000","569,129,000","630,398,000","681,214,000","665,151,000","514,981,000","605,600,000","656,400,000","611,500,000","482,200,000","442,100,000","509,500,000","465,800,000","359,000,000","414,300,000","477,900,000","445,100,000","341,400,000","397,500,000","443,600,000","419,200,000","308,500,000","361,800,000","422,000,000","382,800,000","294,400,000","349,400,000","360,400,000","326,700,000","216,900,000","282,000,000","331,500,000","305,900,000","214,100,000","270,800,000","312,300,000","284,200,000","210,600,000","254,800,000","289,200,000","266,400,000","197,000,000","271,000,000","306,600,000","295,700,000","232,000,000","257,700,000","307,200,000","293,700,000","217,500,000","267,500,000","298,600,000","284,500,000","202,700,000","246,400,000","270,100,000","237,900,000","168,900,000","237,000,000","263,700,000","256,600,000","200,600,000","229,600,000","274,100,000"
	OperatingRevenue,"5,552,200,000","2,170,898,000","1,310,379,000","1,165,987,000","904,936,000","1,175,119,000","1,309,890,000","1,322,575,000","1,049,242,000","1,186,152,000","1,418,758,000","1,327,682,000","996,511,000","1,088,047,000","1,240,197,000","1,200,151,000","854,474,000","977,490,000","1,094,715,000","1,030,763,000","787,328,000","872,974,000","1,008,140,000","956,825,000","754,728,000","857,285,000","1,038,460,000","895,143,000","631,293,000","755,027,000","873,579,000","756,289,000","548,496,000","652,882,000","775,183,000","696,078,000","504,554,000","452,364,000","728,861,000","694,136,000","535,882,000","614,627,000","760,752,000","701,971,000","487,200,000","586,243,000","743,204,000","736,152,000","493,264,000","590,144,000","778,192,000","721,859,000","600,294,000","799,199,000","1,013,349,000","1,021,551,000","817,339,000","856,890,000","904,866,000","878,844,000","687,187,000","816,304,000","929,321,000","888,162,000","708,687,000","754,621,000","830,016,000","782,074,000","528,616,000","129,360,000","891,192,000","816,320,000","617,462,000","728,735,000","829,905,000","766,815,000","600,370,000","675,969,000","785,786,000","747,741,000","587,081,000","728,129,000","843,118,000","828,325,000","569,129,000","630,398,000","681,214,000","665,151,000","514,981,000","605,600,000","656,400,000","611,500,000","482,200,000","442,100,000","509,500,000","465,800,000","359,000,000","414,300,000","477,900,000","445,100,000","341,400,000","397,500,000","443,600,000","419,200,000","308,500,000","361,800,000","422,000,000","382,800,000","294,400,000","349,400,000","360,400,000","326,700,000","216,900,000","282,000,000","331,500,000","305,900,000","214,100,000","270,800,000","312,300,000","284,200,000","210,600,000","254,800,000","289,200,000","266,400,000","197,000,000","271,000,000","306,600,000","295,700,000","232,000,000","257,700,000","307,200,000","293,700,000","217,500,000","267,500,000","298,600,000","284,500,000","202,700,000","246,400,000","270,100,000","237,900,000","168,900,000","237,000,000","263,700,000","256,600,000","200,600,000","229,600,000","274,100,000"
CostOfRevenue,"4,178,800,000","1,254,594,000","1,122,445,000","962,683,000","839,077,000","872,378,000","929,392,000","926,056,000","847,519,000","893,071,000","1,018,115,000","957,180,000","804,836,000","812,763,000","897,055,000","876,967,000","695,140,000","734,199,000","789,199,000","738,988,000","627,349,000","633,269,000","703,931,000","664,641,000","590,010,000","603,356,000","747,170,000","660,694,000","553,428,000","585,367,000","664,537,000","616,355,000","540,328,000","562,899,000","654,585,000","605,838,000","520,507,000","529,225,000","601,938,000","588,197,000","513,924,000","540,272,000","644,972,000","601,131,000","494,306,000","535,493,000","616,457,000","613,817,000","492,370,000","522,103,000","623,712,000","576,025,000","522,687,000","650,009,000","812,503,000","776,325,000","662,889,000","635,807,000","627,474,000","593,611,000","519,992,000","578,997,000","656,033,000","630,426,000","544,892,000","576,009,000","602,760,000","571,699,000","436,383,000","30,610,000","671,069,000","638,592,000","532,994,000","569,205,000","633,223,000","608,748,000","525,697,000","557,577,000","615,217,000","586,011,000","496,780,000","574,913,000","631,270,000","629,446,000","483,618,000","441,290,000","449,356,000","442,608,000","368,660,000","407,900,000","431,100,000","406,900,000","339,000,000","270,700,000","297,500,000","286,200,000","240,700,000","264,200,000","302,100,000","280,200,000","237,400,000","254,400,000","275,800,000","263,500,000","213,000,000","219,700,000","260,900,000","243,300,000","210,000,000","243,000,000","243,400,000","223,100,000","170,400,000","196,900,000","221,200,000","206,800,000","160,600,000","182,500,000","207,000,000","185,200,000","150,500,000","180,800,000","190,500,000","172,300,000","142,200,000","182,900,000","191,600,000","182,500,000","155,600,000","174,800,000","180,600,000","180,100,000","147,600,000",,,,,,,,,,,,,,
GrossProfit,"1,373,400,000","351,709,000","394,061,000","398,364,000","229,267,000","302,741,000","380,498,000","396,519,000","201,723,000","293,081,000","400,643,000","370,502,000","191,675,000","275,284,000","343,142,000","323,184,000","159,334,000","243,291,000","305,516,000","291,775,000","159,979,000","239,705,000","304,209,000","292,184,000","164,718,000","253,929,000","291,290,000","234,449,000","77,865,000","169,660,000","209,042,000","174,788,000","34,092,000","117,347,000","158,983,000","132,895,000","17,655,000","79,206,000","126,923,000","105,939,000","21,958,000","74,355,000","115,780,000","100,840,000","-7,106,000","50,750,000","126,747,000","122,335,000","894,000","68,041,000","154,480,000","145,834,000","77,607,000","149,190,000","200,846,000","245,226,000","154,450,000","221,083,000","277,392,000","285,233,000","167,195,000","237,307,000","273,288,000","257,736,000","163,795,000","178,612,000","227,256,000","210,375,000","92,233,000","98,750,000","220,123,000","177,728,000","84,468,000","159,530,000","196,682,000","158,067,000","74,673,000","118,392,000","170,569,000","161,730,000","90,301,000","153,216,000","211,848,000","198,879,000","85,511,000","189,108,000","231,858,000","222,543,000","146,321,000","197,700,000","225,300,000","204,600,000","143,200,000","171,400,000","212,000,000","179,600,000","118,300,000","150,100,000","175,800,000","164,900,000","104,000,000","143,100,000","167,800,000","155,700,000","95,500,000","142,100,000","161,100,000","139,500,000","84,400,000","106,400,000","117,000,000","103,600,000","46,500,000","85,100,000","110,300,000","99,100,000","53,500,000","88,300,000","105,300,000","99,000,000","60,100,000","74,000,000","98,700,000","94,100,000","54,800,000","88,100,000","115,000,000","113,200,000","76,400,000","82,900,000","126,600,000","113,600,000","69,900,000",,,,,,,,,,,,,,
OperatingExpense,"482,700,000","140,107,000","134,635,000","111,039,000","96,919,000","107,991,000","93,970,000","97,365,000","90,421,000","112,275,000","97,501,000","97,879,000","94,539,000","95,365,000","96,062,000","95,037,000","82,315,000","105,254,000","77,517,000","100,561,000","87,948,000","78,723,000","79,846,000","88,856,000","90,386,000","82,953,000","79,435,000","79,642,000","70,663,000","74,905,000","68,963,000","72,704,000","75,787,000","65,899,000","68,566,000","69,439,000","70,314,000","72,545,000","66,647,000","93,974,000","74,977,000","106,848,000","50,569,000","80,271,000","80,078,000","82,223,000","76,791,000","81,125,000","37,664,000","51,113,000","87,340,000","81,458,000","83,939,000","80,955,000","72,543,000","6,757,000","87,692,000","75,346,000","63,091,000","68,000,000","30,049,000","65,667,000","66,570,000","65,180,000","65,042,000","34,036,000","62,350,000","55,688,000","54,465,000","35,087,000","60,990,000","58,074,000","53,513,000","43,552,000","60,225,000","56,885,000","65,265,000","63,703,000","62,460,000","61,441,000","60,724,000","73,712,000","67,702,000","70,544,000","67,074,000","117,256,000","112,120,000","111,900,000","108,067,000","105,400,000","100,700,000","103,400,000","103,200,000","93,600,000","85,700,000","81,500,000","77,900,000","80,700,000","80,700,000","77,100,000","72,500,000","79,000,000","73,300,000","70,300,000","65,100,000","72,400,000","67,800,000","66,100,000","64,200,000","61,700,000","60,400,000","54,900,000","54,600,000","54,300,000","54,900,000","53,100,000","52,300,000","54,400,000","51,100,000","53,000,000","51,000,000","79,100,000","51,900,000","52,600,000","52,900,000","60,200,000","49,800,000","50,200,000","48,600,000","51,200,000","47,800,000","46,900,000","46,100,000",,,,,,,,,,,,,,
	SellingGeneralAndAdministration,"417,600,000","124,548,000","103,792,000","100,667,000","88,593,000","98,626,000","83,511,000","91,205,000","86,430,000","95,801,000","88,789,000","95,689,000","90,268,000","84,382,000","81,606,000","89,043,000","78,340,000","85,655,000","73,350,000","82,793,000","82,120,000","79,526,000","76,311,000","82,681,000","76,468,000","79,494,000","71,390,000","69,197,000","66,763,000","72,480,000","66,074,000","67,615,000","66,119,000","64,016,000","65,854,000","64,902,000","64,655,000","23,542,000","66,647,000","93,974,000","74,977,000","68,726,000","67,859,000","75,893,000","77,516,000","120,106,000","77,560,000","83,376,000","86,495,000","82,979,000","79,558,000","79,353,000","79,717,000","88,863,000","76,364,000","84,781,000","92,576,000","77,496,000","66,398,000","71,308,000","74,402,000","93,128,000","66,570,000","65,180,000","65,042,000","66,709,000","62,350,000","55,688,000","54,465,000","35,087,000","60,990,000","58,074,000","53,513,000","43,552,000","60,225,000","56,885,000","65,265,000","63,703,000","62,460,000","61,441,000","60,724,000","73,712,000","67,702,000","70,544,000","67,074,000","50,147,000","54,815,000","57,068,000","54,948,000","50,800,000","48,300,000","52,300,000","54,200,000","58,300,000","47,100,000","46,900,000","46,700,000","48,200,000","50,500,000","47,800,000","43,900,000","49,100,000","44,200,000","42,900,000","38,900,000","44,000,000","39,600,000","38,800,000","37,400,000","34,800,000","33,800,000","28,600,000","27,800,000","27,100,000","29,700,000","28,000,000","27,300,000","27,800,000","25,500,000","27,200,000","25,300,000","51,600,000","24,500,000","25,200,000","25,700,000","32,600,000","24,800,000","25,600,000","24,500,000","27,200,000","24,400,000","23,800,000","23,600,000",,,,,,,,,,,,,,
	DepreciationAmortizationDepletionIncomeStatement,,,,,,,,,,,,,,,,,,,,,,,,,,,,,,,,,,,,,,,,,,,,,,,,,,,,,,,,,,,,,,,,,,,,,,,,,,,,,,,,,,,,,,"67,109,000","57,305,000","54,832,000","53,119,000","54,600,000","52,400,000","51,100,000","49,000,000","35,300,000","38,600,000","34,600,000","31,200,000","32,500,000","30,200,000","29,300,000","28,600,000","29,900,000","29,100,000","27,400,000","26,200,000","28,400,000","28,200,000","27,300,000","26,800,000","26,900,000","26,600,000","26,300,000","26,800,000","27,200,000","25,200,000","25,100,000","25,000,000","26,600,000","25,600,000","25,800,000","25,700,000","27,500,000","27,400,000","27,400,000","27,200,000","27,600,000","25,000,000","24,600,000","24,100,000","24,000,000","23,400,000","23,100,000","22,500,000",,,,,,,,,,,,,,
		DepreciationAndAmortizationInIncomeStatement,,,,,,,,,,,,,,,,,,,,,,,,,,,,,,,,,,,,,,,,,,,,,,,,,,,,,,,,,,,,,,,,,,,,,,,,,,,,,,,,,,,,,,"67,109,000","57,305,000","54,832,000","53,119,000","54,600,000","52,400,000","51,100,000","49,000,000","35,300,000","38,600,000","34,600,000","31,200,000","32,500,000","30,200,000","29,300,000","28,600,000","29,900,000","29,100,000","27,400,000","26,200,000","28,400,000","28,200,000","27,300,000","26,800,000","26,900,000","26,600,000","26,300,000","26,800,000","27,200,000","25,200,000","25,100,000","25,000,000","26,600,000","25,600,000","25,800,000","25,700,000","27,500,000","27,400,000","27,400,000","27,200,000","27,600,000","25,000,000","24,600,000","24,100,000","24,000,000","23,400,000","23,100,000","22,500,000",,,,,,,,,,,,,,
	OtherOperatingExpenses,"65,100,000","15,559,000","30,843,000","10,372,000","8,326,000","9,365,000","10,459,000","6,160,000","3,991,000","16,474,000","8,712,000","2,190,000","4,271,000","10,983,000","14,456,000","5,994,000","3,975,000","19,599,000","4,167,000","17,768,000","5,828,000","-803,000","3,535,000","6,175,000","13,918,000","3,459,000","8,045,000","10,445,000","3,900,000","2,425,000","2,889,000","5,089,000","9,668,000","1,883,000","2,712,000","4,537,000","5,659,000","3,029,000",,"904,000","9,851,000","38,122,000","-17,290,000","4,378,000","2,562,000",,"-769,000","-2,251,000","-48,831,000","-31,866,000","7,782,000","2,105,000","4,222,000","-7,908,000","-3,821,000","-78,024,000","-4,884,000","-2,150,000","-3,307,000","-3,308,000","-44,353,000",,,,,,,,,,,,,,,,,,,,,,,,,,,,,,,,,,,,,,,,,,,,,,,,,,,,,,,,,,,,,,,,,,,,,,,,,,,,,,,,,,,,,,
OperatingIncome,"890,700,000","211,602,000","259,426,000","287,325,000","132,348,000","194,750,000","286,528,000","299,154,000","111,302,000","180,806,000","303,142,000","272,623,000","97,136,000","179,919,000","247,080,000","228,147,000","77,019,000","138,037,000","227,999,000","191,214,000","72,031,000","160,982,000","224,363,000","203,328,000","74,332,000","170,976,000","211,855,000","154,807,000","7,202,000","94,755,000","140,079,000","102,084,000","-41,695,000","51,448,000","90,417,000","63,456,000","-52,659,000","6,661,000","60,276,000","11,965,000","-53,019,000","-32,493,000","65,211,000","20,569,000","-87,184,000","-31,473,000","49,956,000","41,210,000","-36,770,000","16,928,000","67,140,000","64,376,000","-6,332,000","68,235,000","128,303,000","238,469,000","66,758,000","145,737,000","214,301,000","217,233,000","137,146,000","171,640,000","206,718,000","192,556,000","98,753,000","144,576,000","164,906,000","154,687,000","37,768,000","63,663,000","159,133,000","119,654,000","30,955,000","115,978,000","136,457,000","101,182,000","9,408,000","54,689,000","108,109,000","100,289,000","29,577,000","79,504,000","144,146,000","128,335,000","18,437,000","71,852,000","119,738,000","110,643,000","38,254,000","92,300,000","124,600,000","101,200,000","40,000,000","77,800,000","126,300,000","98,100,000","40,400,000","69,400,000","95,100,000","87,800,000","31,500,000","64,100,000","94,500,000","85,400,000","30,400,000","69,700,000","93,300,000","73,400,000","20,200,000","44,700,000","56,600,000","48,700,000","-8,100,000","30,800,000","55,400,000","46,000,000","1,200,000","33,900,000","54,200,000","46,000,000","9,100,000","-5,100,000","46,800,000","41,500,000","1,900,000","27,900,000","65,200,000","63,000,000","27,800,000","31,700,000","78,800,000","66,700,000","23,800,000","-577,300,000","298,600,000","284,500,000","202,700,000","-486,500,000","270,100,000","237,900,000","168,900,000","-565,100,000","263,700,000","256,600,000","200,600,000","-616,300,000","274,100,000"
NetNonOperatingInterestIncomeExpense,"-147,700,000","-36,111,000","-36,776,000","-41,696,000","-33,118,000","-33,884,000","-35,782,000","-33,954,000","-30,773,000","-30,835,000","-32,197,000","-33,035,000","-32,934,000","-32,857,000","-33,547,000","-33,244,000","-37,774,000","-136,513,000","-82,041,000","-38,455,000","-34,076,000","-33,077,000","-33,126,000","-33,333,000","-33,732,000","-36,312,000","-37,800,000","-83,651,000","-62,480,000","-40,876,000","-40,891,000","-40,551,000","-120,089,000","-48,888,000","-49,134,000","-50,873,000","-52,752,000","-52,929,000","-53,043,000","53,687,000","-52,266,000","-53,345,000","-50,678,000","-70,911,000","-42,250,000","-46,199,000","-47,526,000","-43,723,000","-43,294,000","-42,951,000","-43,519,000","-43,386,000","-43,124,000",,,,,,,,,,,,,,,,,,,,,,,,,,,,,,,,,,,,,,,,,,,,,,,,,,,,,,,,,,,,,,,,,,,,,,,,,,,,,,,,,,,,,,,,,,,,,,
	InterestIncomeNonOperating,"1,600,000",,,,,,,,,,,,,,,,,,,,,,,,,,,,,,,,,,,,,,,,,,,,,,,"481,000","489,000","368,000","433,000","687,000","795,000",,,,,,,,,,,,,,,,,,,,,,,,,,,,,,,,,,,,,,,,,,,,,,,,,,,,,,,,,,,,,,,,,,,,,,,,,,,,,,,,,,,,,,,,,,,,,,
	InterestExpenseNonOperating,"149,300,000","37,711,000","36,776,000","41,696,000","33,118,000","35,451,000","35,782,000","33,954,000","30,773,000","31,990,000","32,197,000","33,035,000","32,934,000","33,411,000","33,547,000","33,244,000","37,774,000","140,950,000","82,041,000","38,455,000","34,076,000","33,884,000","33,126,000","33,333,000","33,732,000","36,657,000","37,800,000","83,651,000","62,480,000","41,836,000","40,891,000","40,551,000","120,089,000","49,831,000","49,134,000","50,873,000","52,752,000","52,928,000",,"53,687,000","52,266,000",,"50,678,000","70,911,000","42,250,000",,,"44,204,000","43,783,000","43,319,000","43,952,000","44,073,000","43,919,000",,,,,,,,,,,,,,,,,,,,,,,,,,,,,,,,,,,,,,,,,,,,,,,,,,,,,,,,,,,,,,,,,,,,,,,,,,,,,,,,,,,,,,,,,,,,,,
	TotalOtherFinanceCost,"129,000,000",,,,,,,,,"30,835,000","32,197,000","33,035,000","32,934,000","32,857,000","33,547,000","33,244,000","37,774,000","136,513,000","82,041,000","38,455,000","34,076,000","33,077,000","33,126,000","33,333,000","33,732,000","36,311,000","37,800,000","83,651,000","62,480,000","40,875,000","40,891,000","40,551,000","120,089,000","48,888,000","49,134,000","50,873,000","52,752,000","52,928,000","53,043,000","-53,687,000","52,266,000",,"50,678,000","70,911,000","42,250,000",,"47,526,000",,,,,,,,,,,,,,,,,,,,,,,,,,,,,,,,,,,,,,,,,,,,,,,,,,,,,,,,,,,,,,,,,,,,,,,,,,,,,,,,,,,,,,,,,,,,,,,,,,,,
OtherIncomeExpense,"130,800,000","-6,804,000","6,092,000","8,434,000","123,078,000","-19,678,000","7,363,000","7,109,000","-8,337,000","16,059,000","593,000","5,917,000","10,426,000","6,862,000","6,994,000","5,445,000","9,247,000","12,813,000","3,272,000","4,642,000","2,393,000","13,436,000","3,703,000","10,487,000","-10,105,000","2,661,000","-2,467,000","-1,470,000","4,536,000","4,214,000","-341,000","2,960,000","239,189,000","4,951,000","11,660,000","23,696,000","4,974,000","51,402,000","-2,604,000","6,988,000","9,838,000","29,350,000","37,712,000","2,899,000","27,382,000","3,355,000","2,113,000","-41,233,000","1,378,000","729,000","2,756,000","2,895,000","-1,075,000","-499,026,000","-4,000","81,329,000","2,090,000","-2,519,000","1,717,000","3,195,000","45,555,000","28,343,000","4,810,000","36,148,000","12,093,000","19,766,000","10,673,000","-502,000","1,556,000","23,671,000","2,476,000","8,286,000","2,409,000","-14,885,000","2,784,000","3,413,000","4,764,000","4,262,000","6,974,000","2,154,000","588,000","-2,698,000","994,000","5,198,000","-1,509,000","-18,902,000","11,253,000","8,954,000","6,423,000","8,600,000","13,100,000","6,500,000","11,400,000","10,800,000","5,900,000","6,300,000","15,900,000","5,100,000","7,300,000","8,200,000","3,200,000","4,400,000","3,900,000","8,200,000","3,200,000","200,000","2,600,000","3,500,000","6,900,000","7,000,000","1,300,000","3,000,000","2,700,000","-500,000","400,000","700,000","400,000","-4,000,000","-300,000","1,400,000","100,000","2,800,000","-300,000","-500,000","-2,500,000","3,000,000","600,000","-1,800,000","1,400,000","4,400,000","-500,000","1,000,000","1,500,000",,,,,,,,,,,,,,
	SpecialIncomeCharges,"120,100,000","-216,000","2,940,000","211,000","117,165,000","1,680,000","1,576,000","-258,000","999,000","12,770,000","234,000","3,451,000","7,297,000","6,570,000","2,104,000","2,106,000","4,164,000","13,197,000","1,488,000","2,773,000","369,000","12,817,000","2,713,000","10,458,000","-9,411,000","2,062,000","351,000","-1,031,000","3,557,000","5,137,000","252,000","1,162,000","236,364,000","2,381,000","9,350,000","23,410,000","2,601,000","44,675,000","-2,604,000","6,988,000","9,838,000","29,350,000","37,712,000","2,899,000","27,382,000","3,355,000","2,113,000","-41,233,000","1,378,000","729,000","2,756,000","2,895,000","-1,075,000","-499,026,000","-4,000","81,329,000","2,090,000","-2,519,000","1,717,000","3,195,000","45,555,000","28,343,000","4,810,000","36,148,000","12,093,000","19,766,000","10,673,000","-502,000","1,556,000","23,671,000","2,476,000","8,286,000","2,409,000","-14,885,000","2,784,000","3,413,000","4,764,000","4,262,000","6,974,000","2,154,000","588,000","-2,698,000","994,000","5,198,000","-1,509,000","-18,902,000","11,253,000","8,954,000","6,423,000","8,600,000","13,100,000","6,500,000","11,400,000","10,800,000","5,900,000","6,300,000","15,900,000","5,100,000","7,300,000","8,200,000","3,200,000","4,400,000","3,900,000","8,200,000","3,200,000","200,000","2,600,000","3,500,000","6,900,000","7,000,000","1,300,000","3,000,000","2,700,000","-500,000","400,000","700,000","400,000","-4,000,000","-300,000","1,400,000","100,000","2,800,000","-300,000","-500,000","-2,500,000","3,000,000","600,000","-1,800,000","1,400,000","4,400,000","-500,000","1,000,000","1,500,000",,,,,,,,,,,,,,
		RestructuringAndMergernAcquisition,,,,,,,,,,,,,,,,,,,,,,,"0","0","320,000","442,000","448,000","1,280,000","2,818,000","558,000","750,000","0","0","0","0","0","1,509,000","539,000","3,056,000","4,551,000",,,,,,,,,,,,,,,,,,,,,,,,,,,,,,,,,,,,,,,,,,,,,,,,,,,,,,,,,,,,,,,,,,,,,,,,,,,,,,,,,,,,,,,,,,,,,,,,,,,,,,,,,,,
		ImpairmentOfCapitalAssets,,,,,,,,,,,,,,,,,,,"0","0","0","0","0","860,000","9,646,000",,,,,,,,,,,,,,,,,,,,,,,,,,,,,,,,,,,,,,,,,,,,,,,,,,,,,,,,,,,,,,,,,,,,,,,,,,,,,,,,,,,,,,,,,,,,,,,,,,,,,,,,,,,,,,,,,,,,,,,,,,
		OtherSpecialCharges,,,,,,,,,,,,,,,,,,,,,,"0","-690,000","-10,962,000",,,,,,,,,,,,,,,"1,557,000","1,613,000","-3,312,000",,,,"27,382,000",,,,,,,"-2,895,000",,,,,,,,,,,,,,,,,,,,,,,,,,,,,,,,,,,,,,,,,,,,,,,,,,,,,,,,,,,,,,,,,,,,,,,,,,,,,,,,,,,,,,,,,,,,,,,
		GainOnSaleOfPPE,"120,100,000","-216,000","2,940,000","211,000","117,165,000","1,680,000","1,576,000","-258,000","999,000","12,770,000","234,000","3,451,000","7,297,000","6,570,000","2,104,000","2,106,000","4,164,000","13,197,000","1,488,000","2,773,000","369,000","12,497,000","2,023,000","356,000","555,000","2,504,000","799,000","249,000","6,375,000","5,695,000","1,002,000","1,162,000","236,364,000","2,381,000","9,350,000","23,410,000","4,110,000","46,768,000","2,009,000","13,152,000","6,526,000",,,,,,,,,,,"654,000",,,,,,,,,,,,,,,,,,,,,,,,,,,,,,,,,,,,,,,,,,,,,,,,,,,,,,,,,,,,,,,,,,,,,,,,,,,,,,,,,,,,,,,,,,,,,,,
	OtherNonOperatingIncomeExpenses,"10,700,000","-6,588,000","3,152,000","8,223,000","5,913,000","-21,358,000","5,787,000","7,367,000","-9,336,000","3,289,000","359,000","2,466,000","3,129,000","292,000","4,890,000","3,339,000","5,083,000","-384,000","1,784,000","1,869,000","2,024,000","619,000","990,000","29,000","-694,000","599,000","-2,818,000","-439,000","979,000","-923,000","-593,000","1,798,000","2,825,000","2,570,000","2,310,000","286,000","2,373,000","2,531,000",,,,,,,,,,,,,,,,,,,,,,,,,,,,,,,,,,,,,,,,,,,,,,,,,,,,,,,,,,,,,,,,,,,,,,,,,,,,,,,,,,,,,,,,,,,,,,,,,,,,,,,,,,,,,
PretaxIncome,"873,800,000","168,687,000","228,742,000","254,063,000","222,308,000","141,188,000","258,109,000","272,309,000","72,192,000","166,030,000","271,538,000","245,505,000","74,628,000","153,924,000","220,527,000","200,348,000","48,492,000","14,337,000","149,230,000","157,401,000","40,348,000","141,341,000","194,940,000","180,482,000","30,495,000","137,325,000","171,588,000","69,686,000","-50,742,000","58,093,000","98,847,000","64,493,000","77,405,000","7,511,000","52,943,000","36,279,000","-100,437,000","5,134,000","4,629,000","-34,734,000","-95,447,000","-56,488,000","52,245,000","-47,443,000","-102,052,000","-74,317,000","4,543,000","-43,746,000","-78,686,000","-40,830,000","41,941,000","25,193,000","-45,525,000","-231,833,000","80,854,000","204,717,000","21,320,000","117,464,000","206,857,000","210,146,000","133,036,000","167,038,000","204,729,000","224,486,000","107,208,000","127,055,000","172,913,000","147,716,000","32,553,000","82,962,000","151,899,000","117,816,000","22,889,000","88,495,000","125,130,000","94,728,000","1,810,000","46,959,000","101,491,000","92,580,000","16,630,000","64,437,000","132,229,000","118,747,000","8,640,000","40,179,000","125,566,000","111,723,000","34,770,000","92,500,000","125,100,000","94,100,000","39,900,000","87,100,000","130,500,000","102,800,000","54,300,000","72,800,000","100,500,000","94,400,000","32,800,000","66,300,000","96,500,000","91,300,000","31,400,000","67,400,000","92,700,000","73,800,000","24,500,000","49,000,000","55,100,000","49,500,000","-7,700,000","28,200,000","53,500,000","44,200,000","-700,000","27,600,000","51,400,000","44,800,000","6,900,000","-5,000,000","43,500,000","38,200,000","-3,200,000","27,500,000","63,500,000","60,100,000","28,200,000","34,900,000","76,500,000","66,300,000","23,700,000",,,,,,,,,,,,,,
TaxProvision,"200,100,000","30,408,000","51,770,000","57,283,000","60,638,000","25,273,000","56,984,000","61,352,000","12,194,000","23,434,000","53,472,000","47,598,000","10,693,000","29,644,000","40,663,000","40,046,000","-4,903,000","-313,632,000","39,080,000","45,652,000","-3,175,000","8,825,000","52,062,000","54,200,000","9,764,000","43,766,000","45,386,000","19,867,000","-14,075,000","19,745,000","31,066,000","17,982,000","22,900,000","-2,585,000","10,793,000","6,151,000","-38,818,000","646,000","-10,992,000","-17,749,000","-38,397,000","-30,545,000","29,833,000","-40,341,000","-37,430,000","-28,172,000","-6,048,000","-21,231,000","-34,212,000","-28,248,000","-5,983,000","9,632,000","-13,270,000","-14,641,000","21,038,000","63,492,000","6,835,000","31,325,000","62,929,000","66,465,000","43,697,000","51,991,000","63,421,000","75,080,000","35,471,000","34,927,000","44,592,000","45,764,000","11,119,000","24,497,000","52,778,000","29,891,000","7,187,000","27,557,000","31,074,000","28,410,000","549,000","10,358,000","24,672,000","27,211,000","5,006,000","19,334,000","40,001,000","39,118,000","2,920,000","5,558,000","39,616,000","35,662,000","11,509,000","27,700,000","39,300,000","31,400,000","13,500,000","27,700,000","40,600,000","32,800,000","17,800,000","21,700,000","27,200,000","31,600,000","10,900,000","18,500,000","34,400,000","32,700,000","11,300,000","24,000,000","33,600,000","26,100,000","8,500,000","17,100,000","17,500,000","15,800,000","-2,500,000","7,700,000","16,900,000","12,600,000","-200,000","7,200,000","15,600,000","14,600,000","2,300,000","-3,700,000","13,300,000","12,300,000","-1,000,000","7,700,000","21,400,000","20,400,000","9,500,000","11,200,000","26,000,000","22,700,000","8,000,000",,,,,,,,,,,,,,
NetIncomeCommonStockholders,"670,800,000","138,081,000","176,760,000","195,344,000","160,614,000","114,518,000","199,788,000","209,916,000","60,258,000","141,093,000","215,713,000","197,558,000","63,299,000","124,022,000","179,151,000","159,652,000","52,979,000","327,546,000","108,579,000","120,139,000","44,921,000","137,052,000","139,765,000","123,750,000","18,924,000","88,888,000","123,805,000","48,162,000","-39,678,000","38,021,000","66,939,000","45,967,000","53,995,000","9,082,000","41,363,000","28,772,000","-54,836,000","3,483,000","14,260,000","-18,283,000","-52,053,000","-27,865,000","19,959,000","-8,139,000","-54,733,000","-46,997,000","13,246,000","-23,992,000","-38,747,000","-13,349,000","54,232,000","22,212,000","-32,780,000","-217,853,000","59,050,000","140,755,000","13,933,000","84,613,000","135,413,000","142,011,000","88,874,000","113,860,000","136,065,000","147,691,000","69,917,000","90,643,000","122,216,000","121,547,000","54,351,000","85,632,000","98,962,000","87,796,000","14,995,000","57,328,000","99,149,000","56,024,000","-17,550,000","36,601,000","76,819,000","65,369,000","11,624,000","45,103,000","92,228,000","79,629,000","5,720,000","34,621,000","85,950,000","76,061,000","23,261,000","64,800,000","85,800,000","62,700,000","26,400,000","59,400,000","89,900,000","70,000,000","36,500,000","51,100,000","73,300,000","62,800,000","21,900,000","47,800,000","62,100,000","58,600,000","20,100,000","43,400,000","59,100,000","47,700,000","16,000,000","31,900,000","37,600,000","33,700,000","-5,200,000","20,500,000","36,600,000","31,600,000","-500,000","20,400,000","35,800,000","30,200,000","7,600,000","-1,300,000","30,200,000","25,900,000","-2,200,000","19,800,000","42,100,000","39,700,000","18,700,000","19,600,000","50,500,000","43,600,000","15,700,000",,,,,,,,,,,,,,
	NetIncome,"670,800,000","138,081,000","176,760,000","195,344,000","160,614,000","114,518,000","199,788,000","209,916,000","60,258,000","141,093,000","215,713,000","197,558,000","63,299,000","124,022,000","179,151,000","159,652,000","52,979,000","327,546,000","108,579,000","120,139,000","44,921,000","137,052,000","139,765,000","123,750,000","18,924,000","88,888,000","123,805,000","48,162,000","-39,678,000","38,021,000","66,939,000","45,967,000","53,995,000","9,082,000","41,363,000","28,772,000","-54,836,000","3,483,000","14,260,000","-18,283,000","-52,053,000","-27,865,000","19,959,000","-8,139,000","-54,733,000","-46,997,000","13,246,000","-23,992,000","-38,747,000","-13,349,000","54,232,000","22,212,000","-32,780,000","-217,853,000","59,050,000","140,755,000","13,933,000","84,613,000","135,413,000","142,011,000","88,874,000","113,860,000","136,065,000","147,691,000","69,917,000","90,643,000","122,216,000","121,547,000","54,351,000","85,632,000","98,962,000","87,796,000","14,995,000","57,328,000","99,149,000","56,024,000","-17,550,000","36,601,000","76,819,000","65,369,000","11,624,000","45,103,000","92,228,000","79,629,000","5,720,000","34,621,000","85,950,000","76,061,000","23,261,000","64,800,000","85,800,000","62,700,000","26,400,000","59,400,000","89,900,000","70,000,000","36,500,000","51,100,000","73,300,000","62,800,000","21,900,000","47,800,000","62,100,000","58,600,000","20,100,000","43,400,000","59,100,000","47,700,000","16,000,000","31,900,000","37,600,000","33,700,000","-5,200,000","20,500,000","36,600,000","31,600,000","-500,000","20,400,000","35,800,000","30,200,000","7,600,000","-1,300,000","30,200,000","25,900,000","-2,200,000","19,800,000","42,100,000","39,700,000","18,700,000","19,600,000","50,500,000","43,600,000","15,700,000",,,,,,,,,,,,,,
		NetIncomeIncludingNoncontrollingInterests,"670,400,000","137,681,000","176,760,000","195,344,000","160,614,000","114,518,000","199,788,000","209,916,000","60,258,000","141,093,000","215,713,000","197,558,000","63,299,000","124,022,000","179,151,000","159,652,000","52,979,000","327,546,000","108,579,000","120,139,000","44,921,000","137,052,000","139,765,000","123,750,000","18,924,000","88,888,000","123,805,000","48,162,000","-39,678,000","38,021,000","66,939,000","45,967,000","53,995,000","9,082,000","41,363,000","28,772,000","-54,836,000","3,483,000","14,260,000","-18,283,000","-52,053,000","-27,865,000","19,959,000","-8,139,000","-54,733,000","-46,997,000","13,246,000","-23,992,000","-38,747,000","-13,349,000","54,232,000","22,212,000","-32,780,000","-218,136,000","59,050,000","140,616,000","13,790,000","84,764,000","135,413,000","142,011,000","88,874,000","113,860,000","136,065,000","147,691,000","69,917,000","90,643,000","122,216,000","121,547,000","60,814,000","82,342,000","100,968,000","89,890,000","14,185,000","58,177,000","100,625,000","53,172,000","-17,694,000","35,226,000","77,317,000","62,349,000","13,035,000","44,096,000","90,726,000","79,031,000","345,000","33,111,000","82,089,000","74,001,000","23,261,000","64,800,000","85,800,000","62,700,000","26,400,000","59,400,000","89,900,000","70,000,000","36,500,000","51,100,000","73,300,000","62,800,000","21,900,000","47,800,000","62,100,000","58,600,000","20,100,000","43,400,000","59,100,000","47,700,000","16,000,000","31,900,000","37,600,000","33,700,000","-5,200,000","20,500,000","36,600,000","31,600,000","-500,000","20,400,000","35,800,000","30,200,000","7,600,000","-1,300,000","30,200,000","25,900,000","-2,200,000","19,800,000","42,100,000","39,700,000","18,700,000","19,600,000","50,500,000","43,600,000","15,700,000","25,100,000","49,400,000","46,000,000","15,600,000","27,500,000","38,700,000","38,700,000","11,400,000","18,900,000","35,700,000","31,700,000","6,900,000","12,000,000","28,700,000"
			NetIncomeContinuousOperations,"673,700,000","138,279,000","176,972,000","196,780,000","161,670,000","115,915,000","201,125,000","210,957,000","59,998,000","142,596,000","218,066,000","197,907,000","63,935,000","124,280,000","179,864,000","160,302,000","53,395,000","327,969,000","110,150,000","111,749,000","43,523,000","132,516,000","142,878,000","126,282,000","20,731,000","93,559,000","126,202,000","49,819,000","-36,667,000","38,348,000","67,781,000","46,511,000","54,505,000","10,096,000","42,150,000","30,128,000","-61,619,000","4,488,000","15,621,000","-16,985,000","-57,050,000","-25,943,000","22,412,000","-7,102,000","-64,622,000","-46,145,000","10,591,000","-22,515,000","-44,474,000","-12,582,000","47,924,000","15,561,000","-32,255,000","-217,192,000","59,816,000","141,225,000","14,485,000","86,139,000","143,928,000","143,681,000","89,339,000","115,047,000","141,308,000","149,406,000","71,737,000","92,128,000","128,321,000","101,952,000","14,971,000","58,465,000","99,121,000","87,925,000","15,702,000","60,938,000","94,056,000","66,318,000","1,261,000","36,601,000","76,819,000","65,369,000","11,624,000","45,103,000","92,228,000","79,629,000","5,720,000","34,621,000","85,950,000","76,061,000","23,261,000","64,800,000","85,800,000","62,700,000","26,400,000","59,400,000","89,900,000","70,000,000","36,500,000","51,100,000","73,300,000","62,800,000","21,900,000","47,800,000","62,100,000","58,600,000","20,100,000","43,400,000","59,100,000","47,700,000","16,000,000","31,900,000","37,600,000","33,700,000","-5,200,000","20,500,000","36,600,000","31,600,000","-500,000","20,400,000","35,800,000","30,200,000","4,600,000","-1,300,000","30,200,000","25,900,000","-2,200,000","19,800,000","42,100,000","39,700,000","18,700,000","23,700,000","50,500,000","43,600,000","15,700,000","25,100,000","49,400,000","46,000,000","15,600,000","28,500,000","37,600,000","37,900,000","10,500,000","18,900,000","35,700,000","31,700,000","6,900,000","20,300,000","28,700,000"
			NetIncomeDiscontinuousOperations,"-3,300,000","-598,000","-212,000","-1,436,000","-1,056,000","-1,397,000","-1,337,000","-1,041,000","260,000","-1,503,000","-2,353,000","-349,000","-636,000","-258,000","-713,000","-650,000","-416,000","-423,000","-1,571,000","8,390,000","1,398,000","4,536,000","-3,113,000","-2,532,000","-1,807,000","-4,671,000","-2,397,000","-1,657,000","-3,011,000","-327,000","-842,000","-544,000","-510,000","-1,014,000","-787,000","-1,356,000","6,783,000","-1,005,000","-1,361,000","-1,298,000","4,997,000","-1,922,000","-2,453,000","-1,037,000","9,889,000","-852,000","2,655,000","-1,477,000","5,727,000","-767,000","6,308,000","6,651,000","-525,000","-661,000","-766,000","-470,000","-552,000","-1,526,000","-8,515,000","-1,670,000","-465,000","-1,187,000","-5,243,000","-1,715,000","-1,820,000","-1,485,000","-6,105,000","19,595,000","39,380,000","27,167,000","-159,000","-129,000","-707,000","-3,610,000","5,093,000","-10,294,000",,,,,,,,,,,,,,,,,,,,,,,,,,,,,,,,,,,,,,,,,,,,,,,,,,,,,,,,,,,,,,"-1,000,000","1,100,000","800,000","900,000",,,,,,
			NetIncomeExtraordinary,,,,,,,,,,,,,,,,,,,,,,,,,,,,,,,,,,,,,,,,,,,,,,,,,,,,,,,,,,,,,,,,,,,,,,,,,,"0",,,"-18,811,000","0",,,,,,,,,,,,,,,,,,,,,,,,,,,,,,,,,,,,,,,,"0",,,"3,000,000",,,,,,,,,,,,,,,,,,,,,,,,,,
		MinorityInterests,"400,000","400,000",,,,,,,,,,,,,,,,,,,,,,,,,,,,,,,,,,,,,,,,,,,,,,,,,,,,,,"139,000","143,000",,,,,,,,,,,,"-6,463,000",,"-2,006,000","-2,094,000","810,000","-849,000","-1,476,000","2,852,000","144,000","1,375,000","-498,000","3,020,000","-1,411,000","1,007,000","1,502,000","598,000","5,375,000","1,510,000","3,861,000","2,060,000",,,,,,,,,,,,,,,,,,,,,,,,,,,,,,,,,,,,,,,,,,,,,,,,,,,,,,,,,,,
DilutedNIAvailtoComStockholders,"670,800,000","138,081,000","176,760,000","195,344,000","160,614,000","114,518,000","199,788,000","209,916,000","60,258,000","141,093,000","215,713,000","197,558,000","63,299,000","124,022,000","179,151,000","159,652,000","52,979,000","327,546,000","108,579,000","120,139,000","44,921,000","137,052,000","139,765,000","123,750,000","18,924,000","88,888,000","123,805,000","48,162,000","-39,678,000","38,021,000","66,939,000","45,967,000","53,995,000","9,082,000","41,363,000","28,772,000","-54,836,000","3,483,000","14,260,000","-18,283,000","-52,053,000","-27,865,000","19,959,000","-8,139,000","-54,733,000","-46,997,000","13,246,000","-23,992,000","-38,747,000","-13,349,000","54,232,000","22,212,000","-32,780,000","-217,853,000","59,050,000","140,755,000","13,933,000","84,613,000","135,413,000","142,011,000","88,874,000","113,860,000","136,065,000","147,691,000","69,917,000","90,643,000","122,216,000","121,547,000","54,351,000","85,632,000","98,962,000","87,796,000","14,995,000","57,328,000","99,149,000","56,024,000","-17,550,000","36,601,000","76,819,000","65,369,000","11,624,000","45,103,000","92,228,000","79,629,000","5,720,000","34,621,000","85,950,000","76,061,000","23,261,000","64,800,000","85,800,000","62,700,000","26,400,000","59,400,000","89,900,000","70,000,000","36,500,000","51,100,000","73,300,000","62,800,000","21,900,000","47,800,000","62,100,000","58,600,000","20,100,000","43,400,000","59,100,000","47,700,000","16,000,000","31,900,000","37,600,000","33,700,000","-5,200,000","20,500,000","36,600,000","31,600,000","-500,000","20,400,000","35,800,000","30,200,000","7,600,000","-1,300,000","30,200,000","25,900,000","-2,200,000","19,800,000","42,100,000","39,700,000","18,700,000","19,600,000","50,500,000","43,600,000","15,700,000",,,,,,,,,,,,,,
BasicEPS,,"1.04","1.32","1.47","1.21","0.86","1.51","1.58","0.45","1.07","1.63","1.49","0.48","0.94","1.35","1.21","0.4","2.47","0.82","0.91","0.34","0.85","1.05","0.93","0.14","0.67","0.93","0.36","-0.3","0.29","0.51","0.35","0.41","0.07","0.32","0.22","-0.42","0.03","0.11","-0.14","-0.4",,"0.15","-0.06","-0.42",,"0.1","-0.19","-0.31",,"0.43","0.2","-0.3",,"0.54","1.28","0.13",,"1.41","1.49","0.93",,"1.42","1.49","0.7",,"1.19","1.19","0.53",,"0.97","0.86","0.15",,"0.97","0.55","-0.17",,"0.75","0.64","0.11",,"0.91","0.79","0.06",,"0.85","0.75","0.23",,"0.85","0.62","0.26",,"0.89","0.69","0.36",,"0.72","0.62","0.21",,"0.6","0.56","0.19",,"0.55","0.44","0.15",,"0.34","0.31","-0.05",,"0.33","0.28","-0.004",,"0.31","0.27","0.07",,"0.26","0.23","-0.02",,"0.36","0.34","0.16",,"0.42","0.36","0.13",,"0.4","0.37","0.13",,"0.3","0.31","0.09",,"0.27","0.24","0.05",,"0.21"
DilutedEPS,,"1.03","1.32","1.46","1.2","0.86","1.5","1.58","0.45","1.06","1.62","1.48","0.48","0.93","1.34","1.19","0.39","2.43","0.81","0.89","0.33","0.83","1.04","0.91","0.14","0.65","0.91","0.36","-0.3","0.28","0.5","0.35","0.41","0.07","0.31","0.22","-0.42","0.03","0.11","-0.14","-0.4",,"0.15","-0.06","-0.42",,"0.1","-0.19","-0.31",,"0.43","0.2","-0.3",,"0.53","1.27","0.13",,"1.38","1.45","0.91",,"1.39","1.45","0.68",,"1.17","1.17","0.52",,"0.96","0.85","0.14",,"0.96","0.55","-0.17",,"0.75","0.64","0.11",,"0.9","0.78","0.06",,"0.84","0.75","0.23",,"0.84","0.61","0.26",,"0.88","0.68","0.36",,"0.71","0.61","0.21",,"0.59","0.55","0.19",,"0.55","0.44","0.15",,"0.34","0.31","-0.05",,"0.33","0.28","-0.004",,"0.31","0.27","0.07",,"0.26","0.23","-0.02",,"0.36","0.34","0.16",,"0.42","0.36","0.13",,"0.4","0.37","0.13",,"0.3","0.31","0.09",,"0.27","0.24","0.05",,"0.21"
BasicAverageShares,,"132,800,000","132,810,000","132,781,000","132,749,000","132,619,000","132,573,000","132,552,000","132,567,000","132,467,000","132,414,000","132,269,000","132,043,000","132,060,000","132,392,000","132,437,000","132,690,000","132,519,000","132,484,000","132,413,000","132,636,000","132,571,000","133,019,000","133,419,000","133,821,000","133,592,000","133,474,000","133,103,000","132,659,000","132,069,000","131,797,000","131,149,000","130,810,000","130,383,000","130,266,000","130,250,000","130,186,000","129,954,000","129,753,000","129,676,000","129,593,000",,"129,493,000","129,446,000","129,078,000",,"128,602,000","128,168,000","126,692,000",,"125,361,000","113,477,000","110,598,000",,"110,114,000","109,922,000","108,644,000",,"95,763,000","95,578,000","95,172,000",,"95,708,000","99,430,000","100,552,000",,"102,320,000","102,259,000","102,935,000",,"102,502,000","102,389,000","102,188,000",,"101,859,000","101,798,000","101,779,000",,"101,749,000","101,706,000","101,614,000",,"101,504,000","101,407,000","101,323,000",,"101,203,000","100,932,000","100,734,000",,"100,941,176","101,129,032","101,538,462",,"101,011,236","101,449,275","101,388,889",,"101,805,556","101,290,323","104,285,714",,"103,500,000","104,642,857","105,789,474",,"107,454,545","108,409,091","106,666,667",,"110,588,235","108,709,677","104,000,000",,"110,909,091","112,857,143","111,697,000",,"115,483,871","111,851,852","108,571,429",,"116,153,846","112,608,696","110,000,000",,"116,944,444","116,764,706","116,875,000",,"120,238,095","121,111,111","120,769,231",,"120,700,000","120,700,000","120,700,000",,"126,703,000","126,703,000","126,703,000",,"131,844,000","134,739,000","135,508,000",,"138,991,000"
DilutedAverageShares,,"133,600,000","133,544,000","133,507,000","133,415,000","133,367,000","133,268,000","133,115,000","133,259,000","133,467,000","133,375,000","133,354,000","133,054,000","133,369,000","133,894,000","134,051,000","134,359,000","134,815,000","134,765,000","134,735,000","134,968,000","135,362,000","135,033,000","135,395,000","135,452,000","135,711,000","135,558,000","135,234,000","132,659,000","133,619,000","133,369,000","132,876,000","132,314,000","131,650,000","131,320,000","131,332,000","130,186,000","131,008,000","130,215,000","129,676,000","129,593,000",,"129,768,000","129,446,000","129,078,000",,"128,602,000","128,168,000","126,692,000",,"125,859,000","113,829,000","110,598,000",,"111,270,000","111,117,000","109,898,000",,"97,888,000","98,157,000","97,778,000",,"97,679,000","101,636,000","102,346,000",,"104,397,000","104,026,000","104,612,000",,"103,659,000","103,454,000","103,425,000",,"102,805,000","102,571,000","102,371,000",,"102,482,000","102,747,000","102,639,000",,"102,608,000","102,652,000","102,253,000",,"102,078,000","102,000,000","101,897,000",,"102,142,857","102,786,885","101,538,462",,"102,159,091","102,941,176","101,388,889",,"103,239,437","102,950,820","104,285,714",,"105,254,237","106,545,455","105,789,474",,"107,454,545","108,409,091","106,666,667",,"110,588,235","108,709,677","104,000,000",,"110,909,091","112,857,143","111,697,000",,"115,483,871","111,851,852","108,571,429",,"116,153,846","112,608,696","110,000,000",,"116,944,444","116,764,706","116,875,000",,"120,238,095","121,111,111","120,769,231",,"120,700,000","120,700,000","120,700,000",,"126,703,000","126,703,000","126,703,000",,"131,844,000","134,739,000","135,508,000",,"138,991,000"
TotalOperatingIncomeAsReported,"1,010,800,000","211,386,000","262,366,000","287,536,000","249,513,000","196,430,000","288,104,000","298,896,000","112,301,000","193,576,000","303,376,000","276,074,000","104,433,000","186,489,000","249,184,000","230,253,000","81,183,000","151,234,000","229,487,000","193,987,000","72,400,000","173,799,000","227,076,000","213,786,000","64,921,000","173,038,000","212,206,000","153,776,000","10,759,000","99,892,000","140,331,000","103,246,000","194,669,000","53,829,000","99,767,000","86,866,000","-50,058,000","55,532,000","55,866,000","19,662,000","-46,279,000","-5,529,000","106,668,000","23,488,000","-61,184,000","-29,412,000","50,432,000","1,210,000","-36,770,000","1,392,000","82,704,000","65,684,000","-1,326,000","-184,429,000","128,303,000","238,469,000","66,758,000","145,737,000","214,301,000","217,233,000","137,146,000","171,640,000","206,718,000","192,556,000","98,621,000","144,576,000","164,906,000","154,687,000","37,768,000","268,204,000","159,133,000","119,654,000","32,559,000","115,978,000","136,457,000","101,182,000","9,408,000","54,689,000","108,109,000","100,289,000","29,577,000","79,504,000","144,146,000","128,335,000","18,437,000","71,852,000","119,738,000","110,643,000","38,254,000","92,300,000","124,600,000","101,200,000","40,000,000","77,800,000","126,300,000","98,100,000","40,400,000","69,400,000","95,100,000","87,800,000","31,500,000","64,100,000","94,500,000","85,400,000","30,400,000","69,700,000","93,300,000","73,400,000","20,200,000","44,700,000","56,600,000","48,700,000","-8,100,000","30,800,000","55,400,000","46,000,000","1,200,000","33,900,000","54,200,000","46,000,000","9,100,000","-5,100,000","46,800,000","41,500,000","1,900,000","27,900,000","65,200,000","63,000,000","27,800,000","31,700,000","78,800,000","66,700,000","23,800,000",,,,,,,,,,,,,,
TotalExpenses,"4,661,500,000","1,394,701,000","1,257,080,000","1,073,722,000","935,996,000","980,369,000","1,023,362,000","1,023,421,000","937,940,000","1,005,346,000","1,115,616,000","1,055,059,000","899,375,000","908,128,000","993,117,000","972,004,000","777,455,000","839,453,000","866,716,000","839,549,000","715,297,000","711,992,000","783,777,000","753,497,000","680,396,000","686,309,000","826,605,000","740,336,000","624,091,000","660,272,000","733,500,000","689,059,000","616,115,000","628,798,000","723,151,000","675,277,000","590,821,000","601,770,000","668,585,000","682,171,000","588,901,000","647,120,000","695,541,000","681,402,000","574,384,000","617,716,000","693,248,000","694,942,000","530,034,000","573,216,000","711,052,000","657,483,000","606,626,000","730,964,000","885,046,000","783,082,000","750,581,000","711,153,000","690,565,000","661,611,000","550,041,000","644,664,000","722,603,000","695,606,000","609,934,000","610,045,000","665,110,000","627,387,000","490,848,000","65,697,000","732,059,000","696,666,000","586,507,000","612,757,000","693,448,000","665,633,000","590,962,000","621,280,000","677,677,000","647,452,000","557,504,000","648,625,000","698,972,000","699,990,000","550,692,000","558,546,000","561,476,000","554,508,000","476,727,000","513,300,000","531,800,000","510,300,000","442,200,000","364,300,000","383,200,000","367,700,000","318,600,000","344,900,000","382,800,000","357,300,000","309,900,000","333,400,000","349,100,000","333,800,000","278,100,000","292,100,000","328,700,000","309,400,000","274,200,000","304,700,000","303,800,000","278,000,000","225,000,000","251,200,000","276,100,000","259,900,000","212,900,000","236,900,000","258,100,000","238,200,000","201,500,000","259,900,000","242,400,000","224,900,000","195,100,000","243,100,000","241,400,000","232,700,000","204,200,000","226,000,000","228,400,000","227,000,000","193,700,000",,,,,,,,,,,,,,
NetIncomeFromContinuingAndDiscontinuedOperation,"670,800,000","138,081,000","176,760,000","195,344,000","160,614,000","114,518,000","199,788,000","209,916,000","60,258,000","141,093,000","215,713,000","197,558,000","63,299,000","124,022,000","179,151,000","159,652,000","52,979,000","327,546,000","108,579,000","120,139,000","44,921,000","137,052,000","139,765,000","123,750,000","18,924,000","88,888,000","123,805,000","48,162,000","-39,678,000","38,021,000","66,939,000","45,967,000","53,995,000","9,082,000","41,363,000","28,772,000","-54,836,000","3,483,000","14,260,000","-18,283,000","-52,053,000","-27,865,000","19,959,000","-8,139,000","-54,733,000","-46,997,000","13,246,000","-23,992,000","-38,747,000","-13,349,000","54,232,000","22,212,000","-32,780,000","-217,853,000","59,050,000","140,755,000","13,933,000","84,613,000","135,413,000","142,011,000","88,874,000","113,860,000","136,065,000","147,691,000","69,917,000","90,643,000","122,216,000","121,547,000","54,351,000","85,632,000","98,962,000","87,796,000","14,995,000","57,328,000","99,149,000","56,024,000","1,261,000","36,601,000","76,819,000","65,369,000","11,624,000","45,103,000","92,228,000","79,629,000","5,720,000","34,621,000","85,950,000","76,061,000","23,261,000","64,800,000","85,800,000","62,700,000","26,400,000","59,400,000","89,900,000","70,000,000","36,500,000","51,100,000","73,300,000","62,800,000","21,900,000","47,800,000","62,100,000","58,600,000","20,100,000","43,400,000","59,100,000","47,700,000","16,000,000","31,900,000","37,600,000","33,700,000","-5,200,000","20,500,000","36,600,000","31,600,000","-500,000","20,400,000","35,800,000","30,200,000","4,600,000","-1,300,000","30,200,000","25,900,000","-2,200,000","19,800,000","42,100,000","39,700,000","18,700,000","19,600,000","50,500,000","43,600,000","15,700,000",,,,,,,,,,,,,,
NormalizedIncome,"581,502,900","138,856,063.224","174,696,440","196,616,475","76,491,045","114,535,724.141","199,897,296","211,156,950","59,167,831","131,628,398.241","217,878,098","195,125,494","57,681,471","118,975,306.775","178,147,136","158,617,200","50,355,280","320,050,800","109,051,856","109,780,170","43,301,600","120,499,263.37","140,889,371","118,961,400","27,130,480","92,154,167.246","125,944,015","50,556,165","-39,238,711","34,956,994.612","67,608,128","45,673,198","-111,895,256","8,548,350","34,707,400","10,697,700","-63,216,014","-34,565,642.384","17,313,600","-21,527,200","-62,952,800","-45,020,500","-2,100,800","-8,986,350","-81,960,999.765","-48,228,190.589","9,217,550","4,286,450","-45,369,700","-13,055,850","46,132,600","13,772,840.789","-31,493,349.808","250,318,902.21","59,818,959.21","85,119,800.994","13,065,035.178","87,986,239.503","142,733,337.136","141,496,514.952","58,746,993.739","95,525,830.44","137,988,042.984","125,347,804.442","63,645,108.154","77,795,608.138","120,400,427.036","102,298,475.02","13,946,476.792","41,783,567.356","97,505,297.487","81,741,234.213","14,049,410.634","71,187,868.693","91,963,361.112","63,928,597.352","-2,058,007.735","33,279,092.336","71,540,347.647","63,848,101.037","11,213,001.082","46,991,478.576","91,534,697.986","76,143,341.061","6,719,013.889","50,908,268.026","78,247,314.958","69,965,118.275","18,964,037.015","58,775,351.351","76,815,347.722","58,368,969.182","18,857,142.857","52,034,672.79","85,835,555.556","65,710,116.732","25,812,154.696","47,520,192.308","67,975,721.393","57,344,915.254","19,763,414.634","44,627,752.64","59,590,259.067","53,336,911.281","18,051,592.357","43,271,216.617","57,442,394.822","45,437,804.878","11,493,877.551","27,342,857.143","36,712,885.662","31,657,575.758","-7,023,376.623","20,863,475.177","36,326,355.14","31,099,547.511","-785,714.286","23,356,521.739","36,008,949.416","29,256,250","4,533,333.333","-2,980,000","30,408,275.862","26,239,005.236","-481,250","17,640,000","41,702,204.724","40,889,018.303","17,771,631.206","20,712,034.384","50,830,065.359","42,942,383.107","14,706,329.114",,,,,,,,,,,,,,
InterestIncome,"1,600,000",,,,,,,,,,,,,,,,,,,,,,,,,,,,,,,,,,,,,,,,,,,,,,,"481,000","489,000","368,000","433,000","687,000","795,000",,,,,,,,,,,,,,,,,,,,,,,,,,,,,,,,,,,,,,,,,,,,,,,,,,,,,,,,,,,,,,,,,,,,,,,,,,,,,,,,,,,,,,,,,,,,,,
InterestExpense,"149,300,000","37,711,000","36,776,000","41,696,000","33,118,000","35,451,000","35,782,000","33,954,000","30,773,000","31,990,000","32,197,000","33,035,000","32,934,000","33,411,000","33,547,000","33,244,000","37,774,000","140,950,000","82,041,000","38,455,000","34,076,000","33,884,000","33,126,000","33,333,000","33,732,000","36,657,000","37,800,000","83,651,000","62,480,000","41,836,000","40,891,000","40,551,000","120,089,000","49,831,000","49,134,000","50,873,000","52,752,000","52,928,000",,"53,687,000","52,266,000",,"50,678,000","70,911,000","42,250,000",,,"44,204,000","43,783,000","43,319,000","43,952,000","44,073,000","43,919,000",,,,,,,,,,,,,,,,,,,,,,,,,,,,,,,,,,,,,,,,,,,,,,,,,,,,,,,,,,,,,,,,,,,,,,,,,,,,,,,,,,,,,,,,,,,,,,
NetInterestIncome,"-147,700,000","-36,111,000","-36,776,000","-41,696,000","-33,118,000","-33,884,000","-35,782,000","-33,954,000","-30,773,000","-30,835,000","-32,197,000","-33,035,000","-32,934,000","-32,857,000","-33,547,000","-33,244,000","-37,774,000","-136,513,000","-82,041,000","-38,455,000","-34,076,000","-33,077,000","-33,126,000","-33,333,000","-33,732,000","-36,312,000","-37,800,000","-83,651,000","-62,480,000","-40,876,000","-40,891,000","-40,551,000","-120,089,000","-48,888,000","-49,134,000","-50,873,000","-52,752,000","-52,929,000","-53,043,000","53,687,000","-52,266,000","-53,345,000","-50,678,000","-70,911,000","-42,250,000","-46,199,000","-47,526,000","-43,723,000","-43,294,000","-42,951,000","-43,519,000","-43,386,000","-43,124,000",,,,,,,,,,,,,,,,,,,,,,,,,,,,,,,,,,,,,,,,,,,,,,,,,,,,,,,,,,,,,,,,,,,,,,,,,,,,,,,,,,,,,,,,,,,,,,
EBIT,"1,023,100,000","206,398,000","265,518,000","295,759,000","255,426,000","176,639,000","293,891,000","306,263,000","102,965,000","198,020,000","303,735,000","278,540,000","107,562,000","187,335,000","254,074,000","233,592,000","86,266,000","155,287,000","231,271,000","195,856,000","74,424,000","175,225,000","228,066,000","213,815,000","64,227,000","173,982,000","209,388,000","153,337,000","11,738,000","99,929,000","139,738,000","105,044,000","197,494,000","57,342,000","102,077,000","87,152,000","-47,685,000","73,427,000","60,276,000","11,965,000","-53,019,000","42,748,000","65,211,000","20,569,000","-87,184,000","24,735,000","49,956,000","458,000","-34,903,000","2,489,000","85,893,000","69,266,000","-1,606,000","68,235,000","128,303,000","238,469,000","66,758,000","145,737,000","214,301,000","217,233,000","137,146,000","171,640,000","206,718,000","192,556,000","98,753,000","144,576,000","164,906,000","154,687,000","37,768,000","63,663,000","159,133,000","119,654,000","30,955,000","115,978,000","136,457,000","101,182,000","9,408,000","54,689,000","108,109,000","100,289,000","29,577,000","79,504,000","144,146,000","128,335,000","18,437,000","71,852,000","119,738,000","110,643,000","38,254,000","92,300,000","124,600,000","101,200,000","40,000,000","77,800,000","126,300,000","98,100,000","40,400,000","69,400,000","95,100,000","87,800,000","31,500,000","64,100,000","94,500,000","85,400,000","30,400,000","69,700,000","93,300,000","73,400,000","20,200,000","44,700,000","56,600,000","48,700,000","-8,100,000","30,800,000","55,400,000","46,000,000","1,200,000","33,900,000","54,200,000","46,000,000","9,100,000","-5,100,000","46,800,000","41,500,000","1,900,000","27,900,000","65,200,000","63,000,000","27,800,000","31,700,000","78,800,000","66,700,000","23,800,000","-577,300,000","298,600,000","284,500,000","202,700,000","-486,500,000","270,100,000","237,900,000","168,900,000","-565,100,000","263,700,000","256,600,000","200,600,000","-616,300,000","274,100,000"
EBITDA,"1,486,100,000"
ReconciledCostOfRevenue,"4,178,800,000","1,254,594,000","1,122,445,000","962,683,000","839,077,000","872,378,000","929,392,000","926,056,000","847,519,000","893,071,000","1,018,115,000","957,180,000","804,836,000","812,763,000","897,055,000","876,967,000","695,140,000","734,199,000","789,199,000","738,988,000","627,349,000","633,269,000","703,931,000","664,641,000","590,010,000","603,356,000","747,170,000","660,694,000","553,428,000","585,367,000","664,537,000","616,355,000","540,328,000","562,899,000","654,585,000","605,838,000","520,507,000","529,225,000","601,938,000","588,197,000","513,924,000","540,272,000","644,972,000","601,131,000","494,306,000","535,493,000","616,457,000","613,817,000","492,370,000","522,103,000","623,712,000","576,025,000","522,687,000","650,009,000","812,503,000","776,325,000","662,889,000","635,807,000","627,474,000","593,611,000","519,992,000","578,997,000","656,033,000","630,426,000","544,892,000","576,009,000","602,760,000","571,699,000","436,383,000","30,610,000","671,069,000","638,592,000","532,994,000","569,205,000","633,223,000","608,748,000","525,697,000","557,577,000","615,217,000","586,011,000","496,780,000","574,913,000","631,270,000","629,446,000","483,618,000","441,290,000","449,356,000","442,608,000","368,660,000","407,900,000","431,100,000","406,900,000","339,000,000","270,700,000","297,500,000","288,100,000","240,700,000","264,200,000","302,100,000","280,200,000","237,400,000","254,400,000","275,800,000","263,500,000","213,000,000","219,700,000","260,900,000","243,300,000","210,000,000","243,000,000","242,900,000","223,600,000","170,400,000","196,900,000","221,000,000","206,700,000","160,600,000","182,500,000","207,400,000","185,200,000","150,500,000","180,800,000","190,400,000","172,200,000","142,200,000","182,900,000","190,700,000","182,000,000","155,600,000","174,800,000","180,000,000","179,600,000","147,600,000",,,,,,,,,,,,,,
ReconciledDepreciation,"463,000,000","142,008,000","117,517,000","103,107,000","100,368,000","100,894,000","100,961,000","99,471,000","95,480,000","95,671,000","96,248,000","93,496,000","89,181,000","89,783,000","89,391,000","85,633,000","81,439,000","66,576,000","79,635,000","76,776,000","71,563,000","60,519,000","72,048,000","71,908,000","69,406,000","58,579,000","69,662,000","68,385,000","66,723,000","59,038,000","71,156,000","68,324,000","69,378,000","65,546,000","78,320,000","76,960,000","75,597,000","70,612,000","84,108,000","84,116,000","85,167,000","88,048,000","90,948,000","92,137,000","90,586,000","92,919,000","97,698,000","97,279,000","94,197,000","96,454,000","99,243,000","99,600,000","99,315,000","97,569,000","98,716,000","96,919,000","95,856,000","80,404,000","66,366,000","63,904,000","60,801,000","59,078,000","57,600,000","54,786,000","53,232,000","57,564,000","55,753,000","54,978,000","52,661,000","54,003,000","63,801,000","63,752,000","63,494,000","68,994,000","71,023,000","69,356,000","67,718,000","69,446,000","68,982,000","66,144,000","63,104,000","68,882,000","72,410,000","69,919,000","66,998,000","67,109,000","57,305,000","54,832,000","53,119,000","54,600,000","52,400,000","51,100,000","49,000,000","35,300,000","38,600,000","32,700,000","31,200,000","32,500,000","30,200,000","29,300,000","28,600,000","29,900,000","29,100,000","27,400,000","26,200,000","28,400,000","28,200,000","27,300,000","26,800,000","26,900,000","27,100,000","25,800,000","26,800,000","27,200,000","25,400,000","25,200,000","25,000,000","26,600,000","25,200,000","25,800,000","25,700,000","27,500,000","27,500,000","27,500,000","27,200,000","27,600,000","25,900,000","25,100,000","24,100,000","24,000,000","24,000,000","23,600,000","22,500,000",,,,,,,,,,,,,,
NetIncomeFromContinuingOperationNetMinorityInterest,"674,100,000","138,679,000","176,972,000","196,780,000","161,670,000","115,915,000","201,125,000","210,957,000","59,998,000","142,596,000","218,066,000","197,907,000","63,935,000","124,280,000","179,864,000","160,302,000","53,395,000","327,969,000","110,150,000","111,749,000","43,523,000","132,516,000","142,878,000","126,282,000","20,731,000","93,559,000","126,202,000","49,819,000","-36,667,000","38,348,000","67,781,000","46,511,000","54,505,000","10,096,000","42,150,000","30,128,000","-61,619,000","4,488,000","15,621,000","-16,985,000","-57,050,000","-25,943,000","22,412,000","-7,102,000","-64,622,000","-46,145,000","10,591,000","-22,515,000","-44,474,000","-12,582,000","47,924,000","15,561,000","-32,255,000","-217,192,000","59,816,000","141,225,000","14,485,000","86,139,000","143,928,000","143,681,000","89,339,000","115,047,000","141,308,000","149,406,000","71,737,000","92,128,000","128,321,000","101,952,000","14,971,000","58,465,000","99,121,000","87,925,000","15,702,000","60,938,000","94,056,000","66,318,000","1,261,000","36,601,000","76,819,000","65,369,000","11,624,000","45,103,000","92,228,000","79,629,000","5,720,000","34,621,000","85,950,000","76,061,000","23,261,000","64,800,000","85,800,000","62,700,000","26,400,000","59,400,000","89,900,000","70,000,000","36,500,000","51,100,000","73,300,000","62,800,000","21,900,000","47,800,000","62,100,000","58,600,000","20,100,000","43,400,000","59,100,000","47,700,000","16,000,000","31,900,000","37,600,000","33,700,000","-5,200,000","20,500,000","36,600,000","31,600,000","-500,000","20,400,000","35,800,000","30,200,000","4,600,000","-1,300,000","30,200,000","25,900,000","-2,200,000","19,800,000","42,100,000","39,700,000","18,700,000","23,700,000","50,500,000","43,600,000","15,700,000",,,,,,,,,,,,,,
TotalUnusualItemsExcludingGoodwill,"120,100,000","-216,000","2,940,000","211,000","117,165,000","1,680,000","1,576,000","-258,000","999,000","12,770,000","234,000","3,451,000","7,297,000","6,570,000","2,104,000","2,106,000","4,164,000","13,197,000","1,488,000","2,773,000","369,000","12,817,000","2,713,000","10,458,000","-9,411,000","2,062,000","351,000","-1,031,000","3,557,000","5,137,000","252,000","1,162,000","236,364,000","2,381,000","9,350,000","23,410,000","2,601,000","44,675,000","-2,604,000","6,988,000","9,838,000","29,350,000","37,712,000","2,899,000","27,382,000","3,355,000","2,113,000","-41,233,000","1,378,000","729,000","2,756,000","2,895,000","-1,075,000","-499,026,000","-4,000","81,329,000","2,090,000","-2,519,000","1,717,000","3,195,000","45,555,000","28,343,000","4,810,000","36,148,000","12,093,000","19,766,000","10,673,000","-502,000","1,556,000","23,671,000","2,476,000","8,286,000","2,409,000","-14,885,000","2,784,000","3,413,000","4,764,000","4,262,000","6,974,000","2,154,000","588,000","-2,698,000","994,000","5,198,000","-1,509,000","-18,902,000","11,253,000","8,954,000","6,423,000","8,600,000","13,100,000","6,500,000","11,400,000","10,800,000","5,900,000","6,300,000","15,900,000","5,100,000","7,300,000","8,200,000","3,200,000","4,400,000","3,900,000","8,200,000","3,200,000","200,000","2,600,000","3,500,000","6,900,000","7,000,000","1,300,000","3,000,000","2,700,000","-500,000","400,000","700,000","400,000","-4,000,000","-300,000","1,400,000","100,000","2,800,000","-300,000","-500,000","-2,500,000","3,000,000","600,000","-1,800,000","1,400,000","4,400,000","-500,000","1,000,000","1,500,000",,,,,,,,,,,,,,
TotalUnusualItems,"120,100,000","-216,000","2,940,000","211,000","117,165,000","1,680,000","1,576,000","-258,000","999,000","12,770,000","234,000","3,451,000","7,297,000","6,570,000","2,104,000","2,106,000","4,164,000","13,197,000","1,488,000","2,773,000","369,000","12,817,000","2,713,000","10,458,000","-9,411,000","2,062,000","351,000","-1,031,000","3,557,000","5,137,000","252,000","1,162,000","236,364,000","2,381,000","9,350,000","23,410,000","2,601,000","44,675,000","-2,604,000","6,988,000","9,838,000","29,350,000","37,712,000","2,899,000","27,382,000","3,355,000","2,113,000","-41,233,000","1,378,000","729,000","2,756,000","2,895,000","-1,075,000","-499,026,000","-4,000","81,329,000","2,090,000","-2,519,000","1,717,000","3,195,000","45,555,000","28,343,000","4,810,000","36,148,000","12,093,000","19,766,000","10,673,000","-502,000","1,556,000","23,671,000","2,476,000","8,286,000","2,409,000","-14,885,000","2,784,000","3,413,000","4,764,000","4,262,000","6,974,000","2,154,000","588,000","-2,698,000","994,000","5,198,000","-1,509,000","-18,902,000","11,253,000","8,954,000","6,423,000","8,600,000","13,100,000","6,500,000","11,400,000","10,800,000","5,900,000","6,300,000","15,900,000","5,100,000","7,300,000","8,200,000","3,200,000","4,400,000","3,900,000","8,200,000","3,200,000","200,000","2,600,000","3,500,000","6,900,000","7,000,000","1,300,000","3,000,000","2,700,000","-500,000","400,000","700,000","400,000","-4,000,000","-300,000","1,400,000","100,000","2,800,000","-300,000","-500,000","-2,500,000","3,000,000","600,000","-1,800,000","1,400,000","4,400,000","-500,000","1,000,000","1,500,000",,,,,,,,,,,,,,
NormalizedEBITDA,"1,366,000,000","348,622,000","380,095,000","398,655,000","238,629,000","275,853,000","393,276,000","405,992,000","197,446,000","280,921,000","399,749,000","368,585,000","189,446,000","270,548,000","341,361,000","317,119,000","163,541,000","208,666,000","309,418,000","269,859,000","145,618,000","222,927,000","297,401,000","275,265,000","143,044,000","230,499,000","278,699,000","222,753,000","74,904,000","153,830,000","210,642,000","172,206,000","30,508,000","120,507,000","171,047,000","140,702,000","25,311,000","99,364,000","146,988,000","89,093,000","22,310,000","101,446,000","118,447,000","109,807,000","-23,980,000","114,299,000","145,541,000","138,970,000","57,916,000","98,214,000","182,380,000","165,971,000","98,784,000","664,830,000","227,023,000","254,059,000","160,524,000","228,660,000","278,950,000","277,942,000","152,392,000","202,375,000","259,508,000","211,194,000","139,892,000","182,374,000","209,986,000","210,167,000","88,873,000","93,995,000","220,458,000","175,120,000","92,040,000","199,857,000","204,696,000","167,125,000","72,362,000","119,873,000","170,117,000","164,279,000","92,093,000","151,084,000","215,562,000","193,056,000","86,944,000","157,863,000","165,790,000","156,521,000","84,950,000","138,300,000","163,900,000","145,800,000","77,600,000","102,300,000","159,000,000","126,400,000","55,700,000","96,800,000","118,000,000","108,900,000","56,900,000","89,600,000","119,700,000","104,600,000","53,400,000","97,900,000","118,900,000","97,200,000","40,100,000","64,600,000","82,400,000","72,000,000","16,000,000","58,500,000","80,400,000","70,500,000","25,800,000","64,500,000","80,100,000","70,400,000","34,700,000","19,600,000","74,600,000","69,500,000","31,600,000","52,500,000","90,500,000","89,900,000","50,500,000","51,300,000","103,300,000","89,300,000","44,800,000","-577,300,000","298,600,000","284,500,000","202,700,000","-486,500,000","270,100,000","237,900,000","168,900,000","-565,100,000","263,700,000","256,600,000","200,600,000","-616,300,000","274,100,000"
TaxRateForCalcs,"0.229","0.18","0.226","0.225","0.273","0.179","0.221","0.225","0.169","0.141","0.197","0.194","0.143","0.193","0.184","0.2","0.27","0.4","0.262","0.29","0.4","0.062","0.267","0.3","0.32","0.319","0.265","0.285","0.277","0.34","0.314","0.279","0.296","0.35","0.204","0.17","0.386","0.126","0.35","0.35","0.4","0.35","0.35","0.35","0.367","0.379","0.35","0.35","0.35","0.35","0.35","0.382","0.291","0.063","0.26","0.31","0.321","0.267","0.304","0.316","0.328","0.311","0.31","0.334","0.331","0.275","0.258","0.31","0.342","0.295","0.347","0.254","0.314","0.311","0.248","0.3","0.303","0.221","0.243","0.294","0.301","0.3","0.303","0.329","0.338","0.138","0.315","0.319","0.331","0.299","0.314","0.334","0.338","0.318","0.311","0.319","0.328","0.298","0.271","0.335","0.332","0.279","0.356","0.358","0.36","0.356","0.362","0.354","0.347","0.349","0.318","0.319","0.325","0.273","0.316","0.285","0.286","0.261","0.304","0.326","0.333","0.4","0.306","0.322","0.313","0.28","0.337","0.339","0.337","0.321","0.34","0.342","0.338",,,,,,,,,,,,,,
TaxEffectOfUnusualItems,"27,502,900","-38,936.776","664,440","47,475","31,986,045","300,724.141","348,296","-58,050","168,831","1,802,398.241","46,098","669,494","1,043,471","1,265,306.775","387,136","421,200","1,124,280","5,278,800","389,856","804,170","147,600","800,263.37","724,371","3,137,400","-3,011,520","657,167.246","93,015","-293,835","985,289","1,745,994.612","79,128","324,198","69,963,744","833,350","1,907,400","3,979,700","1,003,986","5,621,357.616","-911,400","2,445,800","3,935,200","10,272,500","13,199,200","1,014,650","10,043,000.235","1,271,809.411","739,550","-14,431,550","482,300","255,150","964,600","1,106,840.789","-313,349.808","-31,515,097.79","-1,040.79","25,223,800.994","670,035.178","-671,760.497","522,337.136","1,010,514.952","14,962,993.739","8,821,830.44","1,490,042.984","12,089,804.442","4,001,108.154","5,433,608.138","2,752,427.036","-155,524.98","531,476.792","6,989,567.356","860,297.487","2,102,234.213","756,410.634","-4,635,131.307","691,361.112","1,023,597.352","1,444,992.265","940,092.336","1,695,347.647","633,101.037","177,001.082","-809,521.424","300,697.986","1,712,341.061","-509,986.111","-2,614,731.974","3,550,314.958","2,858,118.275","2,126,037.015","2,575,351.351","4,115,347.722","2,168,969.182","3,857,142.857","3,434,672.79","1,835,555.556","2,010,116.732","5,212,154.696","1,520,192.308","1,975,721.393","2,744,915.254","1,063,414.634","1,227,752.64","1,390,259.067","2,936,911.281","1,151,592.357","71,216.617","942,394.822","1,237,804.878","2,393,877.551","2,442,857.143","412,885.662","957,575.758","876,623.377","-136,524.823","126,355.14","199,547.511","114,285.714","-1,043,478.261","-91,050.584","456,250","33,333.333","1,120,000","-91,724.138","-160,994.764","-781,250","840,000","202,204.724","-610,981.697","471,631.206","1,412,034.384","-169,934.641","342,383.107","506,329.114",,,,,,,,,,,,,,