name,ttm,12/31/2021,09/30/2021,06/30/2021,03/31/2021,12/31/2020,09/30/2020,06/30/2020,03/31/2020,12/31/2019,09/30/2019,06/30/2019,03/31/2019,12/31/2018,09/30/2018,06/30/2018,03/31/2018,12/31/2017,09/30/2017,06/30/2017,03/31/2017,12/31/2016,09/30/2016,06/30/2016,03/31/2016,12/31/2015,09/30/2015,06/30/2015,03/31/2015,12/31/2014,09/30/2014,06/30/2014,03/31/2014,12/31/2013,09/30/2013,06/30/2013,03/31/2013,12/31/2012,09/30/2012,06/30/2012,03/31/2012,12/31/2011,09/30/2011,06/30/2011,03/31/2011,12/31/2010,09/30/2010,06/30/2010,03/31/2010,12/31/2009,09/30/2009,06/30/2009,03/31/2009,12/31/2008,09/30/2008,06/30/2008,03/31/2008,12/31/2007,09/30/2007,06/30/2007,03/31/2007,12/31/2006,09/30/2006,06/30/2006,03/31/2006,12/31/2005,09/30/2005,06/30/2005,03/31/2005,12/31/2004,09/30/2004,06/30/2004,03/31/2004,12/31/2003,09/30/2003,06/30/2003,03/31/2003,12/31/2002,09/30/2002,06/30/2002,03/31/2002,12/31/2001,09/30/2001,06/30/2001,03/31/2001,12/31/2000,09/30/2000,06/30/2000,03/31/2000,12/31/1999,09/30/1999,06/30/1999,03/31/1999,12/31/1998,09/30/1998,06/30/1998,03/31/1998,12/31/1997,09/30/1997,06/30/1997,03/31/1997,12/31/1996,09/30/1996,06/30/1996,03/31/1996,12/31/1995,09/30/1995,06/30/1995,03/31/1995,12/31/1994,09/30/1994,06/30/1994,03/31/1994,12/31/1993,09/30/1993,06/30/1993,03/31/1993,12/31/1992,09/30/1992,06/30/1992,03/31/1992,12/31/1991,09/30/1991,06/30/1991,03/31/1991,10/31/1990,07/31/1990,04/30/1990,01/31/1990,10/31/1989,07/31/1989,04/30/1989,01/31/1989,10/31/1988,07/31/1988,04/30/1988,01/31/1988,10/31/1987,07/31/1987,04/30/1987,01/31/1987,10/31/1986,07/31/1986,04/30/1986,01/31/1986,10/31/1985
TotalRevenue,"1,589,210,000","421,080,000","409,212,000","378,941,000","379,977,000","376,431,000","363,962,000","343,026,000","444,532,000","460,968,000","465,961,000","463,103,000","534,668,000","543,417,000","542,048,000","541,818,000","536,437,000","536,226,000","528,755,000","626,039,000","620,848,000","638,260,000","633,197,000","621,708,000","613,037,000","651,581,000","627,596,000","616,288,000","606,802,000","638,238,000","670,909,000","666,606,000","660,618,000","674,531,000","683,380,000","685,858,000","721,016,000","687,970,000","710,977,000","700,591,000","727,466,000","741,815,000","727,343,000","730,151,000","737,111,000","680,259,000","707,032,000","696,105,000","696,331,000","719,003,000","671,219,000","678,385,000","682,014,000","696,259,000","677,145,000","674,365,000","652,521,000","591,558,000","853,036,000","793,457,000","737,056,000","723,252,000","678,474,000","663,032,000","647,601,000","697,219,000","656,955,000","594,785,000","597,478,000","497,308,000","416,850,000","400,054,000","393,050,000","377,035,000","383,842,000","374,536,000","377,005,000","374,291,000","361,208,000","353,247,000","346,324,000","240,717,000","250,265,000","246,075,000","242,610,000","193,928,000","215,655,000","198,745,000","195,279,000","150,193,000","182,821,000","166,188,000","163,564,000","94,994,000","140,672,000","128,523,000","90,211,000","60,773,000","61,868,000","50,662,000","29,297,000","30,382,000","29,063,000","29,245,000","28,610,000","22,898,000","26,630,000","27,056,000","26,216,000","40,500,000","16,200,000","15,800,000","15,600,000","13,400,000","11,900,000","11,700,000","11,000,000","11,200,000","9,400,000","10,200,000","9,900,000","9,700,000","11,300,000","9,100,000","10,400,000",,,,,,,,,,,,,,,,,,,,,
	OperatingRevenue,"1,589,210,000","421,080,000","409,212,000","378,941,000","379,977,000","351,067,000","363,962,000","343,026,000","444,532,000","460,968,000","465,961,000","458,369,000","531,899,000","473,960,000","471,523,000","478,973,000","536,437,000","719,275,000","461,812,000","556,939,000","544,617,000","854,005,000","553,580,000","553,775,000","544,842,000","877,208,000","550,462,000","543,751,000","530,846,000","911,184,000","576,759,000","581,888,000","566,381,000","937,542,000","590,634,000","600,604,000","635,207,000","912,257,000","630,480,000","621,758,000","645,859,000","657,252,000","633,290,000","647,826,000","646,152,000","598,647,000","609,197,000","608,025,000","603,410,000","627,955,000","581,689,000","594,909,000","583,880,000","607,792,000","579,233,000","589,467,000","565,044,000","830,868,000","763,554,000","716,087,000","664,523,000","653,027,000","609,875,000","602,112,000","585,868,000","642,695,000","603,094,000","544,420,000","547,132,000","448,064,000","368,057,000","355,356,000","344,726,000","268,854,000","337,386,000","330,478,000","332,438,000","326,759,000","310,515,000","309,869,000","301,760,000","351,156,000","211,541,000","212,252,000","204,718,000","290,868,000","178,159,000","168,575,000","166,005,000","229,285,000","153,598,000","141,724,000","138,159,000","154,476,000","118,197,000","109,362,000","72,365,000","89,247,000","49,882,000","41,004,000","22,467,000","52,216,000","21,927,000","21,820,000","21,337,000","43,410,000","20,406,000","20,012,000","18,972,000","40,500,000","16,200,000","15,800,000","15,600,000","13,400,000","11,900,000","11,700,000","11,000,000","11,200,000","9,400,000","10,200,000","9,900,000","9,700,000","11,300,000","9,100,000","10,400,000",,,,,,,,,,,,,,,,,,,,,
CostOfRevenue,"797,315,000","202,717,000","212,699,000","190,920,000","190,979,000","188,989,000","195,645,000","174,425,000","230,007,000","223,975,000","226,359,000","220,752,000","246,895,000","254,320,000","235,575,000","235,981,000","237,602,000","225,011,000","225,226,000","256,687,000","260,907,000","262,023,000","260,826,000","245,138,000","256,349,000","257,505,000","256,561,000","242,690,000","254,493,000","262,248,000","268,450,000","261,453,000","273,391,000","273,312,000","267,661,000","276,231,000","271,943,000","307,193,000","334,918,000","305,905,000","329,587,000","294,518,000","319,078,000","303,092,000","329,051,000","270,950,000","281,548,000","267,925,000","279,055,000","273,224,000","265,952,000","270,297,000","279,376,000","276,207,000","276,302,000","256,358,000","262,605,000",,"431,339,000","392,757,000","370,966,000","366,922,000","347,742,000","319,851,000","332,129,000","370,505,000","353,376,000","283,886,000","296,917,000","220,034,000","161,132,000","144,258,000","154,366,000","142,935,000","150,965,000","141,635,000","151,965,000","142,646,000","145,237,000","126,267,000","127,446,000",,"102,222,000","96,831,000","100,383,000",,"82,700,000","74,366,000","76,305,000",,"74,644,000","65,925,000","65,037,000",,"58,607,000","51,454,000","34,153,000",,"21,899,000","18,151,000","8,507,000",,"8,885,000","9,145,000","8,914,000",,"8,095,000","7,427,000","7,560,000",,,,,,,,,,,,,,,,,,,,,,,,,,,,,,,,,,,,,
GrossProfit,"791,895,000","218,363,000","196,513,000","188,021,000","188,998,000","187,442,000","168,317,000","168,601,000","214,525,000","236,993,000","239,602,000","242,351,000","287,773,000","289,097,000","306,473,000","305,837,000","298,835,000","311,215,000","303,529,000","369,352,000","359,941,000","376,237,000","372,371,000","376,570,000","356,688,000","394,076,000","371,035,000","373,598,000","352,309,000","375,990,000","402,459,000","405,153,000","387,227,000","401,219,000","415,719,000","409,627,000","449,073,000","380,777,000","376,059,000","394,686,000","397,879,000","447,297,000","408,265,000","427,059,000","408,060,000","409,309,000","425,484,000","428,180,000","417,276,000","445,779,000","405,267,000","408,088,000","402,638,000","420,052,000","400,843,000","418,007,000","389,916,000",,"421,697,000","400,700,000","366,090,000","356,330,000","330,732,000","343,181,000","315,472,000","326,714,000","303,579,000","310,899,000","300,561,000","277,274,000","255,718,000","255,796,000","238,684,000","234,100,000","232,877,000","232,901,000","225,040,000","231,645,000","215,971,000","226,980,000","218,878,000",,"148,043,000","149,244,000","142,227,000",,"132,955,000","124,379,000","118,974,000",,"108,177,000","100,263,000","98,527,000",,"82,065,000","77,069,000","56,058,000",,"39,969,000","32,511,000","20,790,000",,"20,178,000","20,100,000","19,696,000",,"18,535,000","19,629,000","18,656,000",,,,,,,,,,,,,,,,,,,,,,,,,,,,,,,,,,,,,
OperatingExpense,"546,892,000","160,553,000","126,420,000","120,379,000","139,540,000","168,338,000","139,420,000","133,927,000","152,888,000","132,717,000","129,674,000","151,907,000","174,729,000","145,803,000","145,146,000","146,273,000","152,319,000","151,004,000","141,233,000","179,485,000","195,469,000","186,390,000","179,410,000","186,877,000","191,661,000","181,422,000","178,077,000","176,146,000","182,614,000","174,013,000","174,755,000","173,593,000","199,809,000","184,205,000","172,329,000","189,809,000","196,936,000","181,589,000","173,077,000","179,363,000","195,327,000","214,380,000","180,526,000","182,149,000","191,230,000","184,216,000","191,312,000","184,847,000","184,554,000","191,965,000","182,187,000","186,949,000","211,188,000","184,026,000","186,200,000","181,233,000","180,893,000",,"198,743,000","192,012,000","161,869,000","176,536,000","154,611,000","151,443,000","136,473,000","138,893,000","130,758,000","129,469,000","118,806,000","122,467,000","89,755,000","88,445,000","87,465,000","92,463,000","84,792,000","81,410,000","80,057,000","59,919,000","86,238,000","80,197,000","77,930,000",,"44,318,000","52,501,000","46,113,000",,"38,330,000","35,457,000","33,450,000",,"29,160,000","29,754,000","28,920,000",,"22,985,000","22,099,000","15,313,000",,"16,470,000","14,764,000","11,211,000",,"4,467,000","4,373,000","4,181,000",,"4,076,000","4,860,000","4,321,000",,,,,,,,,,,,,,,,,,,,,,,,,,,,,,,,,,,,,
	SellingGeneralAndAdministration,"134,545,000","34,204,000","25,553,000","30,602,000","44,186,000","61,254,000","32,407,000","35,014,000","52,834,000","39,791,000","33,237,000","38,872,000","58,020,000","32,934,000","31,977,000","34,427,000","43,633,000","36,838,000","36,261,000","42,470,000","56,658,000","44,569,000","40,442,000","45,564,000","48,704,000","41,469,000","36,157,000","39,189,000","58,492,000","44,651,000","44,547,000","44,568,000","52,158,000","53,945,000","48,250,000","54,323,000","54,582,000","50,752,000","48,742,000","46,834,000","55,890,000","54,415,000","46,452,000","50,251,000","59,003,000","59,356,000","56,557,000","49,582,000","48,730,000","51,307,000","51,684,000","49,632,000","79,069,000","44,862,000","49,495,000","50,285,000","49,388,000","61,278,000","58,366,000","59,555,000","53,063,000","70,611,000","52,318,000","52,563,000","45,867,000","48,387,000","48,107,000","45,805,000","40,700,000","54,566,000","29,774,000","30,033,000","30,845,000","35,763,000","31,970,000","27,436,000","27,474,000","3,255,000","34,227,000","30,634,000","30,342,000","20,866,000","15,043,000","22,415,000","14,248,000","13,640,000","13,304,000","10,770,000","10,197,000","12,681,000","7,722,000","10,169,000","9,628,000","9,808,000","6,775,000","7,070,000","4,947,000","-13,355,000","9,709,000","9,152,000","8,094,000","1,311,000","1,381,000","1,319,000","1,189,000","1,682,000","1,181,000","2,134,000","1,703,000","2,900,000","1,200,000","1,300,000","1,200,000","1,200,000","700,000","1,200,000","1,200,000","1,000,000","1,100,000","1,200,000","1,000,000","1,500,000","1,200,000","1,200,000","900,000",,,,,,,,,,,,,,,,,,,,,
		GeneralAndAdministrativeExpense,"134,545,000","34,204,000","25,553,000","30,602,000","44,186,000","61,254,000","32,407,000","35,014,000","52,834,000","39,791,000","33,237,000","38,872,000","58,020,000","32,934,000","31,977,000","34,427,000","43,633,000","36,838,000","36,261,000","42,470,000","56,658,000","44,569,000","40,442,000","45,564,000","48,704,000","41,469,000","36,157,000","39,189,000","58,492,000","44,651,000","44,547,000","44,568,000","52,158,000","53,945,000","48,250,000","54,323,000","54,582,000","50,752,000","48,742,000","46,834,000","55,890,000","54,415,000","46,452,000","50,251,000","59,003,000","59,356,000","56,557,000","49,582,000","48,730,000","51,307,000","51,684,000","49,632,000","79,069,000","44,862,000","49,495,000","50,285,000","49,388,000","61,278,000","58,366,000","59,555,000","53,063,000","70,611,000","52,318,000","52,563,000","45,867,000","48,387,000","48,107,000","45,805,000","40,700,000","54,566,000","29,774,000","30,033,000","30,845,000","35,763,000","31,970,000","27,436,000","27,474,000","3,255,000","34,227,000","30,634,000","30,342,000","20,866,000","15,043,000","22,415,000","14,248,000","13,640,000","13,304,000","10,770,000","10,197,000","12,681,000","7,722,000","10,169,000","9,628,000","9,808,000","6,775,000","7,070,000","4,947,000","-13,355,000","9,709,000","9,152,000","8,094,000","1,311,000","1,381,000","1,319,000","1,189,000","1,682,000","1,181,000","2,134,000","1,703,000","2,900,000","1,200,000","1,300,000","1,200,000","1,200,000","700,000","1,200,000","1,200,000","1,000,000","1,100,000","1,200,000","1,000,000","1,500,000","1,200,000","1,200,000","900,000",,,,,,,,,,,,,,,,,,,,,
			SalariesAndWages,,,,,,,"0","0","0","0","0","0","0","0","0","0","0",,,,,,,,,,,,,,,,,,,,,,,,,,,,,,,,,,,,,,"49,495,000","50,285,000","49,388,000","61,278,000","58,366,000","59,555,000","53,063,000","70,611,000","52,318,000","52,563,000","45,867,000","48,387,000","48,107,000","45,805,000","40,700,000","54,566,000","29,774,000","30,033,000","30,845,000","0","0","0","0","6,875,000","6,875,000","6,875,000","6,875,000","20,866,000","15,043,000","22,415,000","14,248,000","13,640,000","13,304,000","10,770,000","10,197,000","12,700,000","7,700,000","10,200,000","9,600,000","9,800,000","6,800,000","7,100,000","0","-5,147,000","6,249,000","6,249,000","6,249,000","1,300,000","1,400,000","1,300,000","1,200,000","1,700,000","1,200,000","2,100,000","1,700,000","2,900,000","1,200,000","1,300,000","1,200,000","1,200,000","700,000","1,200,000","1,200,000","1,000,000","1,100,000","1,200,000","1,000,000","1,500,000","1,200,000","1,200,000","900,000",,,,,,,,,,,,,,,,,,,,,
			OtherGandA,"134,545,000","34,204,000","25,553,000","30,602,000","44,186,000","61,254,000","32,407,000","35,014,000","52,834,000","39,791,000","33,237,000","38,872,000","58,020,000","32,934,000","31,977,000","34,427,000","43,633,000","36,838,000","36,261,000","42,470,000","56,658,000","44,569,000","40,442,000","45,564,000","48,704,000","41,469,000","36,157,000","39,189,000","58,492,000","44,651,000","44,547,000","44,568,000","52,158,000","53,945,000","48,250,000","54,323,000","54,582,000","50,752,000","48,742,000","46,834,000","55,890,000","54,415,000","46,452,000","50,251,000","59,003,000","59,356,000","56,557,000","49,582,000","48,730,000","51,307,000","51,684,000","49,632,000","79,069,000","44,862,000","49,495,000","50,285,000","49,388,000",,"58,366,000","59,555,000","53,063,000","70,611,000","52,318,000","52,563,000","45,867,000","48,387,000","48,107,000","45,805,000","40,700,000","54,566,000","29,774,000","30,033,000","30,845,000","35,763,000","31,970,000","27,436,000","27,474,000","23,880,000","27,352,000","23,759,000","23,467,000",,"15,043,000","22,415,000","14,248,000",,"13,304,000","10,770,000","10,197,000",,"7,722,000","10,169,000","9,628,000",,"6,775,000","7,070,000","4,947,000",,"3,460,000","2,903,000","1,845,000",,"1,381,000","1,319,000","1,189,000",,"1,181,000","2,134,000","1,703,000",,,,,,,,,,,,,,,,,,,,,,,,,,,,,,,,,,,,,
	ResearchAndDevelopment,,,,,,,,,,,,,,,,,,,,,,,,,,,,,,"0","0","0","0","2,446,000","3,239,000","15,151,000","11,374,000",,,,,,,,,,,,,,,,,,,,,,,,,,,,,,,,,,,,,,,,,,,,,,,,,,,,,,,,,,,,,,,,,,,,,,,,,,,,,,,,,,,,,,,,,,,,,,,,,,,,,,,,,,,,,
	DepreciationAmortizationDepletionIncomeStatement,"412,347,000","126,349,000","100,867,000","89,777,000","95,354,000","107,084,000","107,013,000","92,805,000","92,793,000","92,926,000","96,437,000","113,035,000","116,709,000","112,869,000","113,169,000","111,846,000","108,686,000","114,166,000","104,972,000","137,015,000","138,811,000","141,821,000","138,968,000","141,313,000","142,957,000","139,953,000","141,920,000","136,957,000","124,122,000","129,362,000","130,208,000","129,025,000","147,651,000","130,260,000","124,079,000","135,486,000","142,354,000","130,837,000","124,335,000","132,529,000","139,437,000","159,965,000","134,074,000","131,898,000","132,227,000","124,860,000","134,755,000","135,265,000","135,824,000","140,658,000","130,503,000","137,317,000","132,119,000","139,164,000","136,705,000","130,948,000","131,505,000",,"140,377,000","132,457,000","108,806,000","105,925,000","102,293,000","98,880,000","90,606,000","90,506,000","82,651,000","83,664,000","78,106,000","67,901,000","59,981,000","58,412,000","56,620,000","56,700,000","52,822,000","53,974,000","52,583,000","56,664,000","52,011,000","49,563,000","47,588,000",,"29,275,000","30,086,000","31,865,000",,"25,026,000","24,687,000","23,253,000",,"21,438,000","19,585,000","19,292,000",,"16,210,000","15,029,000","10,366,000",,"6,761,000","5,612,000","3,117,000",,"3,086,000","3,054,000","2,992,000",,"2,895,000","2,726,000","2,618,000",,,,,,,,,,,,,,,,,,,,,,,,,,,,,,,,,,,,,
		DepreciationAndAmortizationInIncomeStatement,"412,347,000","126,349,000","100,867,000","89,777,000","95,354,000","107,084,000","107,013,000","92,805,000","92,793,000","92,926,000","96,437,000","113,035,000","116,709,000","112,869,000","113,169,000","111,846,000","108,686,000","114,166,000","104,972,000","137,015,000","138,811,000","141,821,000","138,968,000","141,313,000","142,957,000","139,953,000","141,920,000","136,957,000","124,122,000","129,362,000","130,208,000","129,025,000","147,651,000","130,260,000","124,079,000","135,486,000","142,354,000","130,837,000","124,335,000","132,529,000","139,437,000","159,965,000","134,074,000","131,898,000","132,227,000","124,860,000","134,755,000","135,265,000","135,824,000","140,658,000","130,503,000","137,317,000","132,119,000","139,164,000","136,705,000","130,948,000","131,505,000",,"140,377,000","132,457,000","108,806,000","105,925,000","102,293,000","98,880,000","90,606,000","90,506,000","82,651,000","83,664,000","78,106,000","67,901,000","59,981,000","58,412,000","56,620,000","56,700,000","52,822,000","53,974,000","52,583,000","56,664,000","52,011,000","49,563,000","47,588,000",,"29,275,000","30,086,000","31,865,000",,"25,026,000","24,687,000","23,253,000",,"21,438,000","19,585,000","19,292,000",,"16,210,000","15,029,000","10,366,000",,"6,761,000","5,612,000","3,117,000",,"3,086,000","3,054,000","2,992,000",,"2,895,000","2,726,000","2,618,000",,,,,,,,,,,,,,,,,,,,,,,,,,,,,,,,,,,,,
			DepreciationIncomeStatement,,,,,,,,,,,,,,,,,,,,,,,,,,,,,,,,,,,,,,,,,,,,,,,,,,,,,,,,,,,,,,,,,,,,,,,,,,,,,,,,,,,,,,,,,,,,,,,,,,,"6,761,000","5,612,000","3,117,000",,"3,086,000","3,054,000","2,992,000",,"2,895,000","2,726,000","2,618,000",,,,,,,,,,,,,,,,,,,,,,,,,,,,,,,,,,,,,
	ProvisionForDoubtfulAccounts,"0","0","0","0","0","0","0","6,108,000","7,261,000",,,,,,,,,,,,,,,,,,,,,,,,,,,,,,,,,,,,,,,,,,,,,,,,,,,,,,,,,,,,,,,,,,,,,,,,,,,,,,,,,,,,,,,,,,,,,,,,,,,,,,,,,,,,,,,,,,,,,,,,,,,,,,,,,,,,,,,,,
	OtherOperatingExpenses,,,,,,,,"174,425,000","230,007,000","223,975,000","226,359,000","220,752,000","246,895,000","254,320,000","235,575,000","235,981,000","237,602,000","225,011,000","225,226,000","256,687,000","260,907,000","262,023,000","260,826,000","245,138,000","256,349,000","257,505,000","256,561,000","242,690,000","254,493,000","262,248,000","268,450,000","261,453,000","273,391,000","270,866,000","264,422,000","261,080,000","260,569,000","257,701,000","264,487,000","251,970,000","276,826,000","250,331,000","285,659,000","273,152,000","290,773,000","270,950,000","281,548,000","267,925,000","279,055,000","273,224,000","265,952,000","270,297,000","279,376,000","276,207,000","276,302,000","256,358,000","262,605,000",,"431,339,000","392,757,000","370,966,000","366,922,000","347,742,000","319,851,000","332,129,000","370,505,000","353,376,000","283,886,000","296,917,000","220,034,000","161,132,000","144,258,000","154,366,000","142,935,000","150,965,000","141,635,000","151,965,000","142,646,000","145,237,000","126,267,000","127,446,000",,"102,222,000","96,831,000","100,383,000",,"82,700,000","74,366,000","76,305,000",,"74,644,000","65,925,000","65,037,000",,"58,607,000","51,454,000","34,153,000",,"21,899,000","18,151,000","8,507,000",,"8,885,000","9,145,000","8,914,000",,"8,095,000","7,427,000","7,560,000",,,,,,,,,,,,,,,,,,,,,,,,,,,,,,,,,,,,,
OperatingIncome,"245,003,000","57,810,000","70,093,000","67,642,000","49,458,000","19,104,000","28,897,000","34,674,000","61,637,000","104,276,000","109,928,000","90,444,000","113,044,000","143,294,000","161,327,000","159,564,000","146,516,000","160,211,000","162,296,000","189,867,000","164,472,000","189,847,000","192,961,000","189,693,000","165,027,000","212,654,000","192,958,000","197,452,000","169,695,000","201,977,000","227,704,000","231,560,000","187,418,000","217,014,000","243,390,000","219,818,000","252,137,000","199,188,000","202,982,000","215,323,000","202,552,000","232,917,000","227,739,000","244,910,000","216,830,000","225,093,000","234,172,000","243,333,000","232,722,000","253,814,000","223,080,000","221,139,000","191,450,000","236,026,000","214,643,000","236,774,000","209,023,000",,"222,954,000","208,688,000","204,221,000","179,794,000","176,121,000","191,738,000","178,999,000","187,821,000","172,821,000","181,430,000","181,755,000","154,807,000","165,963,000","167,351,000","151,219,000","141,637,000","148,085,000","151,491,000","144,983,000","171,726,000","129,733,000","146,783,000","140,948,000",,"103,725,000","96,743,000","96,114,000",,"94,625,000","88,922,000","85,524,000",,"79,017,000","70,509,000","69,607,000",,"59,080,000","54,970,000","40,745,000",,"23,499,000","17,747,000","9,579,000",,"15,711,000","15,727,000","15,515,000",,"14,459,000","14,769,000","14,335,000",,,,,,,,,,,,,,,,,,,,,,,,,,,,,,,,,,,,,
NetNonOperatingInterestIncomeExpense,"-228,295,000","-77,277,000","-50,318,000","-51,258,000","-49,442,000","-53,983,000","-56,544,000","-56,097,000","-53,450,000","-53,575,000","-55,784,000","-58,768,000","-98,790,000","-78,372,000","-82,641,000","-81,452,000","-87,423,000","-92,320,000","-84,314,000","-94,695,000","-93,542,000","-96,604,000","-97,611,000","-104,828,000","-99,741,000","-97,657,000","-94,190,000","-90,957,000","-90,000,000","-125,706,000","-114,716,000","-116,315,000","-107,058,000","-115,350,000","-115,104,000","-116,822,000","-116,811,000","-117,767,000","-117,918,000","-125,262,000","-132,318,000","-130,629,000","-133,230,000","-134,119,000","-132,121,000","-108,731,000","-149,737,000","-154,462,000","-137,020,000","-57,616,000","-137,719,000","-257,231,000","-137,707,000","-190,041,000","-138,401,000","-126,523,000","-134,075,000",,"-108,983,000","-35,666,000","-92,534,000","-12,318,000","-17,651,000","-104,199,000","-81,616,000","-59,282,000","-124,051,000","-13,692,000","23,738,000","102,349,000","-43,350,000","-47,512,000","-49,460,000","-47,215,000","-54,231,000","-54,857,000","-47,957,000","-54,333,000","-54,947,000","-50,185,000","-48,375,000",,"-28,470,000","-28,120,000","-35,922,000",,"-34,987,000","-34,396,000","-33,588,000",,"-30,863,000","-30,384,000","-32,159,000",,"-28,804,000","-21,408,000","-12,257,000",,"-6,334,000","-2,790,000","-332,000",,"-1,111,000","-977,000","-956,000",,"-745,000","-922,000","-2,215,000",,,,,,,,,,,,,,,,,,,,,,,,,,,,,,,,,,,,,
	InterestIncomeNonOperating,"2,801,000","915,000","628,000","636,000","622,000","650,000","827,000","2,308,000","5,392,000","6,108,000","5,664,000","4,261,000","3,673,000","4,803,000","6,310,000","6,205,000","743,000","753,000","754,000","2,102,000","743,000","1,640,000","754,000","748,000","748,000","1,258,000","1,154,000","1,135,000","1,674,000","396,000","404,000","736,000","2,384,000","4,712,000","4,766,000","4,940,000","5,077,000","4,994,000","2,852,000","3,165,000","2,851,000","4,854,000","3,442,000","3,083,000","2,644,000","2,659,000","2,620,000","2,325,000","2,715,000","101,639,000","20,486,000","-97,706,000","14,059,000","-50,217,000","9,638,000","23,793,000","14,104,000",,"56,906,000","120,513,000","54,479,000","124,994,000","98,096,000","16,623,000","22,476,000","31,764,000","-35,660,000","69,923,000","101,198,000","167,328,000","17,813,000","9,609,000","9,245,000","9,178,000","2,800,000","3,628,000","9,796,000","5,701,000","6,407,000","9,934,000","9,643,000",,"14,584,000","15,874,000","13,473,000",,"7,571,000","4,939,000","5,759,000",,"4,222,000","4,900,000","3,458,000",,"5,230,000","5,271,000","7,566,000",,"7,288,000","10,482,000","3,746,000",,"3,097,000","3,215,000","3,267,000",,"3,177,000","3,465,000","1,970,000",,,,,,,,,,,,,,,,,,,,,,,,,,,,,,,,,,,,,
	InterestExpenseNonOperating,"210,849,000","71,696,000","46,289,000","47,480,000","45,384,000","49,647,000","52,465,000","54,099,000","54,580,000","55,403,000","56,298,000","56,793,000","94,322,000","75,682,000","80,603,000","79,623,000","80,062,000","83,530,000","77,091,000","88,444,000","85,304,000","89,842,000","89,826,000","97,068,000","91,224,000","89,571,000","87,480,000","84,595,000","84,218,000","99,410,000","107,828,000","108,924,000","104,630,000","109,658,000","114,890,000","116,929,000","116,466,000","115,870,000","115,045,000","122,572,000","129,302,000","129,450,000","131,844,000","131,967,000","130,132,000","107,017,000","147,157,000","152,244,000","135,309,000","90,678,000","133,369,000","252,918,000","133,648,000","185,715,000","134,144,000","121,842,000","134,075,000",,"105,277,000","31,821,000","88,384,000","12,318,000","17,651,000","104,199,000","81,616,000","47,468,000","124,051,000","13,692,000","-26,759,000","-109,421,000","43,350,000","47,512,000","49,460,000","47,215,000","54,231,000","54,857,000","47,957,000","28,349,000","61,354,000","60,119,000","58,018,000",,"28,470,000","28,120,000","49,395,000",,"42,558,000","39,335,000","39,347,000",,"35,085,000","35,284,000","32,159,000",,"34,034,000","26,679,000","19,823,000",,"13,622,000","13,272,000","4,078,000",,"4,208,000","4,192,000","4,223,000",,"3,922,000","4,387,000","4,185,000",,,,,,,,,,,,,,,,,,,,,,,,,,,,,,,,,,,,,
	TotalOtherFinanceCost,"20,247,000","6,496,000","4,657,000","4,414,000","4,680,000","4,986,000","4,906,000","4,306,000","4,262,000","4,280,000","5,150,000","6,236,000","8,141,000","7,493,000","8,348,000","8,034,000","8,104,000","9,543,000","7,977,000","8,353,000","8,981,000","8,402,000","8,539,000","8,508,000","9,265,000","9,344,000","7,864,000","7,497,000","7,456,000","26,692,000","7,292,000","8,127,000","4,812,000","10,404,000","4,980,000","4,833,000","5,422,000","6,891,000","5,725,000","5,855,000","5,867,000","6,033,000","4,828,000","5,235,000","4,633,000","4,373,000","5,200,000","4,543,000","4,426,000","4,969,000","4,350,000","4,313,000","4,059,000","4,326,000","4,257,000","4,681,000",,,"3,706,000","3,845,000","4,150,000",,,,,,,,"3,021,000",,,,,,,,,,,,,,,,,,,,,,,,,,,,,,,,,,,,,,,,,,,,,,,,,,,,,,,,,,,,,,,,,,,,,,,,,,,,,
OtherIncomeExpense,"180,349,000","61,485,000","26,614,000","63,289,000","28,961,000","-175,648,000","120,164,000","-194,092,000","-99,877,000","132,817,000","333,598,000","2,591,871,000","228,670,000","65,311,000","142,358,000","27,010,000","-56,994,000","23,048,000","-39,618,000","51,401,000","2,694,000","608,796,000","7,150,000","183,151,000","-154,779,000","166,113,000","104,865,000","21,607,000","30,681,000","49,316,000","1,255,000","51,889,000","17,487,000","-287,235,000","-12,564,000","18,212,000","-52,387,000","-43,633,000","24,793,000","-36,366,000","160,411,000","838,000","-24,825,000","25,642,000","233,179,000","192,587,000","37,196,000","-6,721,000","142,456,000","-337,313,000","32,429,000","1,174,000","107,737,000","-259,247,000","-17,490,000","-6,578,000","56,061,000",,"10,322,000","18,175,000","77,270,000","-30,374,000","-10,709,000","81,566,000","55,490,000","9,920,000","20,551,000","20,755,000","38,699,000","32,941,000","9,478,000","16,481,000","11,361,000","19,152,000","13,137,000","22,853,000","30,676,000","-31,700,000","23,749,000","9,332,000","20,885,000",,"29,793,000","25,838,000","26,571,000",,"36,519,000","27,139,000","29,217,000",,"21,274,000","23,764,000","20,595,000",,"18,504,000","7,246,000","5,576,000",,"961,000","931,000","443,000",,"339,000","370,000","1,363,000",,"-147,000","-662,000","-283,000",,,,,,,,,,,,,,,,,,,,,,,,,,,,,,,,,,,,,
	GainOnSaleOfSecurity,"12,877,000","5,962,000","-61,000","6,245,000","731,000","-80,000","-12,921,000","-27,135,000","-187,498,000","-90,521,000","-429,000","-12,224,000","1,205,000","-48,405,000","-3,607,000","-4,289,000","-33,934,000","14,129,000","2,244,000","11,596,000","8,753,000","-44,708,000","6,831,000","25,877,000","14,054,000","28,061,000","3,671,000","30,899,000","33,207,000","30,077,000","31,358,000","108,809,000","27,657,000","32,473,000","7,872,000","55,946,000","-37,587,000","-216,591,000","13,180,000","-32,036,000","24,592,000","46,246,000","-28,083,000","23,982,000","32,800,000","107,827,000","43,322,000","8,451,000","11,993,000",,,,,,,,,,,,,,,"16,623,000",,,,,,,,,,,,,,,,,,,,"12,445,000",,,"8,405,000",,"2,560,000",,,,,,,,,,"332,000","292,000","287,000","246,000","180,000","116,000","358,000","70,000","79,000","293,000","-142,000",,,,,,,,,,,,,"700,000","2,300,000","100,000","1,800,000",,,,,,,,,,,,,,,,,,,,,
	EarningsFromEquityInterest,"130,517,000","43,749,000","26,269,000","31,426,000","29,073,000","24,567,000","-80,909,000","-291,873,000","19,103,000","22,726,000","25,946,000","22,873,000","7,320,000","3,090,000","7,206,000","8,757,000","-9,904,000","9,622,000","-41,801,000","46,276,000","1,445,000","164,860,000","4,127,000","642,000","-4,240,000","-3,921,000","-325,000","-5,231,000","-2,405,000","19,295,000","-25,663,000","-53,742,000","1,979,000","-293,165,000","-32,756,000","-35,389,000","22,525,000","280,939,000","12,683,000","-6,627,000","136,504,000","-16,723,000","4,248,000","3,557,000","129,228,000","-22,047,000","-4,553,000","-16,552,000","137,214,000","-43,427,000","24,590,000","-16,510,000","107,737,000","-185,020,000","-17,650,000","-9,238,000","58,344,000",,"9,310,000","2,397,000","85,168,000","-40,920,000","-18,741,000","24,619,000","54,942,000","-12,186,000","7,103,000","20,755,000","35,211,000","13,942,000","10,953,000","16,481,000","10,585,000","16,969,000","11,871,000","24,147,000","30,488,000","21,198,000","19,246,000","14,313,000","19,354,000",,"23,298,000","23,904,000","36,294,000",,"28,114,000","27,139,000","26,657,000",,"21,274,000","23,764,000","20,595,000",,"8,855,000","7,246,000","5,576,000",,"629,000","639,000","156,000",,"159,000","254,000","1,005,000",,"-226,000","-955,000","-141,000",,,,,,,,,,,,,,,,,,,,,,,,,,,,,,,,,,,,,
	SecuritiesAmortization,,,,,,,,,,,,,,,,,,,,,,,,,,,,,,,,,,,,,,,,,,,,,"4,633,000",,,,,,,,,,,,,,,,,,,,,,,,,,,,,,,,,,,,,,,,,,,,,,,,,,,,,,,,,,,,,,,,,,,,,,,,,,,,,,,,,,,,,,,,,,,,,,,,,,,,,
	SpecialIncomeCharges,"36,955,000","11,774,000","406,000","25,618,000","0","-270,395,000","213,994,000","55,695,000","68,589,000","200,612,000","308,081,000","111,713,000","220,294,000","125,263,000","141,269,000","23,559,000","0","-703,000","-61,000","-6,471,000","-7,504,000","488,644,000","-3,808,000","156,632,000","-164,593,000","141,973,000","101,519,000","-4,061,000","-121,000","-56,000","-4,440,000","-3,178,000","-12,149,000","-26,543,000","12,320,000","-2,345,000","-37,325,000","-107,981,000","-1,070,000","2,297,000","-685,000","-28,685,000","-990,000","-1,897,000","71,151,000","106,807,000","-1,573,000","1,380,000","-6,751,000","-333,624,000","7,839,000","17,684,000","0","-74,227,000","160,000","2,660,000","-2,283,000","-19,267,000","1,012,000","15,778,000","-7,898,000","10,546,000","8,032,000","56,947,000","548,000","22,106,000","13,448,000","0","3,488,000","18,999,000","-1,475,000","0","776,000","2,183,000","1,266,000","-1,294,000","188,000","-18,524,000","4,503,000","-4,981,000","1,531,000","-3,929,000","6,495,000","-10,511,000","-9,723,000",,,,,,,,,"-49,000","9,649,000",,,,,,,,,,,,,,,,,,,,,,,,,,,,,,,,,,,,,,,,,,,,,,,,,,,
		RestructuringAndMergernAcquisition,"5,935,000","3,185,000","1,801,000","106,000",,"6,307,000","584,000","-69,221,000","71,000","-96,747,000",,"101,590,000","149,000","-29,423,000","2,510,000","1,017,000","13,156,000","703,000","61,000","6,471,000","8,005,000","-145,957,000","3,808,000","2,879,000","165,307,000","4,951,000","1,518,000","4,061,000","1,981,000","419,000","7,105,000","4,083,000","21,784,000","18,088,000","2,818,000","3,350,000","601,000","6,934,000","1,070,000","2,559,000","685,000","9,804,000","2,288,000","1,897,000","18,270,000",,"921,000",,,,,"0","0","73,438,000","5,000,000","726,000","2,283,000","1,568,000","0","0","8,807,000",,,,,"0","0",,,"0","1,475,000",,,,,,,,,,,,"0",,"5,000,000",,,,,,,,,,,,,,,,,,,,,,,,,,,,,,,,,,,,,,,,,,,,,,,,,,,,,,,,,,,,,
		ImpairmentOfCapitalAssets,"7,880,000","0","7,880,000",,,"242,593,000",,,,"99,970,000","1,576,000",,,,,,,,,"0","0",,,,,,,,,,,,,,,,,,,,,,,,,,,,,,"0",,,,,,,,,,,,,,,,,,,,,,,,,,,,,,,,,,,,,,,,,,,,,,,,,,,,,,,,,,,,,,,,,,,,,,,,,,,,,,,,,,,,,,,,,,,,,,,
		WriteOff,,,,,,,"0","6,108,000","7,261,000",,,,,,,,,,,,,,,,,,,,,,,,,,,,,"2,538,000","0","0","0","3,040,000","0","0","-82,744,000",,"0",,,"207,766,000","0",,,,,,,,,,,,,,,,,,,,,,,,,,,,,,,,,"13,561,000","4,723,000",,,,,,,,,,,,,,,,,,,,,,,,,,,,,,,,,,,,,,,,,,,,,,,,,,,,,,,,,,,,,
		OtherSpecialCharges,,,,,,,,,,,,,,,,,,,,,,,,,,,,,,,,,,,,,,,,,,,,,,"-114,492,000","6,645,000","3,002,000","10,056,000","52,911,000","-3,407,000","-17,684,000",,,,,,,,,,,,,,,,,,,,,,,,,,,,,,,,"-3,050,000",,,,,,,,,,,"-9,649,000",,,,,,,,,,,,,,,,,,,,,,,,,,,,,,,,,,,,,,,,,,,,,,,,,,,
		GainOnSaleOfBusiness,,,,,,,,"0",,"0","0","2,571,099,000",,,,,,,,,,,,,,,,,,,,,,,,,,,"21,268,000","12,563,000","20,033,000","64,071,000","13,552,000","26,403,000","129,228,000","-20,637,000","-1,996,000","7,066,000","137,214,000",,,"6,614,000",,,,,,,,,,,,"21,501,000",,,,,,,,,,,,,,,,,,,,,,,,,,,,,,,,,,,,,,,,,,,,,,,,,,,,,,,,,,,,,,,,,,,,,,,,,,,,,,,,,,
		GainOnSaleOfPPE,"50,770,000","14,959,000","10,087,000","25,724,000","0","42,458,000","214,578,000","55,695,000","68,589,000","203,835,000","309,657,000","111,713,000","220,294,000","81,203,000","141,269,000","23,559,000","0","0","0","0","501,000","15,510,000","0","159,511,000","714,000","146,924,000","103,037,000","0","1,860,000","363,000","2,665,000","905,000","9,635,000","23,988,000","15,138,000","1,005,000","-36,724,000","8,491,000","0","4,856,000","0","7,159,000","1,298,000","0","6,677,000","68,673,000","5,072,000","4,382,000","3,305,000","1,209,000","4,432,000","0",,"-789,000","5,160,000","3,386,000",,,"1,012,000","15,778,000","909,000","10,546,000","8,032,000","56,947,000","548,000","22,106,000","13,448,000","0","3,488,000","18,999,000","0","0","776,000","2,183,000","1,266,000","-1,294,000","188,000","-18,524,000","4,503,000","-4,981,000","1,531,000",,"6,495,000",,,,,,,,,,,,,,,,,,,,,,,,,,,,,,,,,,,,,,,,,,,,,,,,,,,,,,,,,,,,,,,
	OtherNonOperatingIncomeExpenses,,,"-9,681,000",,"-843,000",,"902,000","69,221,000","-71,000","0","937,000","2,469,509,000","-149,000","-14,637,000","-2,510,000","-1,017,000","-13,156,000","4,188,000","3,268,000","2,877,000","2,571,000","1,720,000","2,196,000","1,899,000","1,493,000","2,448,000","1,368,000","1,938,000","3,056,000","2,833,000","2,646,000","3,121,000","2,003,000","1,258,000","1,898,000","1,882,000","1,660,000","2,026,000","2,211,000","1,525,000","1,411,000","1,929,000","1,739,000","2,224,000","1,938,000","1,747,000","2,131,000","2,060,000","1,985,000","-26,533,000","-3,407,000","-24,298,000",,,,,,,,,,,,"-21,501,000",,,,,,,,,,,,,,,,,,,,,,,,,,,,,,,,,,,,,,,,,,,,,,,,,,,,,,,,,,,,,,,,,,,,,,,,,,,,,,,,,,
PretaxIncome,"197,057,000","42,018,000","46,389,000","79,673,000","28,977,000","-210,527,000","92,517,000","-215,515,000","-91,690,000","183,518,000","387,742,000","2,623,547,000","242,924,000","130,233,000","221,044,000","105,122,000","2,099,000","90,939,000","38,364,000","146,573,000","73,624,000","702,039,000","102,500,000","268,016,000","-89,493,000","281,110,000","203,633,000","128,102,000","110,376,000","125,587,000","114,243,000","167,134,000","97,847,000","-185,571,000","115,722,000","121,208,000","82,939,000","37,788,000","109,857,000","53,695,000","230,645,000","103,126,000","69,684,000","136,433,000","317,888,000","308,949,000","121,630,000","82,150,000","238,158,000","-141,115,000","117,790,000","-34,918,000","161,480,000","-213,262,000","58,752,000","103,673,000","131,009,000","82,862,000","124,293,000","191,197,000","188,957,000","137,102,000","147,761,000","169,105,000","152,873,000","138,459,000","69,321,000","188,493,000","244,192,000","290,097,000","132,091,000","136,320,000","113,120,000","113,574,000","106,991,000","119,487,000","127,702,000","85,693,000","98,535,000","105,930,000","113,458,000",,"105,048,000","94,461,000","86,763,000",,"96,157,000","81,665,000","81,153,000",,"69,428,000","63,889,000","58,043,000",,"48,780,000","40,808,000","34,064,000",,"18,126,000","15,888,000","9,690,000",,"14,939,000","15,120,000","15,922,000",,"13,567,000","13,185,000","11,837,000",,,,,"8,200,000",,"4,800,000","5,400,000","-10,200,000","4,000,000","4,300,000","4,200,000","3,800,000","5,800,000","3,500,000","4,900,000",,,,,,,,,,,,,,,,,,,,,
TaxProvision,"-10,496,000","10,055,000","-25,376,000","2,841,000","1,984,000","-1,801,000","23,781,000","1,837,000","12,813,000","22,897,000","23,885,000","26,914,000","29,743,000","32,669,000","1,943,000","467,000","1,454,000","38,661,000","1,188,000","-248,000","2,205,000","-1,493,000","4,865,000","2,109,000","2,831,000","-450,000","2,856,000","-88,072,000","971,000","2,644,000","3,177,000","3,599,000","1,582,000","-12,578,000","2,222,000","2,877,000","1,073,000","-9,187,000","3,015,000","7,479,000","7,096,000","5,379,000","7,144,000","5,922,000","6,382,000","6,425,000","5,498,000","4,939,000","5,614,000","4,964,000","5,267,000","5,457,000","5,049,000","2,633,000","5,244,000","4,915,000","-217,329,000","3,715,000","3,048,000","3,566,000",,,,"0",,,,,,,,,,,,,,,,,,,,,,,,,,,,,,,,,,,,,,,,,,,,,,,,,,"0",,"-8,500,000","2,200,000","-3,900,000","1,600,000","1,700,000","1,700,000","1,800,000","2,300,000","1,400,000","2,000,000",,,,,,,,,,,,,,,,,,,,,
NetIncomeCommonStockholders,"101,052,000","11,235,000","37,689,000","48,045,000","4,083,000","-209,226,000","53,170,000","-197,750,000","4,963,000","192,908,000","322,906,000","2,400,195,000","181,488,000","100,494,000","190,645,000","111,534,000","-17,852,000","27,273,000","-29,026,000","115,972,000","47,752,000","651,085,000","66,125,000","220,463,000","-114,163,000","230,661,000","198,870,000","165,651,000","84,593,000","513,113,000","131,159,000","76,642,000","62,349,000","-68,997,000","83,005,000","145,926,000","231,990,000","62,580,000","232,322,000","20,470,000","233,666,000","69,486,000","41,087,000","91,865,000","399,169,000","243,373,000","95,163,000","57,811,000","200,265,000","-151,045,000","126,310,000","-51,959,000","125,841,000","-216,786,000","31,430,000","125,386,000","397,922,000","157,705,000","116,546,000","151,625,000","152,635,000","105,427,000","113,632,000","148,765,000","134,805,000","105,750,000","27,223,000","172,697,000","187,433,000","233,603,000","104,501,000","158,436,000","74,457,000","200,259,000","70,981,000","82,331,000","86,317,000","46,539,000","57,110,000","62,815,000","43,272,000","55,601,000","67,876,000","56,920,000","46,836,000","42,050,000","58,447,000","47,281,000","47,523,000","36,865,000","45,374,000","43,645,000","43,216,000","34,583,000","39,659,000","30,894,000","26,064,000","16,492,000","10,385,000","8,933,000","9,690,000","15,419,000","14,939,000","15,120,000","15,922,000","14,411,000","13,567,000","13,185,000","11,837,000","10,500,000","10,500,000","10,100,000","10,100,000","5,000,000","7,100,000","13,100,000","2,800,000","-6,300,000","2,400,000","2,600,000","2,500,000","1,700,000","3,500,000","2,100,000","2,900,000","-2,300,000","3,200,000","3,400,000","2,500,000","3,300,000",,,,,,,,,,,,,,,,
	NetIncome,"175,999,000","27,415,000","63,522,000","64,512,000","20,550,000","-194,979,000","65,700,000","-185,220,000","17,494,000","205,750,000","335,438,000","2,412,727,000","194,022,000","113,027,000","203,179,000","124,068,000","9,680,000","44,332,000","-12,898,000","132,101,000","63,881,000","667,310,000","92,580,000","240,826,000","-93,799,000","251,107,000","219,234,000","186,016,000","104,077,000","533,603,000","151,524,000","97,008,000","82,717,000","-48,519,000","103,374,000","158,194,000","262,922,000","86,135,000","241,306,000","38,297,000","251,522,000","87,296,000","53,762,000","108,581,000","412,663,000","256,973,000","104,252,000","72,106,000","214,552,000","-136,923,000","140,617,000","-37,635,000","140,110,000","-202,515,000","45,701,000","139,660,000","412,197,000","171,996,000","130,841,000","165,920,000","166,931,000","119,776,000","127,983,000","163,169,000","149,212,000","119,961,000","38,742,000","181,082,000","199,819,000","239,954,000","108,523,000","162,001,000","82,439,000","205,144,000","76,060,000","87,757,000","91,742,000","51,984,000","62,805,000","68,711,000","49,403,000","64,337,000","76,780,000","66,112,000","56,509,000","51,723,000","68,119,000","56,953,000","57,196,000","46,500,000","55,046,000","52,026,000","48,928,000","40,015,000","45,082,000","36,316,000","31,487,000","21,896,000","15,626,000","13,788,000","9,690,000","15,419,000","14,939,000","15,120,000","15,922,000","14,411,000","13,567,000","13,185,000","11,837,000","10,500,000","10,500,000","10,100,000","10,100,000","5,000,000","7,100,000","13,100,000","2,800,000","-6,300,000","2,400,000","2,600,000","2,500,000","1,700,000","3,500,000","2,100,000","2,900,000","-2,300,000","3,200,000","3,400,000","2,500,000","3,300,000",,,,,,,,,,,,,,,,
		NetIncomeIncludingNoncontrollingInterests,"207,553,000","31,963,000","71,765,000","76,832,000","26,993,000","-208,726,000","68,736,000","-217,352,000","-104,503,000","160,676,000","363,849,000","2,596,693,000","213,044,000","97,821,000","219,162,000","105,338,000","282,000","53,551,000","-10,754,000","147,484,000","73,847,000","704,544,000","100,604,000","268,382,000","-91,608,000","283,544,000","235,240,000","215,400,000","125,246,000","575,986,000","169,197,000","165,687,000","98,156,000","-38,759,000","132,251,000","182,321,000","288,927,000","91,893,000","264,156,000","58,228,000","280,264,000","96,987,000","66,223,000","130,969,000","445,821,000","282,144,000","116,132,000","77,211,000","232,544,000","-143,450,000","155,844,000","-40,375,000","156,431,000","-215,895,000","53,610,000","151,763,000","448,686,000","94,712,000","145,900,000","187,591,000","188,926,000","137,005,000","147,769,000","185,867,000","170,059,000","138,415,000","69,299,000","220,209,000","245,555,000","290,310,000","141,886,000","204,082,000","113,947,000","272,272,000","111,912,000","124,848,000","130,346,000","85,693,000","98,535,000","105,930,000","83,329,000","92,769,000","105,048,000","94,461,000","83,823,000","78,515,000","96,157,000","81,665,000","80,028,000","66,140,000","69,428,000","63,889,000","58,043,000","45,448,000","48,780,000","40,808,000","34,064,000","24,596,000","18,126,000","15,888,000","9,690,000","15,419,000","14,939,000","15,120,000","15,922,000","14,411,000","13,567,000","13,185,000","11,837,000","10,500,000","10,500,000","10,100,000","10,100,000","5,000,000","7,100,000","13,100,000","2,800,000","-6,300,000","2,400,000","2,600,000","2,500,000","1,700,000","3,500,000","2,100,000","2,900,000","-2,300,000","3,200,000","3,400,000","2,500,000","3,300,000","2,800,000","1,700,000","1,700,000","3,000,000","2,500,000","2,800,000","1,300,000","2,800,000","2,400,000","3,400,000","4,600,000","2,100,000","3,300,000","4,000,000","2,900,000","3,400,000"
			NetIncomeContinuousOperations,"207,553,000","31,963,000","71,765,000","76,832,000","26,993,000","-208,726,000","68,736,000","-217,352,000","-104,503,000","160,621,000","363,857,000","2,596,633,000","213,181,000","97,564,000","219,101,000","104,655,000","645,000","52,278,000","37,176,000","146,821,000","71,419,000","703,532,000","97,635,000","265,907,000","-92,324,000","281,560,000","200,777,000","216,174,000","109,405,000","122,943,000","111,066,000","163,535,000","96,265,000","-172,993,000","113,500,000","118,331,000","81,866,000","46,975,000","106,842,000","46,216,000","223,549,000","97,747,000","62,540,000","130,511,000","311,506,000","302,524,000","116,132,000","77,211,000","232,544,000","-146,079,000","112,523,000","-40,375,000","156,431,000","-215,895,000","53,508,000","98,758,000","348,338,000","79,147,000","121,245,000","187,631,000","188,957,000","137,102,000","147,761,000","169,105,000","152,873,000","138,459,000","69,321,000","188,493,000","244,192,000","290,097,000","132,091,000","136,320,000","113,120,000","113,574,000","106,991,000","119,487,000","127,702,000","85,693,000","98,535,000","105,930,000","113,458,000","-19,594,000","105,048,000","94,461,000","86,763,000","-23,859,000","96,157,000","81,665,000","81,153,000","11,140,000","69,428,000","63,889,000","58,043,000","29,248,000","48,780,000","40,808,000","34,064,000","17,296,000","18,126,000","15,888,000","9,690,000","15,419,000","14,939,000","15,120,000","15,922,000","14,411,000","13,567,000","13,185,000","11,837,000","10,500,000","10,500,000","10,100,000","10,100,000","8,200,000","7,100,000","13,300,000","3,200,000","-6,300,000","2,400,000","2,600,000","2,500,000","2,000,000","3,500,000","2,100,000","2,900,000","-2,300,000","3,200,000","3,400,000","2,500,000","3,300,000","2,800,000","1,700,000","1,700,000","3,000,000","2,500,000","2,800,000","1,300,000","2,800,000","2,400,000","3,400,000","4,600,000","2,100,000","3,300,000","4,000,000","2,900,000","3,400,000"
			NetIncomeDiscontinuousOperations,"0",,,,,"0","0","0","0","55,000","-8,000","60,000","-137,000","257,000","61,000","683,000","-363,000","1,273,000","-47,930,000","663,000","2,428,000","1,012,000","2,969,000","2,475,000","716,000","1,984,000","34,463,000","-774,000","15,841,000","453,043,000","58,131,000","2,152,000","1,891,000","134,234,000","18,751,000","63,990,000","207,061,000","44,918,000","157,314,000","12,012,000","56,715,000","-760,000","3,683,000","458,000","134,315,000","-20,380,000","0","0","0","2,629,000","43,321,000","0","0","0","102,000","53,005,000","100,348,000","34,124,000","24,655,000","-40,000","-31,000","-97,000","8,000","16,762,000","17,186,000","-44,000","-22,000","31,716,000","1,363,000","213,000","9,795,000","67,762,000","827,000","158,698,000","4,921,000","5,361,000","2,644,000",,,,,,,,,,,,,,,,,,,,,,,,,,,,,,,,,,,,,"0",,"-200,000","-400,000",,,,,,,,,,,,,,,,,,,,,,,,,,,,,
			NetIncomeExtraordinary,,,,,,,,,,,,,,,,,,,,,,,,,,,,,,,,,,,,,,,,,,,,,,,,,,,,,,,,,,,,,,,,,,,,,,,,,,"0","0","0","0","0",,,"-30,129,000","-1,170,000","0",,"-2,940,000",,,,"-1,125,000",,,,,,,,,,,,,,,,,,,,,,,,,,,,,,,,,,,,,,,,,,,,,,,,,,,,,,,,,
			NetIncomeFromTaxLossCarryforward,,,,,,,,,,,,,,,,,,,,,,,,,,,,,,,,,,,,,,,,,,,,,,,,,,,,,,,,,,,,,,,,,,,,,,,,,,,,,,,,,,"0",,,,"0",,,"-1,125,000",,,,,,,,,,,,,,,,,,,,,,,,,,,,,,,,,,,,,,,,,,,,,,,,,,,,,,,,,
		MinorityInterests,"-31,554,000","-4,548,000","-8,243,000","-12,320,000","-6,443,000","13,747,000","-3,036,000","32,132,000","121,997,000","45,074,000","-28,411,000","-183,966,000","-19,022,000","15,206,000","-15,983,000","18,730,000","9,398,000","-9,219,000","-2,144,000","-15,383,000","-9,966,000","-37,234,000","-8,024,000","-27,556,000","-2,191,000","-32,437,000","-16,006,000","-29,384,000","-21,169,000","-42,383,000","-17,673,000","-68,679,000","-15,439,000","-9,760,000","-28,877,000","-24,127,000","-26,005,000","-5,758,000","-22,850,000","-19,931,000","-28,742,000","-9,691,000","-12,461,000","-22,388,000","-33,158,000","-25,171,000","-11,880,000","-5,105,000","-17,992,000","6,527,000","-15,227,000","2,740,000","-16,321,000","13,380,000","-7,909,000","-12,103,000","-36,489,000","77,284,000","-15,059,000","-21,671,000","-21,995,000","-17,229,000","-19,786,000","-22,698,000","-20,847,000","-18,454,000","-30,557,000","-39,127,000","-45,736,000","-50,356,000","-33,363,000","-42,081,000","-31,508,000","-67,128,000","-35,852,000","-37,091,000","-38,604,000","-33,709,000","-35,730,000","-37,219,000","-33,926,000","-28,432,000","-28,268,000","-28,349,000","-27,314,000","-26,792,000","-28,038,000","-24,712,000","-22,832,000","-19,640,000","-14,382,000","-11,863,000","-9,115,000","-5,433,000","-3,698,000","-4,492,000","-2,577,000","-2,700,000","-2,500,000","-2,100,000",,,,,,,,,,,,,,,,,,,,,,,,,,,,,,,,,,,,,,,,,,,,,,
	PreferredStockDividends,"65,880,000","16,146,000","16,800,000","16,467,000","16,467,000","14,148,000","12,530,000","12,530,000","12,531,000","12,533,000","12,532,000","12,532,000","12,534,000","12,533,000","12,534,000","12,534,000","13,035,000","17,013,000","16,128,000","16,129,000","16,129,000","16,129,000","19,047,000","20,363,000","20,364,000","20,365,000","20,364,000","20,365,000","19,484,000","20,365,000","20,365,000","20,366,000","20,368,000","20,368,000","20,369,000","20,368,000","21,702,000","20,750,000","20,613,000","17,787,000","17,787,000","17,788,000","17,627,000","16,668,000","13,448,000","13,559,000","13,442,000","14,266,000","14,267,000","14,269,000","14,269,000","14,269,000","14,269,000","14,271,000","14,271,000","14,274,000","14,275,000","14,291,000","14,295,000","14,295,000","14,296,000","14,349,000","14,351,000","14,404,000","14,407,000","14,211,000","11,519,000","8,385,000","12,386,000","6,351,000","4,022,000","3,565,000","7,982,000","4,885,000","5,079,000","5,426,000","5,425,000","5,445,000","5,695,000","5,896,000","6,131,000","8,736,000","8,904,000","9,192,000","9,673,000","9,673,000","9,672,000","9,672,000","9,673,000","9,635,000","9,672,000","8,381,000","5,712,000","5,432,000","5,423,000","5,422,000","5,423,000","5,404,000","5,241,000","4,855,000",,,,,,,,,,,,,,,,,,,,,,,,,,,,,,,,,,,,,,,,,,,,,,
	OtherunderPreferredStockDividend,"9,067,000","34,000","9,033,000",,,,,,,"309,000","0","0","0","0","0",,"14,497,000","46,000","0",,,"96,000","7,408,000",,,,,,,"125,000","0","0","0","110,000","0","-8,100,000","9,230,000","2,805,000","-11,629,000","40,000","69,000","22,000","-4,952,000","48,000","46,000","41,000","-4,353,000","29,000","20,000",,"38,000","55,000",,,,,,,,,,,,,,,,,,,,,,,,,,,,,,,,,,,,,,,,,,,,,,,,,,,,,,,,,,,,,,,,,,,,,,,,,,,,,,,,,,,,,,,,,,,,,,
AverageDilutionEarnings,"0","26,000","-8,000","-9,000",,,,,,"305,000","-19,000","-225,000","-4,000","51,000","-2,000","5,000","-11,000","72,000","-9,000","7,000","-15,000","839,000","-13,000","-4,000","-16,000","-550,000","5,000","5,000","-19,000","118,000","4,000","-21,000","-30,000",,"-24,000","-4,000","-28,000","28,000","28,000",,"6,655,000","30,000",,"0","6,566,000","39,000",,,"41,000",,"43,000",,"43,000",,"0","48,000","5,307,000",,"68,000","5,272,000","5,382,000","608,000","139,000","5,273,000","191,000","222,000",,"5,334,000","255,000","5,716,000","266,000","267,000",,"305,000",,"1,175,000",,,,,,,,,,,,,,,,,,,,,,,,,,,,,,,,,,,,,,,,,,,,,,,,,,,,,,,,,,,,,,,,,,,,,,
DilutedNIAvailtoComStockholders,"101,052,000","11,261,000","37,681,000","48,036,000","4,083,000","-209,226,000","53,170,000","-197,750,000","4,963,000","193,213,000","322,887,000","2,399,970,000","181,484,000","100,545,000","190,643,000","111,539,000","-17,852,000","27,345,000","-29,035,000","115,979,000","47,737,000","651,924,000","66,112,000","220,459,000","-114,179,000","230,111,000","198,875,000","165,656,000","84,574,000","513,231,000","131,163,000","76,621,000","62,319,000","-68,954,000","82,981,000","145,922,000","231,962,000","62,608,000","232,350,000","20,470,000","240,321,000","69,516,000","41,087,000","91,865,000","405,735,000","243,412,000","95,163,000","57,811,000","200,306,000","-151,229,000","126,353,000","-51,959,000","125,884,000","-232,695,000","31,430,000","125,434,000","403,229,000","157,117,000","116,614,000","156,897,000","158,017,000","106,035,000","113,771,000","154,038,000","134,996,000","105,972,000","27,223,000","178,031,000","187,688,000","239,319,000","104,767,000","158,703,000","74,457,000","200,564,000","70,981,000","83,506,000","86,317,000","46,539,000","57,110,000","62,815,000","43,272,000","55,601,000","67,876,000","56,920,000","46,836,000","42,050,000","58,447,000","47,281,000","47,523,000","36,865,000","45,374,000","43,645,000","43,216,000","34,583,000","39,659,000","30,894,000","26,064,000","16,492,000","10,385,000","8,933,000","9,690,000","15,419,000","14,939,000","15,120,000","15,922,000","14,411,000","13,567,000","13,185,000","11,837,000","10,500,000","10,500,000","10,100,000","10,100,000","5,000,000","7,100,000","13,100,000","2,800,000","-6,300,000","2,400,000","2,600,000","2,500,000","1,700,000","3,500,000","2,100,000","2,900,000","-2,300,000","3,200,000","3,400,000","2,500,000","3,300,000",,,,,,,,,,,,,,,,
BasicEPS,,"0.06","0.2","0.25","0.02","-1.09","0.28","-1.03","0.03","1.01","1.69","12.58","0.95","0.53","1","0.59","-0.09",,"-0.15","0.61","0.25",,"0.35","1.17","-0.61",,"1.05","0.88","0.45",,"0.7","0.41","0.33",,"0.44","0.78","1.24",,"1.25","0.11","1.26",,"0.22","0.5","2.17",,"0.52","0.32","1.1",,"0.697","-0.297","0.784",,"0.196","0.804","2.549",,"0.755","0.981","0.99",,"0.784","1.03","0.941",,"0.196","1.304","1.432",,"0.814","1.235","0.598",,"0.618","0.726","0.775",,"0.52","0.579","0.412",,"0.745","0.637","0.529",,"0.667","0.539","0.539",,"0.52","0.5","0.5",,"0.461","0.373","0.353",,"0.186","0.162","0.176",,"0.299","0.304","0.319",,"0.275","0.275","0.265",,"0.235","0.226","0.226",,"0.167","0.333","0.088",,"0.078","0.078","0.078",,"0.108","0.069","0.088","-0.078","0.098","0.098",,"0.098",,"0.049",,,,"0.078",,,,"0.088",,,,"0.059",,
DilutedEPS,,"0.06","0.2","0.25","0.02","-1.09","0.28","-1.03","0.03","1.01","1.69","12.56","0.95","0.53","1","0.58","-0.09",,"-0.15","0.61","0.25",,"0.35","1.16","-0.61",,"1.05","0.87","0.45",,"0.69","0.41","0.33",,"0.44","0.78","1.24",,"1.24","0.11","1.25",,"0.22","0.49","2.12",,"0.52","0.31","1.09",,"0.687","-0.297","0.775",,"0.196","0.775","2.422",,"0.726","0.941","0.941",,"0.745","0.971","0.892",,"0.186","1.226","1.363",,"0.775","1.186","0.579",,"0.588","0.696","0.755",,"0.51","0.559","0.392",,"0.726","0.628","0.51",,"0.637","0.52","0.529",,"0.51","0.49","0.49",,"0.451","0.363","0.343",,"0.186","0.162","0.176",,"0.299","0.304","0.319",,"0.275","0.275","0.265",,"0.235","0.226","0.226",,"0.167","0.333","0.088",,"0.078","0.078","0.078",,"0.108","0.069","0.088","-0.078","0.098","0.098",,"0.098",,"0.049",,,,"0.078",,,,"0.088",,,,"0.059",,
BasicAverageShares,,"191,679,000","191,577,000","191,527,000","191,418,000","191,279,000","191,162,000","191,104,000","191,038,000","191,303,960","190,814,000","190,781,000","190,689,000","189,611,321","190,645,000","189,040,678","198,233,333",,"189,593,000","189,395,000","189,210,000",,"188,901,000","188,772,000","188,658,000",,"188,504,000","188,365,000","187,999,000",,"187,671,000","187,527,000","187,307,000",,"186,969,000","186,931,000","186,752,000",,"185,924,000","185,673,000","185,370,000",,"184,398,000","184,268,000","183,988,000",,"182,462,000","182,027,000","181,542,000",,"180,198,897","174,788,221","161,310,777",,"157,080,491","156,723,548","156,342,128",,"155,005,121","154,805,233","154,431,973",,"144,494,675","144,223,398","143,950,081",,"139,158,884","132,760,423","130,858,426",,"128,904,417","127,956,988","124,000,018",,"115,270,207","113,689,459","111,267,345",,"108,949,254","108,003,864","105,097,327",,"90,544,244","88,624,910","88,549,442",,"88,301,621","88,112,951","88,092,554",,"87,640,766","87,332,775","86,773,904",,"85,416,500","83,788,840","73,596,582",,"55,033,553","54,842,755","54,152,762",,"50,081,692","49,901,359","49,899,590",,"49,813,014","47,950,222","44,598,550",,"44,617,896","44,784,174","44,784,174",,"42,593,219","39,293,744","31,728,282",,"30,595,129","33,144,723","31,869,926",,"32,449,379","30,595,129","32,861,435","29,320,332","32,634,804","34,674,480",,"33,654,642",,"33,179,397",,,,"38,592,695",,,,"41,297,305",,,,"50,716,525",,
DilutedAverageShares,,"192,040,000","191,577,000","192,380,000","192,031,000","191,279,000","191,162,000","191,104,000","191,113,000","191,303,960","191,024,000","191,058,000","190,996,000","189,611,321","190,645,000","192,300,000","198,233,333",,"190,847,000","190,444,000","190,372,000",,"190,048,000","189,885,000","188,658,000",,"189,581,000","189,600,000","189,336,000",,"188,812,000","188,617,000","188,240,000",,"187,724,000","187,720,000","187,529,000",,"186,655,000","186,342,000","191,886,000",,"186,065,000","186,144,000","191,529,000",,"184,168,000","183,644,000","183,445,000",,"182,496,804","174,788,221","162,440,757",,"161,835,994","161,591,233","166,629,231",,"161,657,522","167,499,152","167,254,391",,"153,073,549","157,965,710","151,919,093",,"146,663,869","145,646,071","138,003,408",,"135,105,030","133,337,651","129,530,597",,"119,955,342","119,199,642","115,423,183",,"112,538,062","112,910,303","109,343,931",,"93,885,232","91,379,491","91,154,107",,"91,492,693","90,506,510","89,495,851",,"89,224,574","89,565,200","88,416,863",,"87,122,689","85,915,201","75,827,987",,"55,033,553","54,842,755","54,152,762",,"50,081,692","49,901,359","49,899,590",,"49,813,014","47,950,222","44,598,550",,"44,617,896","44,784,174","44,784,174",,"42,593,219","39,293,744","31,728,282",,"30,595,129","33,144,723","31,869,926",,"32,449,379","30,595,129","32,861,435","29,320,332","32,634,804","34,674,480",,"33,654,642",,"33,179,397",,,,"38,592,695",,,,"41,297,305",,,,"50,716,525",,
TotalOperatingIncomeAsReported,,,,,,,,,,,,,,"134,671,000","156,956,000","156,470,000","133,764,000","159,508,000","162,235,000","183,396,000","156,467,000","175,104,000","189,153,000","186,814,000","-280,000","207,703,000","191,440,000","193,391,000","167,714,000","201,558,000","220,599,000","227,477,000","165,634,000","166,483,000","240,572,000","216,468,000","251,536,000","82,716,000","201,912,000","212,764,000","201,867,000","197,073,000","225,451,000","243,013,000","198,560,000","113,542,000","228,251,000","241,403,000","222,666,000","165,991,000","223,080,000","221,139,000","191,450,000","162,588,000","209,643,000","236,048,000","206,740,000",,"222,954,000","208,688,000","195,414,000","179,794,000","176,121,000","191,738,000","178,999,000","187,821,000","172,821,000","181,430,000","181,755,000","154,807,000","164,488,000","167,351,000","151,219,000","141,637,000","148,085,000","151,491,000","144,983,000","137,352,000","129,733,000","146,783,000","140,948,000",,"103,725,000","96,743,000","91,114,000",,"94,625,000","88,922,000","85,524,000",,"79,017,000","70,509,000","69,607,000",,"59,080,000","54,970,000","40,745,000",,"23,649,000","17,897,000","9,729,000",,"15,868,000","15,884,000","15,672,000",,"14,615,000","14,821,000","14,387,000",,,,,,,,,,,,,,,,,,,,,,,,,,,,,,,,,,,,,
TotalExpenses,"1,344,207,000","363,270,000","339,119,000","311,299,000","330,519,000","357,327,000","335,065,000","308,352,000","382,895,000","356,692,000","356,033,000","372,659,000","421,624,000","400,123,000","380,721,000","382,254,000","389,921,000","376,015,000","366,459,000","436,172,000","456,376,000","448,413,000","440,236,000","432,015,000","448,010,000","438,927,000","434,638,000","418,836,000","437,107,000","436,261,000","443,205,000","435,046,000","473,200,000","457,517,000","439,990,000","466,040,000","468,879,000","488,782,000","507,995,000","485,268,000","524,914,000","508,898,000","499,604,000","485,241,000","520,281,000","455,166,000","472,860,000","452,772,000","463,609,000","465,189,000","448,139,000","457,246,000","490,564,000","460,233,000","462,502,000","437,591,000","443,498,000",,"630,082,000","584,769,000","532,835,000","543,458,000","502,353,000","471,294,000","468,602,000","509,398,000","484,134,000","413,355,000","415,723,000","342,501,000","250,887,000","232,703,000","241,831,000","235,398,000","235,757,000","223,045,000","232,022,000","202,565,000","231,475,000","206,464,000","205,376,000",,"146,540,000","149,332,000","146,496,000",,"121,030,000","109,823,000","109,755,000",,"103,804,000","95,679,000","93,957,000",,"81,592,000","73,553,000","49,466,000",,"38,369,000","32,915,000","19,718,000",,"13,352,000","13,518,000","13,095,000",,"12,171,000","12,287,000","11,881,000",,,,,,,,,,,,,,,,,,,,,,,,,,,,,,,,,,,,,
NetIncomeFromContinuingAndDiscontinuedOperation,"175,999,000","27,415,000","63,522,000","64,512,000","20,550,000","-194,979,000","65,700,000","-185,220,000","17,494,000","205,750,000","335,438,000","2,412,727,000","194,022,000","113,027,000","203,179,000","124,068,000","9,680,000","44,332,000","-12,898,000","132,101,000","63,881,000","667,310,000","92,580,000","240,826,000","-93,799,000","251,107,000","219,234,000","186,016,000","104,077,000","533,603,000","151,524,000","97,008,000","82,717,000","-48,519,000","103,374,000","158,194,000","262,922,000","86,135,000","241,306,000","38,297,000","251,522,000","87,296,000","53,762,000","108,581,000","412,663,000","256,973,000","104,252,000","72,106,000","214,552,000","-136,923,000","140,617,000","-37,635,000","140,110,000","-202,515,000","45,701,000","139,660,000","412,197,000","171,996,000","130,841,000","165,920,000","166,931,000","119,776,000","127,983,000","163,169,000","149,212,000","119,961,000","38,742,000","181,082,000","199,819,000","239,954,000","108,523,000","162,001,000","82,439,000","205,144,000","76,060,000","87,757,000","91,742,000","51,984,000","62,805,000","68,711,000","79,532,000","64,337,000","76,780,000","66,112,000","59,449,000","51,723,000","68,119,000","56,953,000","58,321,000","46,500,000","55,046,000","52,026,000","48,928,000","40,015,000","45,082,000","36,316,000","31,487,000","21,896,000","15,626,000","13,788,000","9,690,000","15,419,000","14,939,000","15,120,000","15,922,000","14,411,000","13,567,000","13,185,000","11,837,000","10,500,000","10,500,000","10,100,000","10,100,000","8,200,000","7,100,000","13,100,000","2,800,000","-6,300,000","2,400,000","2,600,000","2,500,000","1,700,000","3,500,000","2,100,000","2,900,000","-2,300,000","3,200,000","3,400,000","2,500,000","3,300,000",,,,,,,,,,,,,,,,
NormalizedIncome,"139,621,640","13,923,263.887","63,270,150","33,785,178.919","19,869,050.178","73,182,161.514","-83,688,260.839","-206,068,800","104,297,570","109,339,729.612","46,745,436.832","2,314,198,620.917","-220,222.798","55,191,859.959","66,666,063.453","104,200,606.153","34,814,820","35,003,400","32,916,599.937","128,363,000","60,241,406.892","399,936,400","86,731,481.902","57,278,151.129","-4,191,600","147,102,600","81,056,314.119","170,687,200","55,441,064.235","51,171,036.15","67,223,566.529","-8,500,382.214","65,568,734.882","-188,281,064.676","64,818,710.409","41,875,276.393","129,803,847.056","252,188,800","72,214,356.154","51,881,752.472","171,635,520.267","71,410,972.878","76,171,437.575","86,996,619.762","176,483,946.604","67,182,595.771","64,390,166.012","62,866,056.713","209,433,567.497","51,473,900","89,807,522.226","-49,129,600","140,110,000","-154,267,450","45,453,281.046","84,121,107.087","313,332,950","156,275,191.439","105,198,816.973","150,476,274.22","172,095,700","113,545,400","123,155,800","112,238,800","131,697,200","106,741,400","30,695,200","149,366,000","196,363,200","228,341,600","99,613,000","94,239,000","81,146,400","45,136,200","70,379,400","83,172,400","88,985,200","63,098,400","60,103,200","71,699,600","78,613,400","66,694,400","72,883,000","64,951,600","65,282,800","51,723,000","63,076,000","56,953,000","56,785,000","46,500,000","55,046,000","52,026,000","48,928,000","40,044,400","39,292,600","36,316,000","31,487,000","21,896,000","15,426,800","13,612,800","9,517,800","15,271,400","14,831,000","15,050,400","15,707,200","14,369,000","13,519,600","13,009,200","11,922,200","10,500,000","10,500,000","10,100,000","10,100,000","8,200,000","7,100,000","13,300,000","3,200,000","-6,300,000","2,400,000","2,600,000","2,500,000","1,580,000","2,112,068.966","2,040,000","1,820,000","-2,300,000","3,200,000","3,400,000","2,500,000","3,300,000",,,,,,,,,,,,,,,,
InterestIncome,"2,801,000","915,000","628,000","636,000","622,000","650,000","827,000","2,308,000","5,392,000","6,108,000","5,664,000","4,261,000","3,673,000","4,803,000","6,310,000","6,205,000","743,000","753,000","754,000","2,102,000","743,000","1,640,000","754,000","748,000","748,000","1,258,000","1,154,000","1,135,000","1,674,000","396,000","404,000","736,000","2,384,000","4,712,000","4,766,000","4,940,000","5,077,000","4,994,000","2,852,000","3,165,000","2,851,000","4,854,000","3,442,000","3,083,000","2,644,000","2,659,000","2,620,000","2,325,000","2,715,000","101,639,000","20,486,000","-97,706,000","14,059,000","-50,217,000","9,638,000","23,793,000","14,104,000","-3,391,000","56,906,000","120,513,000","54,479,000","124,994,000","98,096,000","16,623,000","22,476,000","31,764,000","-35,660,000","69,923,000","101,198,000","167,328,000","17,813,000","9,609,000","9,245,000","9,178,000","2,800,000","3,628,000","9,796,000","5,701,000","6,407,000","9,934,000","9,643,000","10,454,000","14,584,000","15,874,000","13,473,000","14,657,000","7,571,000","4,939,000","5,759,000","5,920,000","4,222,000","4,900,000","3,458,000","6,033,000","5,230,000","5,271,000","7,566,000",,"7,288,000","10,482,000","3,746,000",,"3,097,000","3,215,000","3,267,000","3,188,000","3,177,000","3,465,000","1,970,000",,,,,,,,,,,,,"2,200,000","2,500,000","2,400,000","2,300,000",,,,,,,,,,,,,,,,,,,,,
InterestExpense,"210,849,000","71,696,000","46,289,000","47,480,000","45,384,000","49,647,000","52,465,000","54,099,000","54,580,000","55,403,000","56,298,000","56,793,000","94,322,000","75,682,000","80,603,000","79,623,000","80,062,000","83,530,000","77,091,000","88,444,000","85,304,000","89,842,000","89,826,000","97,068,000","91,224,000","89,571,000","87,480,000","84,595,000","84,218,000","99,410,000","107,828,000","108,924,000","104,630,000","109,658,000","114,890,000","116,929,000","116,466,000","115,870,000","115,045,000","122,572,000","129,302,000","129,450,000","131,844,000","131,967,000","130,132,000","107,017,000","147,157,000","152,244,000","135,309,000","90,678,000","133,369,000","252,918,000","133,648,000","185,715,000","134,144,000","121,842,000","134,075,000","408,487,000","105,277,000","31,821,000","88,384,000","12,318,000","17,651,000","104,199,000","81,616,000","47,468,000","124,051,000","13,692,000","-26,759,000","-109,421,000","43,350,000","47,512,000","49,460,000","47,215,000","54,231,000","54,857,000","47,957,000","28,349,000","61,354,000","60,119,000","58,018,000","80,564,000","28,470,000","28,120,000","49,395,000","49,033,000","42,558,000","39,335,000","39,347,000","35,714,000","35,085,000","35,284,000","32,159,000","34,164,000","34,034,000","26,679,000","19,823,000","11,928,000","13,622,000","13,272,000","4,078,000","4,077,000","4,208,000","4,192,000","4,223,000","3,906,000","3,922,000","4,387,000","4,185,000","3,400,000","3,500,000","3,600,000","3,600,000","6,100,000","8,400,000","8,300,000","8,400,000","8,400,000","8,500,000","8,500,000","8,500,000","8,600,000","8,800,000","8,800,000","8,800,000",,,,,,,,,,,,,,,,,,,,,
NetInterestIncome,"-228,295,000","-77,277,000","-50,318,000","-51,258,000","-49,442,000","-53,983,000","-56,544,000","-56,097,000","-53,450,000","-53,575,000","-55,784,000","-58,768,000","-98,790,000","-78,372,000","-82,641,000","-81,452,000","-87,423,000","-92,320,000","-84,314,000","-94,695,000","-93,542,000","-96,604,000","-97,611,000","-104,828,000","-99,741,000","-97,657,000","-94,190,000","-90,957,000","-90,000,000","-125,706,000","-114,716,000","-116,315,000","-107,058,000","-115,350,000","-115,104,000","-116,822,000","-116,811,000","-117,767,000","-117,918,000","-125,262,000","-132,318,000","-130,629,000","-133,230,000","-134,119,000","-132,121,000","-108,731,000","-149,737,000","-154,462,000","-137,020,000","-57,616,000","-137,719,000","-257,231,000","-137,707,000","-190,041,000","-138,401,000","-126,523,000","-134,075,000","-168,286,000","-108,983,000","-35,666,000","-92,534,000","-12,318,000","-17,651,000","-104,199,000","-81,616,000","-59,282,000","-124,051,000","-13,692,000","23,738,000","102,349,000","-43,350,000","-47,512,000","-49,460,000","-47,215,000","-54,231,000","-54,857,000","-47,957,000","-54,333,000","-54,947,000","-50,185,000","-48,375,000","-26,179,000","-28,470,000","-28,120,000","-35,922,000","-34,376,000","-34,987,000","-34,396,000","-33,588,000","-29,794,000","-30,863,000","-30,384,000","-32,159,000","-28,131,000","-28,804,000","-21,408,000","-12,257,000","-33,444,000","-6,334,000","-2,790,000","-332,000","-13,656,000","-1,111,000","-977,000","-956,000","-718,000","-745,000","-922,000","-2,215,000","-3,400,000","-3,500,000","-3,600,000","-3,600,000","5,600,000","-8,400,000","-8,300,000","-8,400,000","-8,400,000","-8,500,000","-8,500,000","-8,500,000","-6,400,000","-6,300,000","-6,400,000","-6,500,000",,,,,,,,,,,,,,,,,,,,,
EBIT,"407,906,000","113,714,000","92,678,000","127,153,000","74,361,000","-160,880,000","144,982,000","-161,416,000","-37,110,000","238,921,000","444,040,000","2,680,340,000","337,246,000","205,915,000","301,647,000","184,745,000","82,161,000","174,469,000","115,455,000","235,017,000","158,928,000","791,881,000","192,326,000","365,084,000","1,731,000","370,681,000","291,113,000","212,697,000","194,594,000","224,997,000","222,071,000","276,058,000","202,477,000","-75,913,000","230,612,000","238,137,000","199,405,000","153,658,000","224,902,000","176,267,000","359,947,000","232,576,000","201,528,000","268,400,000","448,020,000","415,966,000","268,787,000","234,394,000","373,467,000","-50,437,000","251,159,000","218,000,000","295,128,000","-27,547,000","192,896,000","225,515,000","265,084,000","491,349,000","229,570,000","223,018,000","277,341,000","149,420,000","165,412,000","273,304,000","234,489,000","185,927,000","193,372,000","202,185,000","217,433,000","180,676,000","175,441,000","183,832,000","162,580,000","160,789,000","161,222,000","174,344,000","175,659,000","114,042,000","159,889,000","166,049,000","171,476,000",,"133,518,000","122,581,000","136,158,000",,"138,715,000","121,000,000","120,500,000",,"104,513,000","99,173,000","90,202,000",,"82,814,000","67,487,000","53,887,000",,"31,748,000","29,160,000","13,768,000",,"19,147,000","19,312,000","20,145,000",,"17,489,000","17,572,000","16,022,000",,,,,"14,300,000",,"13,100,000","13,800,000","-1,800,000","12,500,000","12,800,000","12,700,000","12,400,000","14,600,000","12,300,000","13,700,000",,,,,,,,,,,,,,,,,,,,,
EBITDA,"840,500,000"
ReconciledCostOfRevenue,"777,068,000","196,221,000","208,042,000","186,506,000","186,299,000","184,036,000","190,673,000","170,223,000","225,887,000","219,919,000","221,711,000","216,056,000","240,469,000","248,165,000","228,731,000","229,416,000","230,951,000","216,890,000","212,557,000","249,690,000","253,832,000","254,614,000","253,295,000","237,558,000","248,658,000","251,745,000","250,929,000","237,817,000","247,503,000","232,161,000","262,886,000","256,160,000","267,173,000","260,823,000","262,134,000","270,992,000","265,379,000","299,149,000","325,863,000","298,121,000","323,720,000","288,485,000","312,140,000","297,870,000","324,418,000","259,136,000","276,723,000","263,382,000","274,629,000","268,526,000","260,564,000","265,986,000","275,317,000","275,600,000","267,129,000","252,572,000","237,155,000",,"428,397,000","388,911,000","366,816,000","362,554,000","347,519,000","312,559,000","328,554,000","366,791,000","350,903,000","281,529,000","293,613,000","214,339,000","159,414,000","142,608,000","152,521,000","138,056,000","151,052,000","142,595,000","151,965,000","142,646,000","145,237,000","126,267,000","127,446,000",,"102,222,000","96,831,000","100,383,000",,"82,700,000","74,366,000","76,305,000",,"74,644,000","65,925,000","65,037,000",,"60,046,000","50,820,000","33,348,000",,"21,625,000","18,014,000","8,396,000",,"8,782,000","9,047,000","8,816,000",,"7,988,000","7,217,000","7,377,000",,,,,,,,,,,,,,,,,,,,,,,,,,,,,,,,,,,,,
ReconciledDepreciation,"432,594,000","132,845,000","105,524,000","94,191,000","100,034,000","112,037,000","111,985,000","97,007,000","96,913,000","96,982,000","101,085,000","117,731,000","123,135,000","119,024,000","120,013,000","118,411,000","115,337,000","122,287,000","117,641,000","144,012,000","145,886,000","149,230,000","146,499,000","148,893,000","150,648,000","145,713,000","147,552,000","141,830,000","131,112,000","159,449,000","135,772,000","134,318,000","153,869,000","142,749,000","129,606,000","140,725,000","148,918,000","138,881,000","133,390,000","140,313,000","145,304,000","165,998,000","141,012,000","137,120,000","136,860,000","136,674,000","139,580,000","139,808,000","140,250,000","145,356,000","135,891,000","141,628,000","136,178,000","139,771,000","145,878,000","134,734,000","156,955,000","70,057,000","143,319,000","136,303,000","112,956,000","110,293,000","102,516,000","106,172,000","94,181,000","94,220,000","85,124,000","86,021,000","81,410,000","73,596,000","61,699,000","60,062,000","58,465,000","61,579,000","52,735,000","53,014,000","52,583,000","56,664,000","52,011,000","49,563,000","47,588,000","32,636,000","29,275,000","30,086,000","31,865,000","26,880,000","25,026,000","24,687,000","23,253,000","23,285,000","21,438,000","19,585,000","19,292,000","17,595,000","14,771,000","15,663,000","11,171,000","31,388,000","7,035,000","5,749,000","3,228,000","5,269,000","3,189,000","3,152,000","3,090,000","3,061,000","3,002,000","2,936,000","2,801,000","2,800,000","2,700,000","2,700,000","2,600,000","2,800,000","2,900,000","2,800,000","2,900,000","3,000,000","2,800,000","2,900,000","2,800,000","3,000,000","2,700,000","2,800,000","2,800,000",,,,,,,,,,,,,,,,,,,,,
NetIncomeFromContinuingOperationNetMinorityInterest,"175,999,000","27,415,000","63,522,000","64,512,000","20,550,000","-194,979,000","65,700,000","-185,220,000","17,494,000","205,695,000","335,446,000","2,412,667,000","194,159,000","112,770,000","203,118,000","123,385,000","10,043,000","43,059,000","35,032,000","131,438,000","61,453,000","666,298,000","89,611,000","238,351,000","-94,515,000","249,123,000","184,771,000","186,790,000","88,236,000","80,560,000","93,393,000","94,856,000","80,826,000","-182,753,000","84,623,000","94,204,000","55,861,000","41,217,000","83,992,000","26,285,000","194,807,000","88,056,000","50,079,000","108,123,000","278,348,000","277,353,000","104,252,000","72,106,000","214,552,000","-139,552,000","97,296,000","-37,635,000","140,110,000","-202,515,000","45,599,000","86,655,000","311,849,000","137,872,000","106,186,000","165,960,000","166,962,000","119,873,000","127,975,000","146,407,000","132,026,000","120,005,000","38,764,000","149,366,000","198,456,000","239,741,000","98,728,000","94,239,000","81,612,000","46,446,000","71,139,000","82,396,000","89,098,000","51,984,000","62,805,000","68,711,000","79,532,000","64,337,000","76,780,000","66,112,000","59,449,000","51,723,000","68,119,000","56,953,000","58,321,000","46,500,000","55,046,000","52,026,000","48,928,000","40,015,000","45,082,000","36,316,000","31,487,000","21,896,000","15,626,000","13,788,000","9,690,000","15,419,000","14,939,000","15,120,000","15,922,000","14,411,000","13,567,000","13,185,000","11,837,000","10,500,000","10,500,000","10,100,000","10,100,000","8,200,000","7,100,000","13,300,000","3,200,000","-6,300,000","2,400,000","2,600,000","2,500,000","2,000,000","3,500,000","2,100,000","2,900,000","-2,300,000","3,200,000","3,400,000","2,500,000","3,300,000",,,,,,,,,,,,,,,,
TotalUnusualItemsExcludingGoodwill,"49,832,000","17,736,000","345,000","31,863,000","731,000","-270,475,000","201,073,000","28,560,000","-118,909,000","110,091,000","307,652,000","99,489,000","221,499,000","76,858,000","137,662,000","19,270,000","-33,934,000","13,426,000","2,183,000","5,125,000","1,249,000","443,936,000","3,023,000","182,509,000","-150,539,000","170,034,000","105,190,000","26,838,000","33,086,000","30,021,000","26,918,000","105,631,000","15,508,000","5,930,000","20,192,000","53,601,000","-74,912,000","-324,572,000","12,110,000","-29,739,000","23,907,000","17,561,000","-29,073,000","22,085,000","103,951,000","214,634,000","41,749,000","9,831,000","5,242,000","-293,886,000","7,839,000","17,684,000","0","-74,227,000","160,000","2,660,000","-2,283,000","-19,267,000","1,012,000","15,778,000","-7,898,000","10,546,000","8,032,000","56,947,000","548,000","22,106,000","13,448,000","0","3,488,000","18,999,000","-1,475,000","0","776,000","2,183,000","1,266,000","-1,294,000","188,000","-18,524,000","4,503,000","-4,981,000","1,531,000","-3,929,000","6,495,000","1,934,000","-9,723,000",,"8,405,000",,"2,560,000",,,,,"-49,000","9,649,000",,,,"332,000","292,000","287,000","246,000","180,000","116,000","358,000","70,000","79,000","293,000","-142,000",,,,,,,,,,,,,"700,000","2,300,000","100,000","1,800,000",,,,,,,,,,,,,,,,,,,,,
TotalUnusualItems,"49,832,000","17,736,000","345,000","31,863,000","731,000","-270,475,000","201,073,000","28,560,000","-118,909,000","110,091,000","307,652,000","99,489,000","221,499,000","76,858,000","137,662,000","19,270,000","-33,934,000","13,426,000","2,183,000","5,125,000","1,249,000","443,936,000","3,023,000","182,509,000","-150,539,000","170,034,000","105,190,000","26,838,000","33,086,000","30,021,000","26,918,000","105,631,000","15,508,000","5,930,000","20,192,000","53,601,000","-74,912,000","-324,572,000","12,110,000","-29,739,000","23,907,000","17,561,000","-29,073,000","22,085,000","103,951,000","214,634,000","41,749,000","9,831,000","5,242,000","-293,886,000","7,839,000","17,684,000","0","-74,227,000","160,000","2,660,000","-2,283,000","-19,267,000","1,012,000","15,778,000","-7,898,000","10,546,000","8,032,000","56,947,000","548,000","22,106,000","13,448,000","0","3,488,000","18,999,000","-1,475,000","0","776,000","2,183,000","1,266,000","-1,294,000","188,000","-18,524,000","4,503,000","-4,981,000","1,531,000","-3,929,000","6,495,000","1,934,000","-9,723,000",,"8,405,000",,"2,560,000",,,,,"-49,000","9,649,000",,,,"332,000","292,000","287,000","246,000","180,000","116,000","358,000","70,000","79,000","293,000","-142,000",,,,,,,,,,,,,"700,000","2,300,000","100,000","1,800,000",,,,,,,,,,,,,,,,,,,,,
NormalizedEBITDA,"790,668,000","228,823,000","197,857,000","189,481,000","173,664,000","221,632,000","55,894,000","-92,969,000","178,712,000","225,812,000","237,473,000","2,698,582,000","238,882,000","248,081,000","283,998,000","283,886,000","231,432,000","283,330,000","230,913,000","373,904,000","303,565,000","497,175,000","335,802,000","331,468,000","302,918,000","346,360,000","333,475,000","327,689,000","292,620,000","354,425,000","330,925,000","304,745,000","340,838,000","60,906,000","340,026,000","325,261,000","423,235,000","617,111,000","346,182,000","346,319,000","481,344,000","381,013,000","371,613,000","383,435,000","480,929,000","338,006,000","366,618,000","364,371,000","508,475,000","388,805,000","379,211,000","341,944,000","431,306,000","186,451,000","338,614,000","357,589,000","424,322,000","580,673,000","371,877,000","343,543,000","398,195,000","249,167,000","259,896,000","322,529,000","328,122,000","258,041,000","265,048,000","288,206,000","295,355,000","235,273,000","238,615,000","243,894,000","220,269,000","220,185,000","212,778,000","229,612,000","228,054,000","189,230,000","207,397,000","220,593,000","217,533,000",,"156,298,000","150,733,000","177,746,000",,"155,336,000","145,687,000","141,193,000",,"125,951,000","118,758,000","109,494,000",,"89,375,000","83,150,000","65,058,000",,"38,451,000","34,617,000","16,709,000",,"22,156,000","22,348,000","22,877,000",,"20,412,000","20,215,000","18,965,000",,,,,"17,100,000",,"15,900,000","16,700,000","1,200,000","15,300,000","15,700,000","15,500,000","14,700,000","15,000,000","15,000,000","14,700,000",,,,,,,,,,,,,,,,,,,,,
TaxRateForCalcs,"0.27","0.239","0.27","0.036","0.068","0.009","0.257","0.27","0.27","0.125","0.062","0.01","0.122","0.251","0.009","0.004","0.27","0.4","0.031","0.4","0.03","0.4","0.047","0.008","0.4","0.4","0.014","0.4","0.009","0.021","0.028","0.022","0.016","0.068","0.019","0.024","0.013","0.35","0.027","0.139","0.031","0.052","0.103","0.043","0.02","0.021","0.045","0.06","0.024","0.35","0.045","0.35","0.031","0.35","0.089","0.047","0.35","0.045","0.025","0.019","0.35","0.4","0.4","0.4","0.4","0.4","0.4","0.4","0.4","0.4","0.4","0.4","0.4","0.4","0.4","0.4","0.4","0.4","0.4","0.4","0.4","0.4","0.4","0.4","0.4","0.4","0.4","0.4","0.4","0.4","0.4","0.4","0.4","0.4","0.4","0.4","0.4","0.4","0.4","0.4","0.4","0.4","0.4","0.4","0.4","0.4","0.4","0.4","0.4","0.4","0.4","0.4","0.4","0","0.4","0.4","0.4","0.382","0.4","0.395","0.4","0.4","0.397","0.4","0.4","0.4","0.4","0.4","0.4","0.4",,,,,,,,,,,,,,,,
TaxEffectOfUnusualItems,"13,454,640","4,244,263.887","93,150","1,136,178.919","50,050.178","-2,313,838.486","51,684,739.161","7,711,200","-32,105,430","13,735,729.612","18,951,436.832","1,020,620.917","27,119,777.202","19,279,859.959","1,210,063.453","85,606.153","-9,162,180","5,370,400","67,599.937","2,050,000","37,406.892","177,574,400","143,481.902","1,436,151.129","-60,215,600","68,013,600","1,475,314.119","10,735,200","291,064.235","632,036.15","748,566.529","2,274,617.786","250,734.882","401,935.324","387,710.409","1,272,276.393","-969,152.944","-113,600,200","332,356.154","-4,142,247.528","735,520.267","915,972.878","-2,980,562.425","958,619.762","2,086,946.604","4,463,595.771","1,887,166.012","591,056.713","123,567.497","-102,860,100","350,522.226","6,189,400","0","-25,979,450","14,281.046","126,107.087","-799,050","-863,808.561","24,816.973","294,274.22","-2,764,300","4,218,400","3,212,800","22,778,800","219,200","8,842,400","5,379,200","0","1,395,200","7,599,600","-590,000","0","310,400","873,200","506,400","-517,600","75,200","-7,409,600","1,801,200","-1,992,400","612,400","-1,571,600","2,598,000","773,600","-3,889,200","0","3,362,000","0","1,024,000","0","0","0","0","-19,600","3,859,600","0","0","0","132,800","116,800","114,800","98,400","72,000","46,400","143,200","28,000","31,600","117,200","-56,800","0","0","0","0","0","0","0","0","0","0","0","0","280,000","912,068.966","40,000","720,000","0","0","0","0","0",,,,,,,,,,,,,,,,