name,ttm,12/31/2021,09/30/2021,06/30/2021,03/31/2021,12/31/2020,09/30/2020,06/30/2020,03/31/2020,12/31/2019,09/30/2019,06/30/2019,03/31/2019,12/31/2018,09/30/2018,06/30/2018,03/31/2018,12/31/2017,09/30/2017,06/30/2017,03/31/2017,12/31/2016,09/30/2016,06/30/2016,03/31/2016,12/31/2015,09/30/2015,06/30/2015,03/31/2015,12/31/2014,09/30/2014,06/30/2014,03/31/2014,12/31/2013,09/30/2013,06/30/2013,03/31/2013,12/31/2012,09/30/2012,06/30/2012,03/31/2012,12/31/2011,09/30/2011,06/30/2011,03/31/2011,12/31/2010,09/30/2010,06/30/2010,03/31/2010,12/31/2009,09/30/2009,06/30/2009,03/31/2009,12/31/2008,09/30/2008,06/30/2008,03/31/2008
TotalRevenue,"2,998,600,000","766,000,000","759,000,000","747,500,000","726,100,000","713,400,000","702,700,000","678,800,000","689,800,000","676,800,000","652,700,000","652,600,000","625,000,000","613,900,000","598,700,000","601,300,000","581,200,000","570,300,000","549,100,000","523,200,000","502,600,000","506,123,000","498,081,000","498,296,000","492,701,000","560,562,000","550,401,000","497,650,000","459,397,000","464,864,000","448,665,000","423,554,000","409,643,000","332,463,000","438,597,000","421,320,000","403,323,000","415,730,000","398,863,000","373,226,000","346,501,000","351,593,000","340,098,000","327,280,000","312,869,000","293,158,000","287,354,000","281,677,000","276,154,000","265,126,000","258,311,000","257,916,000","245,751,000","231,469,000","224,391,000","222,072,000","215,618,000"
	OperatingRevenue,"2,998,600,000","766,000,000","759,000,000","747,500,000","726,100,000","713,400,000","702,700,000","678,800,000","689,800,000","676,800,000","652,700,000","652,600,000","625,000,000","613,900,000","598,700,000","601,300,000","581,200,000","570,300,000","549,100,000","523,200,000","502,600,000","506,123,000","498,081,000","498,296,000","492,701,000","560,562,000","550,401,000","497,650,000","459,397,000","464,864,000","448,665,000","423,554,000","409,643,000","332,463,000","438,597,000","421,320,000","403,323,000","415,730,000","398,863,000","373,226,000","346,501,000","351,593,000","340,098,000","327,280,000","312,869,000","293,158,000","287,354,000","281,677,000","276,154,000","265,126,000","258,311,000","257,916,000","245,751,000","231,469,000","224,391,000","222,072,000","215,618,000"
CostOfRevenue,"1,057,800,000","265,200,000","265,300,000","264,900,000","262,400,000","260,500,000","240,000,000","235,800,000","257,700,000","259,800,000","242,900,000","242,700,000","231,400,000","224,000,000","219,200,000","222,400,000","221,200,000","208,700,000","198,500,000","193,700,000","182,900,000","192,992,000","169,665,000","178,466,000","173,277,000","213,695,000","210,167,000","195,196,000","184,216,000","193,582,000","180,873,000","172,470,000","169,673,000","106,831,000","176,580,000","174,663,000","164,449,000","170,021,000","156,749,000","147,074,000","133,330,000","140,375,000","137,619,000","131,185,000","124,556,000","116,475,000","117,005,000","115,000,000","114,993,000","153,410,000","117,383,000","112,978,000","107,523,000","97,912,000","98,307,000","97,368,000","93,310,000"
GrossProfit,"1,940,800,000","500,800,000","493,700,000","482,600,000","463,700,000","452,900,000","462,700,000","443,000,000","432,100,000","417,000,000","409,800,000","409,900,000","393,600,000","389,900,000","379,500,000","378,900,000","360,000,000","361,600,000","350,600,000","329,500,000","319,700,000","313,131,000","328,416,000","319,830,000","319,424,000","346,867,000","340,234,000","302,454,000","275,181,000","271,282,000","267,792,000","251,084,000","239,970,000","225,632,000","262,017,000","246,657,000","238,874,000","245,709,000","242,114,000","226,152,000","213,171,000","211,218,000","202,479,000","196,095,000","188,313,000","176,683,000","170,349,000","166,677,000","161,161,000","111,716,000","140,928,000","144,938,000","138,228,000","133,557,000","126,084,000","124,704,000","122,308,000"
OperatingExpense,"806,300,000","173,000,000","204,800,000","215,200,000","213,300,000","182,900,000","187,300,000","183,300,000","179,800,000","216,600,000","334,100,000","191,600,000","191,200,000","173,700,000","168,400,000","166,600,000","165,500,000","151,600,000","142,200,000","134,500,000","132,000,000","127,661,000","129,994,000","128,751,000","126,795,000","151,199,000","131,354,000","148,732,000","96,889,000","94,235,000","92,302,000","92,018,000","91,127,000","79,878,000","92,427,000","95,159,000","91,449,000","86,735,000","86,863,000","87,750,000","74,210,000","72,361,000","71,070,000","75,641,000","69,016,000","63,520,000","56,631,000","59,602,000","54,747,000","69,558,000","56,133,000","57,087,000","51,025,000","57,362,000","48,360,000","45,767,000","44,622,000"
	SellingGeneralAndAdministration,"422,700,000","76,400,000","115,100,000","111,400,000","119,800,000","109,100,000","96,400,000","96,400,000","112,100,000","124,800,000","255,000,000","112,300,000","111,400,000","97,700,000","95,700,000","93,000,000","91,800,000","87,200,000","80,900,000","78,800,000","75,900,000","77,192,000","77,814,000","75,557,000","71,037,000","83,782,000","79,310,000","91,292,000","58,306,000","56,934,000","56,164,000","57,074,000","57,134,000","49,472,000","59,330,000","61,152,000","59,028,000","56,200,000","58,707,000","62,473,000","53,979,000","52,829,000","51,475,000","55,909,000","49,256,000","45,240,000","40,982,000","42,638,000","37,514,000","51,879,000","38,500,000","38,905,000","33,320,000","39,946,000","32,265,000","30,354,000","28,674,000"
	DepreciationAmortizationDepletionIncomeStatement,"383,600,000","96,600,000","89,700,000","103,800,000","93,500,000","93,200,000","90,900,000","86,900,000","87,100,000","85,600,000","79,100,000","79,300,000","79,800,000","76,000,000","72,700,000","73,600,000","73,700,000","64,400,000","61,300,000","55,700,000","56,100,000","50,469,000","52,180,000","53,194,000","55,758,000","67,417,000","52,044,000","57,440,000","38,583,000","37,301,000","36,138,000","34,944,000","33,993,000","30,406,000","33,097,000","34,007,000","32,421,000","30,535,000","28,156,000","25,277,000","20,231,000","19,532,000","19,595,000","19,732,000","19,760,000","17,736,000","16,193,000","16,964,000","17,233,000","17,679,000","17,633,000","18,182,000","17,705,000","17,416,000","16,095,000","15,413,000","15,948,000"
		DepreciationAndAmortizationInIncomeStatement,"383,600,000","96,600,000","89,700,000","103,800,000","93,500,000","93,200,000","90,900,000","86,900,000","87,100,000","85,600,000","79,100,000","79,300,000","79,800,000","76,000,000","72,700,000","73,600,000","73,700,000","64,400,000","61,300,000","55,700,000","56,100,000","50,469,000","52,180,000","53,194,000","55,758,000","67,417,000","52,044,000","57,440,000","38,583,000","37,301,000","36,138,000","34,944,000","33,993,000","30,406,000","33,097,000","34,007,000","32,421,000","30,535,000","28,156,000","25,277,000","20,231,000","19,532,000","19,595,000","19,732,000","19,760,000","17,736,000","16,193,000","16,964,000","17,233,000","17,679,000","17,633,000","18,182,000","17,705,000","17,416,000","16,095,000","15,413,000","15,948,000"
			DepreciationIncomeStatement,"206,900,000","53,000,000","52,100,000","53,300,000","48,500,000","50,900,000","49,400,000","45,900,000","46,100,000","47,700,000","45,800,000","45,700,000","46,600,000","43,700,000","39,500,000","41,600,000","40,500,000","36,200,000","33,800,000","31,800,000","33,800,000","28,324,000","29,501,000","29,388,000","31,887,000","34,049,000","33,501,000","28,628,000","24,442,000","23,051,000","21,951,000","20,723,000","19,781,000","16,461,000","17,704,000","16,811,000","15,214,000","13,176,000","12,714,000","13,090,000","11,644,000","10,869,000","10,798,000","10,855,000","11,305,000","10,820,000","10,035,000","9,944,000","9,929,000","10,044,000","9,621,000","9,718,000","9,195,000","9,839,000","9,054,000","8,517,000","7,907,000"
			Amortization,"176,700,000","43,600,000","37,600,000","50,500,000","45,000,000","42,300,000","41,500,000","41,000,000","41,000,000","37,900,000","33,300,000","33,600,000","33,200,000","32,300,000","33,200,000","32,000,000","33,200,000","28,200,000","27,500,000","23,900,000","22,300,000","22,145,000","22,679,000","23,806,000","23,871,000","33,368,000","18,543,000","28,812,000","14,141,000","14,250,000","14,187,000","14,221,000","14,212,000","13,945,000","15,393,000","17,196,000","17,207,000","17,359,000","15,442,000","12,187,000","8,587,000","8,663,000","8,797,000","8,877,000","8,455,000","6,916,000","6,158,000","7,020,000","7,304,000","7,635,000","8,012,000","8,464,000","8,510,000","7,577,000","7,041,000","6,896,000","8,041,000"
				AmortizationOfIntangiblesIncomeStatement,"176,700,000","43,600,000","37,600,000","50,500,000","45,000,000","42,300,000","41,500,000","41,000,000","41,000,000","37,900,000","33,300,000","33,600,000","33,200,000","32,300,000","33,200,000","32,000,000","33,200,000","28,200,000","27,500,000","23,900,000","22,300,000","22,145,000","22,679,000","23,806,000","23,871,000","33,368,000","18,543,000","28,812,000","14,141,000","14,250,000","14,187,000","14,221,000","14,212,000","13,945,000","15,393,000","17,196,000","17,207,000","17,359,000","15,442,000","12,187,000","8,587,000","8,663,000","8,797,000","8,877,000","8,455,000","6,916,000","6,158,000","7,020,000","7,304,000","7,635,000","8,012,000","8,464,000","8,510,000","7,577,000","7,041,000","6,896,000","8,041,000"
	OtherOperatingExpenses,,"134,000,000",,,,,,,"-19,400,000",,,,,,,,,,,,,,,,,,,,,,,,,,,,,,,,,,,,,,"-544,000",,,,,,,,,,
OperatingIncome,"1,134,500,000","327,800,000","288,900,000","267,400,000","250,400,000","270,000,000","275,400,000","259,700,000","252,300,000","200,400,000","75,700,000","218,300,000","202,400,000","216,200,000","211,100,000","212,300,000","194,500,000","210,000,000","208,400,000","195,000,000","187,700,000","185,470,000","198,422,000","191,079,000","192,629,000","195,668,000","208,880,000","153,722,000","178,292,000","177,047,000","175,490,000","159,066,000","148,843,000","145,754,000","169,590,000","151,498,000","147,425,000","158,974,000","155,251,000","138,402,000","138,961,000","138,857,000","131,409,000","120,454,000","119,297,000","113,163,000","113,718,000","107,075,000","106,414,000","42,158,000","84,795,000","87,851,000","87,203,000","76,195,000","77,724,000","78,937,000","77,686,000"
NetNonOperatingInterestIncomeExpense,"-127,000,000","-30,200,000","-29,900,000","-31,500,000","-35,400,000","-35,300,000","-35,300,000","-34,200,000","-33,500,000","-33,100,000","-31,300,000","-30,500,000","-31,900,000","-32,600,000","-32,400,000","-31,900,000","-32,800,000","-32,100,000","-30,300,000","-28,500,000","-28,400,000","-28,383,000","-28,150,000","-31,435,000","-32,032,000","-32,389,000","-33,003,000","-37,662,000","-18,262,000","-17,588,000","-17,498,000","-17,459,000","-17,439,000","-17,650,000","-18,692,000","-19,704,000","-20,090,000","-21,010,000","-17,997,000","-17,221,000","-16,280,000","-14,652,000","-14,494,000","-14,895,000","-9,605,000","-8,964,000","-8,484,000","-8,445,000","-8,466,000","-9,012,000","-9,449,000","-8,523,000","-8,154,000","-8,750,000","-8,393,000","-7,847,000","-6,326,000"
	InterestIncomeNonOperating,,,,,,,,,,,,,,,,,,,,,,,,,,,,,,,,,,,,,,,"136,000","156,000","105,000","102,000","99,000",,"10,000",,,,,,,,,,,,
	InterestExpenseNonOperating,"127,000,000","30,200,000","29,900,000","31,500,000","35,400,000","35,300,000","35,300,000","34,200,000","33,500,000","33,100,000","31,300,000","30,500,000","31,900,000","32,600,000","32,400,000","31,900,000","32,800,000","32,100,000","30,300,000","28,500,000","28,400,000","28,383,000","28,150,000","31,435,000","32,032,000","32,389,000","33,003,000","37,662,000","18,262,000","17,588,000","17,498,000","17,459,000","17,439,000","17,650,000","18,692,000","19,704,000","20,090,000","20,613,000","18,133,000","17,377,000","16,385,000","14,754,000","14,593,000","14,895,000","9,615,000","9,269,000","8,484,000","8,445,000","8,466,000","9,139,000","9,449,000","8,523,000","8,154,000","8,750,000","8,393,000","7,847,000","6,326,000"
OtherIncomeExpense,"-132,100,000","-133,400,000","100,000","-500,000","1,700,000","-18,700,000","-100,000","-700,000","-2,100,000","4,800,000","-5,500,000","-500,000","-400,000","-4,000,000","14,100,000","4,600,000","600,000","1,300,000","2,600,000","3,400,000","1,900,000","3,086,000","2,124,000","846,000","44,000","-150,000","17,912,000","84,966,000","-538,000","234,000","-285,000","200,000","9,000","393,000","228,000","133,000","-145,000","466,000","-638,000","-30,000","330,000","285,000","-86,000","3,489,000","362,000","386,000","68,000","121,000","64,000","-2,044,000","53,000","82,000","-355,000","-646,000","2,000","775,000","-458,000"
	GainOnSaleOfSecurity,"1,900,000","600,000","100,000","-500,000","1,700,000","700,000","-100,000","-700,000","-2,100,000","4,800,000","-5,500,000","-500,000","-400,000","-4,000,000","14,100,000","4,600,000","600,000","1,300,000","2,600,000","3,400,000","1,900,000","3,086,000","2,124,000","846,000","44,000","-150,000","17,912,000","84,966,000","-538,000","234,000","-285,000","200,000","9,000","393,000","228,000","133,000","-145,000","466,000","-638,000","-30,000","330,000","285,000","-86,000","125,000","362,000","25,000","9,000","29,000","32,000",,,"33,000","-398,000",,,"-12,000","-1,274,000"
	SpecialIncomeCharges,"-134,000,000",,,,,,,,,,,,,,,,,,,,,,,,,,,,,,,,,,,,,"0","0","0",,"0","0","3,364,000",,"361,000","59,000","92,000","32,000",,"53,000","49,000","43,000","1,865,000","2,000","787,000","816,000"
		RestructuringAndMergernAcquisition,,,,,,,,,,,,,,,,,,,,,,,,,,,,,,,,,,,,,,"0","0","0",,"0","0",,,,,,,,,,,,,,
		ImpairmentOfCapitalAssets,"134,000,000"
		OtherSpecialCharges,,,,,,,,,,,,,,,,,,,,,,,,,,,,,,,,,,,,,,,,"-156,000",,,,,,,,,,,,,,,,,
PretaxIncome,"875,400,000","164,200,000","259,100,000","235,400,000","216,700,000","216,000,000","240,000,000","224,800,000","216,700,000","172,100,000","38,900,000","187,300,000","170,100,000","179,600,000","192,800,000","185,000,000","162,300,000","179,200,000","180,700,000","169,900,000","161,200,000","160,173,000","172,396,000","160,490,000","160,641,000","163,129,000","193,789,000","201,026,000","159,492,000","159,693,000","157,707,000","141,807,000","131,413,000","128,497,000","151,126,000","131,927,000","127,190,000","138,430,000","136,616,000","121,151,000","123,011,000","124,490,000","116,829,000","109,048,000","110,054,000","104,585,000","105,302,000","98,751,000","98,012,000","31,102,000","75,399,000","79,410,000","78,694,000","66,799,000","69,333,000","71,865,000","70,902,000"
TaxProvision,"209,100,000","22,400,000","54,200,000","83,800,000","48,700,000","39,800,000","54,200,000","45,800,000","45,000,000","39,900,000","6,000,000","36,900,000","35,700,000","33,400,000","26,800,000","31,500,000","29,300,000","-25,400,000","60,000,000","48,900,000","52,400,000","52,716,000","44,819,000","53,754,000","50,911,000","49,372,000","61,975,000","37,706,000","60,806,000","60,383,000","58,692,000","53,708,000","46,972,000","47,340,000","54,685,000","47,722,000","46,679,000","40,131,000","53,705,000","47,820,000","48,410,000","44,172,000","45,842,000","43,471,000","44,178,000","38,692,000","42,422,000","40,347,000","42,637,000","37,547,000","33,194,000","33,471,000","33,779,000","30,360,000","28,493,000","31,942,000","29,876,000"
NetIncomeCommonStockholders,"666,300,000","142,000,000","201,700,000","154,000,000","168,600,000","176,200,000","185,800,000","179,000,000","171,700,000","132,200,000","32,900,000","150,400,000","134,400,000","146,200,000","166,000,000","153,500,000","133,000,000","204,600,000","120,700,000","121,000,000","108,800,000","109,248,000","127,577,000","261,736,000","92,639,000","113,757,000","131,814,000","163,320,000","98,686,000","97,370,000","99,015,000","88,099,000","115,558,000","87,223,000","96,441,000","84,205,000","80,511,000","98,299,000","82,911,000","73,331,000","74,601,000","80,318,000","70,987,000","65,577,000","65,876,000","65,893,000","62,880,000","58,404,000","55,375,000","-6,445,000","42,205,000","45,939,000","44,915,000","36,439,000","40,840,000","39,923,000","41,026,000"
	NetIncome,"666,300,000","142,000,000","201,700,000","154,000,000","168,600,000","176,200,000","185,800,000","179,000,000","171,700,000","132,200,000","32,900,000","150,400,000","134,400,000","146,200,000","166,000,000","153,500,000","133,000,000","204,600,000","120,700,000","121,000,000","108,800,000","109,248,000","127,577,000","261,736,000","92,639,000","113,757,000","131,814,000","163,320,000","98,686,000","97,370,000","99,015,000","88,099,000","115,558,000","87,223,000","96,441,000","84,205,000","80,511,000","98,299,000","82,911,000","73,331,000","74,601,000","80,318,000","70,987,000","65,577,000","65,876,000","65,893,000","62,880,000","58,404,000","55,375,000","-6,445,000","42,205,000","45,939,000","44,915,000","36,439,000","40,840,000","39,923,000","41,026,000"
		NetIncomeIncludingNoncontrollingInterests,"666,300,000","141,800,000","204,900,000","151,600,000","168,000,000","176,200,000","185,800,000","179,000,000","171,700,000","132,200,000","32,900,000","150,400,000","134,400,000","146,200,000","166,000,000","153,500,000","133,000,000","204,600,000","120,700,000","121,000,000","108,800,000","109,248,000","127,577,000","261,736,000","92,639,000","113,757,000","131,814,000","163,320,000","98,686,000","97,370,000","99,015,000","88,099,000","115,558,000","87,223,000","96,441,000","84,205,000","80,511,000","98,299,000","82,911,000","73,331,000","74,601,000","80,318,000","70,987,000","65,577,000","65,876,000","65,893,000","62,880,000","58,404,000","55,375,000","-6,445,000","42,205,000","45,939,000","44,915,000","36,439,000","40,840,000","39,923,000","41,026,000"
			NetIncomeContinuousOperations,"666,300,000","141,800,000","204,900,000","151,600,000","168,000,000","176,200,000","185,800,000","179,000,000","171,700,000","132,200,000","32,900,000","150,400,000","134,400,000","146,200,000","166,000,000","153,500,000","133,000,000","204,600,000","120,700,000","121,000,000","108,800,000","107,457,000","127,577,000","106,736,000","109,730,000","113,757,000","131,814,000","163,320,000","98,686,000","99,310,000","99,015,000","88,099,000","84,441,000","81,157,000","96,441,000","84,205,000","80,511,000","98,299,000","82,911,000","73,331,000","74,601,000","80,318,000","70,987,000","65,577,000","65,876,000","65,893,000","62,880,000","58,404,000","55,375,000","-6,445,000","42,205,000","45,939,000","44,915,000","36,439,000","40,840,000","39,923,000","41,026,000"
			NetIncomeDiscontinuousOperations,,,,,,,,,,,,,,,,,,"0","0","0","0","-3,525,000","0","254,745,000","1,780,000","0","0","0","0","-1,940,000","0","0","31,117,000",,,,,,,,,,,,,,,,,,,,,,,,
			NetIncomeFromTaxLossCarryforward,,,,,,,,,,,,,,,,,,"0","0","0","0","5,316,000","0","-99,745,000","-18,871,000",,,,,,,,,,,,,,,,,,,,,,,,,,,,,,,,
		MinorityInterests,"100,000","300,000","-3,200,000","2,400,000","600,000",,,,,,,,,,,,,,,,,,,,,,,,,,,,,,,,,,,,,,,,,,,,,,,,,,,,
DilutedNIAvailtoComStockholders,"666,300,000","142,000,000","201,700,000","154,000,000","168,600,000","176,200,000","185,800,000","179,000,000","171,700,000","132,200,000","32,900,000","150,400,000","134,400,000","146,200,000","166,000,000","153,500,000","133,000,000","204,600,000","120,700,000","121,000,000","108,800,000","109,248,000","127,577,000","261,736,000","92,639,000","113,757,000","131,814,000","163,320,000","98,686,000","97,370,000","99,015,000","88,099,000","115,558,000","87,223,000","96,441,000","84,205,000","80,511,000","98,299,000","82,911,000","73,331,000","74,601,000","80,318,000","70,987,000","65,577,000","65,876,000","65,893,000","62,880,000","58,404,000","55,375,000","-6,445,000","42,205,000","45,939,000","44,915,000","36,439,000","40,840,000","39,923,000","41,026,000"
BasicEPS,,"0.88","1.25","0.95","1.04",,"1.14","1.1","1.05","0.81","0.2","0.92","0.82","0.89","1.01","0.93","0.81","1.24","0.73","0.73","0.65","0.65","0.76","1.56","0.55","0.67","0.78","0.99","0.62",,"0.6","0.53","0.69",,"0.57","0.5","0.48",,"0.5","0.44","0.45",,"0.43","0.39","0.39",,"0.35","0.32","0.31",,"0.24","0.27","0.26",,"0.22",,"0.237"
DilutedEPS,,"0.87","1.24","0.94","1.03",,"1.12","1.08","1.04","0.8","0.2","0.9","0.81","0.87","0.99","0.91","0.79","1.22","0.72","0.72","0.64","0.64","0.74","1.53","0.54","0.66","0.77","0.97","0.61",,"0.58","0.52","0.68",,"0.56","0.49","0.47",,"0.48","0.43","0.44",,"0.41","0.38","0.37",,"0.34","0.31","0.29",,"0.23","0.26","0.25",,"0.22",,"0.228"
BasicAverageShares,,"161,349,619","161,366,544","162,007,784","162,641,819",,"162,502,191","162,371,920","162,894,306","163,289,013","163,580,563","163,743,835","163,528,343","164,344,502","164,829,250","165,015,642","165,043,047","164,730,093","164,577,575","164,922,237","166,442,991","167,369,020","168,874,129","168,296,318","168,453,750","169,392,359","168,739,437","164,141,804","158,087,919",,"166,187,540","166,343,630","166,981,982",,"168,044,100","168,147,069","168,078,589",,"165,978,080","165,946,009","164,836,992",,"164,195,325","166,960,806","169,030,227",,"178,687,236","180,492,106","180,053,550",,"172,796,400","172,887,331","172,796,400",,"182,267,667",,"172,796,400"
DilutedAverageShares,,"163,079,591","162,792,791","163,046,538","164,436,717",,"165,731,226","165,103,088","165,724,120","166,218,621","166,779,618","166,697,276","166,544,945","167,346,841","168,200,766","168,651,202","168,992,535","168,333,256","167,957,058","168,314,296","170,150,862","170,200,721","171,785,900","171,218,782","171,480,884","172,566,722","172,171,337","167,586,100","161,481,213",,"169,522,448","169,503,664","170,421,489",,"172,154,553","172,467,688","172,760,641",,"171,660,543","171,901,349","171,350,820",,"171,169,658","174,634,046","176,964,192",,"187,188,667","189,541,893","189,454,756",,"179,850,850","179,824,479","179,850,850",,"189,667,514",,"179,850,850"
TotalOperatingIncomeAsReported,"1,000,500,000","193,800,000","288,900,000","267,400,000","250,400,000","250,600,000","275,400,000","259,700,000","252,300,000","200,400,000","75,700,000","218,300,000","202,400,000","216,200,000","211,100,000","212,300,000","194,500,000","210,000,000","208,400,000","195,000,000","187,700,000","185,470,000","198,422,000","191,079,000","192,629,000","195,668,000","208,880,000","153,722,000","178,292,000","177,047,000","175,490,000","159,066,000","148,843,000","145,754,000","169,590,000","151,498,000","147,425,000","158,974,000","155,251,000","138,402,000","138,961,000","138,857,000","131,409,000","123,818,000","119,297,000","113,707,000","113,718,000","107,075,000","106,414,000","42,158,000","84,795,000","87,851,000","87,203,000","76,195,000","77,724,000","78,937,000","77,686,000"
TotalExpenses,"1,864,100,000","438,200,000","470,100,000","480,100,000","475,700,000","443,400,000","427,300,000","419,100,000","437,500,000","476,400,000","577,000,000","434,300,000","422,600,000","397,700,000","387,600,000","389,000,000","386,700,000","360,300,000","340,700,000","328,200,000","314,900,000","320,653,000","299,659,000","307,217,000","300,072,000","364,894,000","341,521,000","343,928,000","281,105,000","287,817,000","273,175,000","264,488,000","260,800,000","186,709,000","269,007,000","269,822,000","255,898,000","256,756,000","243,612,000","234,824,000","207,540,000","212,736,000","208,689,000","206,826,000","193,572,000","179,995,000","173,636,000","174,602,000","169,740,000","222,968,000","173,516,000","170,065,000","158,548,000","155,274,000","146,667,000","143,135,000","137,932,000"
NetIncomeFromContinuingAndDiscontinuedOperation,"666,300,000","142,000,000","201,700,000","154,000,000","168,600,000","176,200,000","185,800,000","179,000,000","171,700,000","132,200,000","32,900,000","150,400,000","134,400,000","146,200,000","166,000,000","153,500,000","133,000,000","204,600,000","120,700,000","121,000,000","108,800,000","103,932,000","127,577,000","361,481,000","111,510,000","113,757,000","131,814,000","163,320,000","98,686,000","97,370,000","99,015,000","88,099,000","115,558,000","87,223,000","96,441,000","84,205,000","80,511,000","98,299,000","82,911,000","73,331,000","74,601,000","80,318,000","70,987,000","65,577,000","65,876,000","65,893,000","62,880,000","58,404,000","55,375,000","-6,445,000","42,205,000","45,939,000","44,915,000","36,439,000","40,840,000","39,923,000","41,026,000"
NormalizedIncome,"766,828,100","257,201,705.238","201,620,900","154,322,000","167,282,500","191,454,351.852","185,877,400","179,557,200","173,363,200","128,512,841.371","37,547,500","150,801,500","134,716,000","149,456,124.722","153,861,310","149,683,380","132,508,240","203,820,000","118,962,940","118,579,200","107,517,500","105,386,661.666","126,005,240","106,173,410","109,699,948","113,861,601.573","119,633,840","94,327,608","99,019,022","99,164,479.908","99,193,980","87,974,800","84,435,213","80,908,786.415","96,295,536","84,120,146","80,602,785","97,968,093.881","83,298,196.361","73,349,158.579","74,400,868.874","80,134,124.749","71,039,254.851","63,478,858.328","65,658,800","65,649,803.576","62,839,200","58,325,350","55,333,400","-5,072,200","42,170,550","45,885,700","45,145,750","36,858,900","40,838,700","39,419,250","41,323,700"
InterestIncome,,,,,,,,,,,,,,,,,,,,,,,,,,,,,,,,,,,,,,,"136,000","156,000","105,000","102,000","99,000",,"10,000",,,,,,,,,,,,
InterestExpense,"127,000,000","30,200,000","29,900,000","31,500,000","35,400,000","35,300,000","35,300,000","34,200,000","33,500,000","33,100,000","31,300,000","30,500,000","31,900,000","32,600,000","32,400,000","31,900,000","32,800,000","32,100,000","30,300,000","28,500,000","28,400,000","28,383,000","28,150,000","31,435,000","32,032,000","32,389,000","33,003,000","37,662,000","18,262,000","17,588,000","17,498,000","17,459,000","17,439,000","17,650,000","18,692,000","19,704,000","20,090,000","20,613,000","18,133,000","17,377,000","16,385,000","14,754,000","14,593,000","14,895,000","9,615,000","9,269,000","8,484,000","8,445,000","8,466,000","9,139,000","9,449,000","8,523,000","8,154,000","8,750,000","8,393,000","7,847,000","6,326,000"
NetInterestIncome,"-127,000,000","-30,200,000","-29,900,000","-31,500,000","-35,400,000","-35,300,000","-35,300,000","-34,200,000","-33,500,000","-33,100,000","-31,300,000","-30,500,000","-31,900,000","-32,600,000","-32,400,000","-31,900,000","-32,800,000","-32,100,000","-30,300,000","-28,500,000","-28,400,000","-28,383,000","-28,150,000","-31,435,000","-32,032,000","-32,389,000","-33,003,000","-37,662,000","-18,262,000","-17,588,000","-17,498,000","-17,459,000","-17,439,000","-17,650,000","-18,692,000","-19,704,000","-20,090,000","-21,010,000","-17,997,000","-17,221,000","-16,280,000","-14,652,000","-14,494,000","-14,895,000","-9,605,000","-8,964,000","-8,484,000","-8,445,000","-8,466,000","-9,012,000","-9,449,000","-8,523,000","-8,154,000","-8,750,000","-8,393,000","-7,847,000","-6,326,000"
EBIT,"1,002,400,000","194,400,000","289,000,000","266,900,000","252,100,000","251,300,000","275,300,000","259,000,000","250,200,000","205,200,000","70,200,000","217,800,000","202,000,000","212,200,000","225,200,000","216,900,000","195,100,000","211,300,000","211,000,000","198,400,000","189,600,000","188,556,000","200,546,000","191,925,000","192,673,000","195,518,000","226,792,000","238,688,000","177,754,000","177,281,000","175,205,000","159,266,000","148,852,000","146,147,000","169,818,000","151,631,000","147,280,000","159,043,000","154,749,000","138,528,000","139,396,000","139,244,000","131,422,000","123,943,000","119,669,000","113,854,000","113,786,000","107,196,000","106,478,000","40,241,000","84,848,000","87,933,000","86,848,000","75,549,000","77,726,000","79,712,000","77,228,000"
EBITDA,"1,386,000,000"
ReconciledCostOfRevenue,"1,057,800,000","265,200,000","265,300,000","264,900,000","262,400,000","260,500,000","240,000,000","235,800,000","257,700,000","259,800,000","242,900,000","242,700,000","231,400,000","224,000,000","219,200,000","222,400,000","221,200,000","208,700,000","198,600,000","193,700,000","182,900,000","192,952,000","169,666,000","178,397,000","160,386,000","213,695,000","210,167,000","195,196,000","184,216,000","193,581,000","180,873,000","172,470,000","168,567,000","102,184,000","176,580,000","174,663,000","164,449,000","170,021,000","156,749,000","147,074,000","133,330,000","140,375,000","137,619,000","131,185,000","124,556,000","116,475,000","117,005,000","115,000,000","114,993,000","153,410,000","117,383,000","112,978,000","107,523,000","97,912,000","98,307,000","97,368,000","93,310,000"
ReconciledDepreciation,"383,600,000","96,600,000","89,700,000","103,800,000","93,500,000","93,200,000","90,900,000","86,900,000","87,100,000","85,600,000","79,100,000","79,300,000","79,800,000","76,000,000","72,700,000","73,600,000","73,700,000","64,400,000","61,200,000","55,700,000","56,100,000","50,509,000","52,179,000","53,263,000","68,649,000","67,417,000","52,044,000","57,440,000","38,583,000","37,302,000","36,138,000","34,944,000","35,099,000","35,053,000","33,097,000","34,007,000","32,421,000","30,535,000","28,156,000","25,277,000","20,231,000","19,532,000","19,595,000","19,732,000","19,760,000","17,736,000","16,193,000","16,964,000","17,233,000","17,679,000","17,633,000","18,182,000","17,705,000","17,416,000","16,095,000","15,413,000","15,948,000"
NetIncomeFromContinuingOperationNetMinorityInterest,"666,300,000","142,000,000","201,700,000","154,000,000","168,600,000","176,200,000","185,800,000","179,000,000","171,700,000","132,200,000","32,900,000","150,400,000","134,400,000","146,200,000","166,000,000","153,500,000","133,000,000","204,600,000","120,700,000","121,000,000","108,800,000","107,457,000","127,577,000","106,736,000","109,730,000","113,757,000","131,814,000","163,320,000","98,686,000","99,310,000","99,015,000","88,099,000","84,441,000","81,157,000","96,441,000","84,205,000","80,511,000","98,299,000","82,911,000","73,331,000","74,601,000","80,318,000","70,987,000","65,577,000","65,876,000","65,893,000","62,880,000","58,404,000","55,375,000","-6,445,000","42,205,000","45,939,000","44,915,000","36,439,000","40,840,000","39,923,000","41,026,000"
TotalUnusualItemsExcludingGoodwill,"-132,100,000","-133,400,000","100,000","-500,000","1,700,000","-18,700,000","-100,000","-700,000","-2,100,000","4,800,000","-5,500,000","-500,000","-400,000","-4,000,000","14,100,000","4,600,000","600,000","1,300,000","2,600,000","3,400,000","1,900,000","3,086,000","2,124,000","846,000","44,000","-150,000","17,912,000","84,966,000","-538,000","234,000","-285,000","200,000","9,000","393,000","228,000","133,000","-145,000","466,000","-638,000","-30,000","330,000","285,000","-86,000","3,489,000","362,000","386,000","68,000","121,000","64,000","-2,112,000","53,000","82,000","-355,000","-646,000","2,000","775,000","-458,000"
TotalUnusualItems,"-132,100,000","-133,400,000","100,000","-500,000","1,700,000","-18,700,000","-100,000","-700,000","-2,100,000","4,800,000","-5,500,000","-500,000","-400,000","-4,000,000","14,100,000","4,600,000","600,000","1,300,000","2,600,000","3,400,000","1,900,000","3,086,000","2,124,000","846,000","44,000","-150,000","17,912,000","84,966,000","-538,000","234,000","-285,000","200,000","9,000","393,000","228,000","133,000","-145,000","466,000","-638,000","-30,000","330,000","285,000","-86,000","3,489,000","362,000","386,000","68,000","121,000","64,000","-2,112,000","53,000","82,000","-355,000","-646,000","2,000","775,000","-458,000"
NormalizedEBITDA,"1,518,100,000","424,400,000","378,600,000","371,200,000","343,900,000","363,200,000","366,300,000","346,600,000","339,400,000","286,000,000","154,800,000","297,600,000","282,200,000","292,200,000","283,800,000","285,900,000","268,200,000","274,400,000","269,700,000","250,700,000","243,800,000","235,979,000","250,602,000","244,342,000","261,278,000","263,085,000","260,924,000","211,162,000","216,875,000","214,349,000","211,628,000","194,010,000","183,942,000","180,807,000","202,687,000","185,505,000","179,846,000","189,112,000","183,543,000","163,835,000","159,297,000","158,491,000","151,103,000","140,186,000","139,067,000","131,204,000","129,911,000","124,039,000","123,647,000","60,032,000","102,428,000","106,033,000","104,908,000","93,611,000","93,819,000","94,350,000","93,634,000"
TaxRateForCalcs,"0.239","0.136","0.209","0.356","0.225","0.184","0.226","0.204","0.208","0.232","0.155","0.197","0.21","0.186","0.139","0.17","0.18","0.4","0.332","0.288","0.325","0.329","0.26","0.335","0.317","0.303","0.32","0.188","0.381","0.378","0.372","0.379","0.357","0.368","0.362","0.362","0.367","0.29","0.393","0.395","0.394","0.355","0.392","0.399","0.4","0.37","0.4","0.35","0.35","0.35","0.35","0.35","0.35","0.35","0.35","0.35","0.35"
TaxEffectOfUnusualItems,"-31,571,900","-18,198,294.762","20,900","-178,000","382,500","-3,445,648.148","-22,600","-142,800","-436,800","1,112,841.371","-852,500","-98,500","-84,000","-743,875.278","1,961,310","783,380","108,240","520,000","862,940","979,200","617,500","1,015,661.666","552,240","283,410","13,948","-45,398.427","5,731,840","15,973,608","-204,978","88,479.908","-106,020","75,800","3,213","144,786.415","82,536","48,146","-53,215","135,093.881","-250,803.639","-11,841.421","129,868.874","101,124.749","-33,745.149","1,390,858.328","144,800","142,803.576","27,200","42,350","22,400","-739,200","18,550","28,700","-124,250","-226,100","700","271,250","-160,300"