name,ttm,12/31/2021,09/30/2021,06/30/2021,03/31/2021,12/31/2020,09/30/2020,06/30/2020,03/31/2020,12/31/2019,09/30/2019,06/30/2019,03/31/2019,12/31/2018,09/30/2018,06/30/2018,03/31/2018,12/31/2017,09/30/2017,06/30/2017,03/31/2017,12/31/2016,09/30/2016,06/30/2016,03/31/2016,12/31/2015,09/30/2015,06/30/2015,03/31/2015,12/31/2014,09/30/2014,06/30/2014,03/31/2014,12/31/2013,09/30/2013,06/30/2013,03/31/2013,12/31/2012,09/30/2012,06/30/2012,03/31/2012,12/31/2011,09/30/2011,06/30/2011,03/31/2011,12/31/2010,09/30/2010,06/30/2010,03/31/2010,12/31/2009,09/30/2009,06/30/2009,03/31/2009,12/31/2008,09/30/2008,06/30/2008,03/31/2008,12/31/2007,09/30/2007,06/30/2007,03/31/2007,12/31/2006,09/30/2006,06/30/2006,03/31/2006,12/31/2005,09/30/2005,06/30/2005,03/31/2005,12/31/2004,09/30/2004,06/30/2004,03/31/2004,12/31/2003,09/30/2003,06/30/2003,03/31/2003,12/31/2002,09/30/2002,06/30/2002,03/31/2002,12/31/2001,09/30/2001,06/30/2001,03/31/2001,12/31/2000,09/30/2000,06/30/2000,03/31/2000,12/31/1999,09/30/1999,06/30/1999,03/31/1999
TotalRevenue,"3,828,007,000","1,022,444,000","976,078,000","919,194,000","910,291,000","921,165,000","918,940,000","943,198,000","1,012,054,000","996,004,000","983,155,000","950,717,000","942,874,000","923,263,000","936,538,000","942,304,000","943,705,000","895,288,000","899,928,000","895,490,000","883,443,000","875,713,000","867,116,000","848,404,000","852,289,000","841,274,000","827,606,000","891,322,000","884,024,000","803,987,000","779,035,000","751,254,000","741,470,000","728,406,000","712,386,000","685,846,000","684,868,000","659,306,000","641,950,000","616,448,000","573,694,000","563,913,000","565,957,000","364,660,000","270,461,000","267,994,000","264,665,000","243,978,000","241,545,000","238,836,000","235,830,000","231,988,000","230,851,000","227,956,000","238,554,000","233,513,000","231,764,000","232,553,000","226,294,000","193,722,000","121,848,000","110,662,000","109,667,000","100,306,000","97,814,000","89,427,000","96,135,000","75,154,000","64,003,000","57,259,000","61,608,000","59,767,000","54,277,000","46,817,000","59,779,000","50,185,000","50,423,000","49,835,000","49,079,000","51,246,000","46,739,000","62,305,000","47,296,000","47,356,000","47,624,000","62,369,000","60,879,000","59,974,000","59,100,000","59,345,000","59,300,000","57,900,000","56,600,000"
	OperatingRevenue,"3,738,217,000","999,401,000","946,932,000","900,944,000","890,940,000","902,219,000","899,702,000","922,167,000","983,155,000","972,747,000","952,371,000","921,986,000","925,461,000","904,394,000","905,876,000","883,540,000","902,890,000","857,999,000","866,772,000","862,920,000","862,816,000","855,633,000","834,988,000","824,147,000","829,784,000","820,580,000","808,608,000","865,018,000","860,653,000","784,800,000","764,624,000","736,456,000","730,430,000","715,336,000","697,872,000","670,316,000","667,727,000","618,287,000","641,950,000","616,448,000","573,694,000","563,913,000","565,957,000","364,660,000","270,461,000","267,994,000","264,665,000","243,978,000","132,796,000","238,836,000","235,830,000","228,547,000","227,284,000","227,956,000","238,554,000","233,513,000","231,843,000","202,728,000","226,178,000","193,722,000","127,634,000","122,331,000","109,667,000","100,306,000","97,814,000","97,521,000","96,135,000","75,154,000","64,003,000","61,204,000","61,608,000","59,767,000","54,277,000","46,817,000","59,779,000","50,185,000","50,423,000","49,835,000","49,079,000","51,246,000","46,739,000","62,595,000","47,296,000","47,356,000","47,624,000","63,326,000","60,879,000","59,974,000","59,100,000","59,300,000","59,300,000","57,900,000","56,600,000"
CostOfRevenue,"2,088,497,000","582,576,000","523,850,000","494,853,000","487,218,000","463,373,000","495,542,000","499,148,000","481,695,000","480,854,000","462,120,000","436,416,000","431,137,000","427,503,000","428,820,000","421,947,000","413,028,000","373,731,000","376,625,000","366,382,000","369,725,000","366,502,000","362,091,000","353,807,000","359,673,000","359,801,000","354,261,000","348,337,000","347,629,000","319,805,000","310,989,000","290,385,000","291,011,000","290,691,000","286,763,000","271,405,000","269,088,000","264,367,000","254,492,000","241,233,000","219,744,000","217,841,000","215,508,000","152,971,000","92,323,000","84,769,000","86,640,000","75,183,000","78,879,000","78,443,000","76,338,000","72,564,000","75,468,000","76,447,000","81,698,000","71,842,000",,,,,,,,,,,,,,,,,,,,,,,,,,,,,,,,,,,,,
GrossProfit,"1,739,510,000","439,868,000","452,228,000","424,341,000","423,073,000","457,792,000","423,398,000","444,050,000","530,359,000","515,150,000","521,035,000","514,301,000","511,737,000","495,760,000","507,718,000","520,357,000","530,677,000","521,557,000","523,303,000","529,108,000","513,718,000","509,211,000","505,025,000","494,597,000","492,616,000","481,473,000","473,345,000","542,985,000","536,395,000","484,182,000","468,046,000","460,869,000","450,459,000","437,715,000","425,623,000","414,441,000","415,780,000","394,939,000","387,458,000","375,215,000","353,950,000","346,072,000","350,449,000","211,689,000","178,138,000","183,225,000","178,025,000","168,795,000","162,666,000","160,393,000","159,492,000","159,424,000","155,383,000","151,509,000","156,856,000","161,671,000",,,,,,,,,,,,,,,,,,,,,,,,,,,,,,,,,,,,,
OperatingExpense,"1,318,079,000","347,500,000","343,795,000","281,229,000","345,555,000","274,961,000","288,593,000","409,233,000","291,372,000","390,537,000","275,133,000","269,266,000","276,680,000","282,751,000","258,256,000","260,290,000","270,324,000","267,580,000","246,724,000","257,390,000","251,744,000","263,677,000","239,954,000","254,055,000","268,113,000","264,431,000","258,446,000","283,157,000","281,771,000","269,383,000","230,690,000","222,124,000","226,460,000","224,125,000","206,369,000","200,033,000","207,791,000","204,463,000","219,288,000","216,059,000","185,397,000","20,574,000","181,651,000","96,309,000","66,591,000","74,944,000","67,382,000","60,043,000","63,053,000","66,314,000","60,006,000","65,182,000","60,582,000","60,210,000","62,939,000","68,987,000","156,795,000","-38,802,000","151,529,000","97,849,000","36,173,000","38,499,000","44,278,000","36,052,000","101,637,000","21,369,000","34,997,000","24,985,000","19,258,000","-31,560,000","34,941,000","34,113,000","15,674,000","18,524,000","14,099,000","18,433,000","3,990,000","17,136,000","15,527,000","16,044,000","16,292,000","15,787,000","16,146,000","16,084,000","-1,799,000","-21,604,000","28,637,000","28,685,000","28,311,000","143,557,000","-13,800,000","-14,500,000","-14,400,000"
	SellingGeneralAndAdministration,"129,758,000","28,602,000","30,259,000","30,588,000","40,309,000","23,411,000","34,228,000","29,984,000","42,535,000","41,627,000","40,530,000","43,079,000","40,760,000","38,475,000","39,677,000","36,656,000","37,174,000","34,930,000","33,317,000","33,282,000","33,961,000","31,488,000","31,567,000","32,094,000","31,726,000","27,636,000","32,114,000","33,962,000","34,330,000","28,108,000","29,466,000","31,306,000","32,866,000","30,346,000","28,659,000","27,327,000","28,774,000","23,022,000","26,872,000","26,710,000","22,200,000","23,527,000","20,624,000","15,554,000","14,832,000","14,011,000","15,278,000","9,858,000","10,683,000","8,220,000","9,657,000","10,355,000","10,598,000","11,158,000","11,626,000","9,610,000","8,257,000","11,506,000","9,315,000","8,023,000","7,583,000","6,679,000","6,539,000","6,287,000","6,631,000","6,422,000","6,109,000","5,553,000","5,020,000","5,970,000","3,563,000","3,653,000","3,731,000","3,368,000","3,136,000","3,080,000","3,140,000","2,441,000","2,410,000","2,601,000","2,311,000","2,504,000","2,598,000","2,593,000","2,549,000","2,302,000","2,602,000","2,497,000","2,288,000","-4,533,000","5,200,000","4,600,000","2,600,000"
		GeneralAndAdministrativeExpense,,,,,,"29,537,000","34,228,000","29,984,000","42,535,000","41,627,000","40,530,000","43,079,000","40,760,000","38,475,000","39,677,000","36,656,000","37,174,000","34,930,000","33,317,000","33,282,000","33,961,000","31,488,000","31,567,000","32,094,000","31,726,000","27,636,000","32,114,000","33,962,000","34,330,000","28,108,000","29,466,000","31,306,000","32,866,000","30,346,000","28,659,000","27,327,000","28,774,000","23,022,000",,,,,,,"14,832,000",,,,,,,,,,,,"8,257,000","11,506,000","9,315,000","8,023,000","7,583,000","6,679,000","6,539,000","6,287,000","6,631,000","6,422,000","6,109,000","5,553,000","5,020,000","5,970,000","3,563,000","3,653,000","3,731,000","3,368,000","3,136,000","3,080,000","3,140,000","2,441,000","2,410,000","2,601,000","2,311,000",,,"2,593,000","2,549,000","2,302,000","2,602,000","2,497,000","2,288,000","-4,533,000","5,200,000","4,600,000","2,600,000"
			SalariesAndWages,,,,,,,,,,,,,,,,,,,,,,,,,,,,,,,,,,,,,,,,,,,,,"4,016,000",,,,,,,,,,,,"8,257,000",,"9,315,000","8,023,000","7,583,000","6,679,000","6,539,000","6,287,000","6,631,000","8,393,000","6,109,000","5,553,000","5,020,000","5,970,000","3,563,000","3,653,000","3,731,000","3,368,000","3,136,000","3,080,000","3,140,000","2,441,000","2,410,000","2,601,000","2,311,000",,,"2,593,000","2,549,000","2,302,000","2,602,000","5,768,000","5,610,000","-4,500,000","5,200,000","4,600,000","2,600,000"
			OtherGandA,,,,,,"29,537,000","34,228,000","29,984,000","42,535,000","41,627,000","40,530,000","43,079,000","40,760,000","38,475,000","39,677,000","36,656,000","37,174,000","34,930,000","33,317,000","33,282,000","33,961,000","31,488,000","31,567,000","32,094,000","31,726,000","27,636,000","32,114,000","33,962,000","34,330,000","28,108,000","29,466,000","31,306,000","32,866,000","30,346,000","28,659,000","27,327,000","28,774,000","23,022,000",,,,,,,"10,816,000",,,,,,,,,,,,,,,,,,,,,,,,,,,,,,,,,,,,,,,,,,,"-3,271,000","-3,322,000",,,,
	DepreciationAmortizationDepletionIncomeStatement,"1,197,403,000","318,959,000","313,596,000","250,700,000","314,148,000","261,966,000","249,366,000","349,594,000","248,837,000","348,910,000","234,603,000","226,187,000","235,920,000","244,276,000","218,579,000","223,634,000","233,150,000","232,650,000","213,407,000","224,108,000","217,783,000","232,189,000","208,387,000","221,961,000","236,387,000","236,795,000","226,332,000","249,195,000","247,441,000","241,275,000","201,224,000","190,818,000","193,594,000","193,779,000","177,710,000","172,706,000","179,017,000","187,035,000","189,908,000","189,349,000","163,197,000","163,049,000","161,027,000","80,755,000","51,759,000","51,142,000","52,104,000","50,185,000","52,476,000","52,014,000","50,349,000","48,847,000","49,885,000","51,910,000","50,969,000","57,975,000","71,660,000","72,545,000","70,716,000","57,994,000","33,433,000","32,421,000","29,651,000","29,111,000","28,470,000","28,557,000","27,740,000","18,285,000","13,266,000","13,122,000","13,576,000","12,415,000","11,129,000","9,421,000","10,547,000","10,521,000","11,092,000","11,137,000","10,768,000","11,105,000","10,888,000","10,971,000","10,954,000","10,946,000","10,901,000","10,801,000","10,831,000","10,856,000","11,039,000",,,,
		DepreciationAndAmortizationInIncomeStatement,"1,197,403,000","318,959,000","313,596,000","250,700,000","314,148,000","261,966,000","249,366,000","349,594,000","248,837,000","348,910,000","234,603,000","226,187,000","235,920,000","244,276,000","218,579,000","223,634,000","233,150,000","232,650,000","213,407,000","224,108,000","217,783,000","232,189,000","208,387,000","221,961,000","236,387,000","236,795,000","226,332,000","249,195,000","247,441,000","241,275,000","201,224,000","190,818,000","193,594,000","193,779,000","177,710,000","172,706,000","179,017,000","187,035,000","189,908,000","189,349,000","163,197,000","163,049,000","161,027,000","80,755,000","51,759,000","51,142,000","52,104,000","50,185,000","52,476,000","52,014,000","50,349,000","48,847,000","49,885,000","51,910,000","50,969,000","57,975,000","71,660,000","72,545,000","70,716,000","57,994,000","33,433,000","32,421,000","29,651,000","29,111,000","28,470,000","28,557,000","27,740,000","18,285,000","13,266,000","13,122,000","13,576,000","12,415,000","11,129,000","9,421,000","10,547,000","10,521,000","11,092,000","11,137,000","10,768,000","11,105,000","10,888,000","10,971,000","10,954,000","10,946,000","10,901,000","10,801,000","10,831,000","10,856,000","11,039,000",,,,
			DepreciationIncomeStatement,,,,,,,,,,,,,,,,,,,,,,,,,,,,,,,,,,,,,,,,,,,,,,,,,,,,,,,,,,,,,,,,"29,111,000","28,470,000","28,557,000","27,740,000","18,285,000","13,266,000","12,786,000","13,255,000","12,136,000","10,858,000","9,057,000","10,238,000","10,211,000","10,801,000","10,775,000","10,414,000","10,390,000","10,466,000","10,523,000","10,510,000","10,507,000","10,498,000","10,506,000","10,522,000","10,526,000","10,634,000",,,,
			Amortization,,,,,,,,,,,,,,,,,,,,,,,,,,,,,,,,,,,,,,,,,,,,,,,,,,,,,,,,,,,,,,,,,,,,,,"336,000","321,000","279,000","271,000","364,000","309,000","310,000","291,000","362,000","354,000","715,000","422,000","448,000","444,000","439,000","403,000","295,000","309,000","330,000","405,000",,,,
				AmortizationOfIntangiblesIncomeStatement,,,,,,,,,,,,,,,,,,,,,,,,,,,,,,,,,,,,,,,,,,,,,,,,,,,,,,,,,,,,,,,,,,,,,,"336,000","321,000","279,000","271,000","364,000","309,000","310,000","291,000","362,000","354,000","715,000","422,000","448,000","444,000","439,000","403,000","295,000","309,000","330,000","405,000",,,,
	ProvisionForDoubtfulAccounts,"-9,082,000","-61,000","-60,000","-59,000","-8,902,000","-10,416,000","4,999,000","29,655,000",,,,,,,,,,,,,,,,,,,,,,,,,,,,,,,,,,,,,,,,,,,,,,,,,,,,,,,,,,,,,,,,,,,,,,,,,,,,,,,,,,,,,
	OtherTaxes,,,,,,,,,,,,,,,,,,,,,,,,,,,,,,,,,,,,,,,,,,,,,,,,,,,,,,,,,"-156,874,000",,"-151,413,000",,"-41,959,000","-40,268,000","-44,278,000","-36,052,000","-35,723,000","-21,194,000","-34,997,000","-25,160,000","-19,258,000","-17,706,000","-17,995,000","-17,121,000","-15,674,000","-18,524,000","-14,099,000","-14,672,000","5,172,000","-15,879,000","-14,196,000","-14,642,000","-13,764,000","-11,485,000","-15,856,000","-14,636,000","-15,249,000","21,604,000","-28,637,000","-28,685,000","-28,311,000","-45,400,000","-19,000,000","-19,100,000","-17,000,000"
	OtherOperatingExpenses,,,,,,,,"29,655,000",,,,,,,,,,,,,,,,,,,,,,,,,,,,,,,"2,508,000",,,,"117,965,000",,"16,520,000",,,"6,670,000","-106,000",,"32,000","5,980,000","99,000","-2,858,000","344,000","1,402,000","233,752,000","-432,018,000","222,911,000","31,832,000","37,116,000","39,667,000","52,366,000","36,706,000","102,259,000","7,584,000","36,145,000","26,307,000","20,230,000","-32,946,000","35,797,000","35,166,000","16,488,000","24,259,000","14,515,000","19,504,000","-15,414,000","19,437,000","16,545,000","16,980,000","16,857,000","13,797,000","18,450,000","17,181,000",,"-56,311,000","43,841,000","44,017,000","43,295,000",,,,
OperatingIncome,"421,431,000","92,368,000","108,433,000","143,112,000","77,518,000","182,831,000","134,805,000","34,817,000","238,987,000","124,613,000","245,902,000","245,035,000","235,057,000","213,009,000","249,462,000","260,067,000","260,353,000","253,977,000","276,579,000","271,718,000","261,974,000","245,534,000","265,071,000","240,542,000","224,503,000","217,042,000","214,899,000","259,828,000","254,624,000","214,799,000","237,356,000","238,745,000","223,999,000","213,590,000","219,254,000","214,408,000","207,989,000","190,476,000","168,170,000","159,156,000","168,553,000","325,498,000","168,798,000","115,380,000","111,547,000","108,281,000","110,643,000","108,752,000","99,613,000","94,079,000","99,486,000","94,242,000","94,801,000","91,299,000","93,917,000","92,684,000","74,969,000","73,230,000","74,765,000","95,873,000","85,675,000","72,163,000","65,389,000","64,254,000","-3,823,000","68,058,000","61,138,000","50,169,000","44,745,000","88,819,000","26,667,000","25,654,000","38,603,000","28,293,000","45,680,000","31,752,000","46,433,000","32,699,000","33,552,000","35,202,000","30,447,000","46,518,000","31,150,000","31,272,000","49,423,000","83,973,000","32,242,000","31,289,000","30,789,000","-84,212,000","73,100,000","72,400,000","71,000,000"
NetNonOperatingInterestIncomeExpense,"-440,089,000","-110,455,000","-108,816,000","-110,051,000","-110,767,000","-114,208,000","-115,505,000","-123,132,000","-116,696,000","-116,707,000","-113,967,000","-110,369,000","-110,619,000","-110,524,000","-107,581,000","-113,029,000","-111,363,000","-111,951,000","-113,869,000","-113,572,000","-108,804,000","-107,739,000","-105,063,000","-103,665,000","-103,273,000","-103,692,000","-97,135,000","-107,591,000","-106,590,000","-99,031,000","-98,469,000","-91,501,000","-87,841,000","-88,862,000","-84,089,000","-83,046,000","-79,600,000","-75,926,000","-75,139,000","-74,428,000","-70,668,000","-66,761,000","-73,756,000","-53,732,000","-42,558,000","-45,414,000","-45,519,000","-44,045,000","-44,037,000","-43,719,000","-43,660,000","-44,063,000","-46,327,000","-47,342,000","-51,344,000","-52,444,000",,,,,,,,,,,,,,,,,,,,,,,,,,,,,,,,,,,,,
	InterestIncomeNonOperating,,,,,,"644,000","572,000","1,540,000","4,853,000","875,000","620,000","9,202,000","287,000","357,000","12,554,000","2,347,000","9,634,000","5,180,000","171,000","202,000","481,000","84,000","562,000","111,000","119,000","333,000","74,000","236,000","472,000","3,453,000","368,000","173,000","273,000","146,000","66,000","797,000","1,038,000","665,000",,,,,,,,,,"122,000","263,000",,,"108,000","286,000",,,,,,,,,,,,,,,,,,,,,,,,,,,,,,,,,,,,,,,,
	InterestExpenseNonOperating,"440,089,000","110,455,000","108,816,000","110,051,000","110,767,000","114,208,000","115,505,000","123,132,000","116,696,000","116,707,000","113,967,000","110,369,000","110,619,000","110,524,000","107,581,000","113,029,000","111,363,000","111,951,000","113,869,000","113,572,000","108,804,000","107,739,000","105,063,000","103,665,000","103,273,000","103,692,000","97,135,000","107,591,000","106,590,000","99,031,000","98,469,000","91,501,000","87,841,000","88,862,000","84,089,000","83,046,000","79,600,000","75,926,000","75,139,000","74,428,000","70,668,000","66,761,000","73,756,000","53,732,000","42,558,000","45,414,000","45,519,000","44,045,000","44,300,000","44,561,000","43,660,000","44,171,000","46,613,000","47,342,000","51,344,000","52,444,000",,,,,,,,,,,,,,,,,,,,,,,,,,,,,,,,,,,,,
OtherIncomeExpense,"80,044,000","-25,765,000","66,937,000","58,868,000","-19,996,000","42,651,000","-8,758,000","-14,564,000","203,423,000","5,681,000","-43,012,000","19,480,000","1,893,000","-31,940,000","-45,945,000","-14,299,000","-72,172,000","-9,871,000","-13,595,000","-8,033,000","-403,000","1,944,000","-18,099,000","-10,577,000","-6,312,000","-1,667,000","-83,226,000","-19,212,000","-40,740,000","-22,720,000","-34,439,000","-17,038,000","-15,482,000","-13,055,000","-10,262,000","-10,838,000","-7,920,000","-1,720,000","-3,723,000","-48,167,000","-39,101,000","-75,821,000","-7,144,000","-48,040,000","-22,970,000","-2,366,000","-4,723,000","-10,877,000","-2,319,000","4,496,000","-5,926,000","-3,502,000","-2,054,000","-1,321,000","22,125,000",,"-567,000","-740,000","-1,447,000","-792,000",,"-1,769,000","1,769,000","-1,273,000",,,,,,"65,830,000","-1,370,000",,,"0",,,,,,"-5,587,000","2,114,000",,"580,000",,,,,,,"7,500,000","-7,500,000",,"-1,300,000"
	GainOnSaleOfSecurity,"218,788,000","24,705,000","150,292,000","41,258,000","2,533,000","22,117,000","12,622,000","1,254,000","226,225,000","1,389,000","36,000","19,150,000","5,447,000","10,354,000",,,,,,,,,,,,,,,,,,,,,,,,,,,,,,,"-1,000",,"419,000",,,,,,,,,,,,,,,,,,,,,,,,,,,"0","8,117,000",,,"0","1,192,000","3,822,000",,,,,,,,,,,,,
	EarningsFromEquityInterest,"4,983,000","-2,306,000","2,772,000","4,767,000","-250,000","17,705,000","865,000","-5,850,000","-10,876,000","167,000","854,000","-2,529,000","-946,000","-7,208,000","-716,000","-6,371,000","-40,739,000","-4,355,000","750,000","-106,000","3,150,000","2,207,000","931,000","1,418,000","-198,000","-223,000","-955,000","9,000","-251,000","-688,000","-47,000","348,000","248,000","-1,041,000","110,000","-506,000","929,000","249,000",,,,,"182,000","1,229,000","-170,000",,,,,,,,,,,,,,,,,,,,,,,,,,,,,,,,,,,,,,,,,,,,,,,,
	SpecialIncomeCharges,"-106,617,000","-21,809,000","-52,454,000","-647,000","-31,707,000","-7,088,000","-18,711,000","-6,586,000","-8,218,000","-4,190,000","-41,738,000","-8,622,000","-2,585,000","-12,102,000","-43,985,000","-4,401,000","-28,313,000","-1,530,000","-1,315,000","-6,079,000","-2,365,000","824,000","-16,600,000","-9,692,000","-1,946,000","2,565,000","-77,476,000","-14,130,000","-35,193,000","-8,428,000","-19,163,000","-12,523,000","-10,501,000","-6,607,000","-6,019,000","-5,947,000","-4,262,000","-12,918,000","-3,723,000","-48,167,000","-39,101,000","-75,769,000","-7,144,000","-48,040,000","-22,969,000","-1,298,000","-5,142,000","-10,877,000","-2,319,000","4,496,000","-5,926,000","-3,502,000","-2,054,000","-1,321,000","22,125,000",,"-567,000","-740,000","-1,447,000","-792,000",,"-1,769,000","1,769,000","-1,273,000",,,,,,"65,830,000","-1,370,000",,,"0","-8,117,000",,,"0","-1,192,000","-9,409,000","2,114,000","-870,000","580,000","0",,,,,,"7,500,000","-7,500,000",,"-1,300,000"
		RestructuringAndMergernAcquisition,"47,318,000","19,318,000","22,662,000","721,000","4,617,000","3,683,000","11,325,000","6,586,000","8,218,000","4,151,000","4,304,000","4,600,000","2,180,000","4,259,000","4,458,000","4,494,000","17,336,000","1,632,000","804,000","6,043,000","2,056,000","-438,000","16,217,000","7,224,000","1,632,000","-2,079,000","62,145,000","14,585,000","35,172,000","7,943,000","16,749,000","9,599,000","10,760,000","4,497,000","6,208,000","6,667,000","4,262,000","13,617,000","4,917,000","36,668,000","7,981,000","22,317,000","69,350,000","55,807,000","6,449,000",,,"4,207,000","2,319,000","1,565,000","5,894,000","3,502,000","2,054,000","1,332,000","1,248,000",,"646,000","652,000","1,535,000","792,000",,,,,,,,,,,,,,,,,,,,,,,,,,,,,,,,,
		OtherSpecialCharges,"59,299,000","2,491,000","29,792,000","-74,000","27,090,000","3,405,000","7,386,000",,,"39,000","37,434,000","4,022,000","405,000","7,843,000","39,527,000","-93,000","10,977,000","-102,000","511,000","36,000","309,000","-386,000","383,000","2,468,000","314,000","-486,000","15,331,000","-455,000","21,000","485,000","2,414,000","2,924,000","-259,000","2,110,000","-189,000","-720,000",,"-699,000","-1,194,000","11,499,000","31,120,000",,"-62,206,000","-7,767,000","16,520,000",,,"6,670,000",,"-6,061,000","32,000",,,"-11,000","-23,373,000",,"-79,000",,"-88,000",,,,,,,,,,,,,,,,,,,,,,,,,,,,,,,,,,
	OtherNonOperatingIncomeExpenses,"-37,110,000","-26,355,000","-33,673,000","13,490,000","9,428,000","9,917,000","-3,534,000","-3,382,000","-3,708,000","8,315,000","-2,164,000","11,481,000","-23,000","-58,877,000","-1,244,000","-3,527,000","-3,120,000","-3,986,000","-13,030,000","-1,848,000","-1,188,000","-1,087,000","-2,430,000","-2,303,000","-4,168,000","-4,009,000","-4,795,000","-5,091,000","-5,296,000","-13,604,000","-15,229,000","-4,863,000","-5,229,000","-5,407,000","-4,353,000","-4,385,000","-4,587,000","-1,902,000",,,,,,,,,,,,,,,,,,,,,,,,,,,,,,,,,,,,,,,,,,,,,,,,,,,,,,,
PretaxIncome,"61,386,000","-43,852,000","66,554,000","91,929,000","-53,245,000","111,274,000","10,542,000","-102,879,000","325,714,000","13,587,000","88,923,000","154,146,000","126,331,000","70,545,000","95,936,000","132,739,000","76,818,000","132,155,000","149,115,000","150,113,000","152,767,000","139,739,000","141,909,000","126,300,000","114,918,000","111,683,000","34,538,000","133,025,000","107,294,000","93,048,000","104,448,000","130,206,000","120,676,000","111,673,000","124,903,000","120,524,000","120,469,000","112,830,000","89,308,000","36,561,000","58,784,000","182,916,000","87,898,000","13,608,000","46,019,000","60,501,000","60,401,000","53,830,000","52,994,000","54,014,000","49,900,000","46,569,000","46,134,000","42,636,000","64,698,000","40,240,000","21,538,000","17,043,000","19,226,000","39,933,000",,,,,,,,,,,,,,"13,639,000","30,992,000",,,"13,538,000","14,893,000","10,536,000","12,701,000","24,087,000","9,627,000","9,315,000","11,254,000",,,,,,,,
TaxProvision,"4,827,000","-4,747,000","3,780,000","3,641,000","2,153,000","-679,000","-3,195,000","56,356,000","-149,016,000","694,000","2,005,000","-57,752,000","-1,257,000","-28,650,000","-7,327,000","-734,000","-3,242,000","-46,680,000","-7,815,000","-2,159,000","-3,145,000","-2,836,000","-8,537,000","-11,549,000","-8,421,000","-11,548,000","-10,697,000","-9,789,000","-7,250,000","-13,552,000","-1,887,000","3,274,000","3,433,000","1,272,000","-2,780,000","-12,064,000","1,744,000","-3,555,000","-8,886,000","-5,179,000","11,338,000","-7,827,000","-13,904,000","-6,209,000","-3,197,000","2,849,000","1,657,000","409,000","286,000","-367,000","-410,000","-395,000","-547,000","-1,720,000","-415,000","-3,712,000","-10,038,000","-12,968,000","-9,463,000","-5,611,000",,,,,,,,,,,,,,"0","0",,,"0","-2,200,000","0","0","330,000","470,000","1,210,000","675,000",,,,,,,,
EarningsFromEquityInterestNetOfTax,,,,,,,,,,,,,,,,,,,,,,,,,,,,,,,,,,,,,,,"17,074,000","514,000","317,000",,"182,000","-83,000","-170,000",,"-392,000",,,,,,,,,,,,,,,,,,,,,,,,,,,,,,,,,,,,,,,,,,,,,,
NetIncomeCommonStockholders,"49,008,000","-40,854,000","60,680,000","86,391,000","-57,209,000","110,451,000","12,751,000","-157,170,000","473,117,000","11,443,000","85,259,000","210,529,000","125,785,000","62,273,000","101,972,000","166,519,000","78,703,000","392,554,000","613,958,000","151,831,000","198,127,000","207,637,000","149,452,000","143,162,000","148,980,000","124,728,000","22,852,000","149,821,000","120,442,000","107,190,000","109,132,000","138,398,000","121,047,000","108,440,000","118,296,000","114,580,000","112,193,000","86,267,000","111,882,000","74,025,000","90,626,000","192,948,000","102,885,000","19,676,000","48,984,000","77,583,000","57,898,000","58,067,000","52,619,000","54,081,000","49,805,000","88,381,000","74,228,000","58,475,000","64,695,000","71,066,000","32,052,000","29,401,000","28,014,000","174,598,000","45,106,000","40,797,000","32,241,000","29,258,000","29,134,000","47,221,000","28,721,000","27,068,000","27,573,000","46,674,000","25,297,000","25,654,000","23,275,000","77,124,000","32,212,000","16,129,000","37,288,000","9,444,000","17,093,000","26,468,000","12,701,000","22,725,000","9,157,000","8,105,000","10,579,000","-84,278,000","8,581,000","7,512,000","2,733,000","-10,965,000","13,000,000","20,200,000","20,300,000"
	NetIncome,"49,008,000","-40,854,000","60,680,000","86,391,000","-57,209,000","110,451,000","12,751,000","-157,170,000","473,117,000","11,443,000","85,259,000","210,529,000","125,785,000","62,273,000","101,972,000","166,519,000","78,703,000","392,554,000","613,958,000","151,831,000","198,127,000","207,637,000","149,452,000","143,162,000","148,980,000","124,728,000","22,852,000","149,821,000","120,442,000","107,190,000","109,132,000","138,398,000","121,047,000","108,440,000","118,296,000","114,580,000","112,193,000","86,267,000","111,882,000","74,025,000","90,626,000","192,948,000","102,885,000","19,676,000","48,984,000","77,583,000","57,898,000","58,067,000","52,619,000","54,081,000","49,805,000","88,381,000","74,228,000","58,475,000","64,695,000","71,066,000","32,052,000","29,401,000","28,014,000","179,797,000","45,106,000","40,797,000","32,241,000","29,258,000","29,134,000","47,221,000","28,721,000","27,068,000","27,573,000","46,674,000","25,297,000","25,654,000","23,275,000","77,124,000","32,212,000","16,129,000","37,288,000","9,444,000","17,093,000","26,468,000","12,701,000","22,725,000","9,157,000","8,105,000","10,579,000","-84,278,000","8,581,000","7,512,000","2,733,000","-10,965,000","13,000,000","20,200,000","20,300,000"
		NetIncomeIncludingNoncontrollingInterests,"56,559,000","-39,105,000","62,774,000","88,288,000","-55,398,000","111,953,000","13,737,000","-159,235,000","474,730,000","12,893,000","86,918,000","211,898,000","127,588,000","63,302,000","103,281,000","169,300,000","80,098,000","393,805,000","615,191,000","152,968,000","199,148,000","208,832,000","150,184,000","143,440,000","149,034,000","125,060,000","23,117,000","150,350,000","120,807,000","107,645,000","109,701,000","138,566,000","121,274,000","108,659,000","118,599,000","114,533,000","113,098,000","86,126,000","111,821,000","73,736,000","90,092,000","192,497,000","101,984,000","19,734,000","49,046,000","78,702,000","58,894,000","58,965,000","53,168,000","54,778,000","50,430,000","89,183,000","74,969,000","59,096,000","65,735,000","71,611,000","32,530,000","28,313,000","28,689,000","180,205,000","45,106,000","40,797,000","32,241,000","29,258,000","29,134,000","47,221,000","28,721,000","27,068,000","27,573,000","46,674,000","25,297,000","25,654,000","23,275,000","77,124,000","32,212,000","16,129,000","37,288,000","9,444,000","17,093,000","26,468,000","12,701,000","22,725,000","9,157,000","8,105,000","10,579,000","-84,278,000","8,581,000","7,512,000","2,733,000","-10,965,000","13,000,000","20,200,000","20,300,000"
			NetIncomeContinuousOperations,"56,559,000","-39,105,000","62,774,000","88,288,000","-55,398,000","111,953,000","13,737,000","-159,235,000","474,730,000","12,893,000","86,918,000","211,898,000","127,588,000","99,195,000","103,263,000","133,473,000","80,060,000","178,835,000","156,930,000","152,272,000","155,912,000","142,575,000","150,446,000","137,849,000","123,339,000","123,231,000","45,235,000","142,814,000","114,544,000","106,600,000","106,335,000","126,932,000","117,243,000","110,401,000","127,683,000","132,588,000","118,725,000","98,480,000","115,268,000","42,254,000","47,763,000","190,814,000","101,984,000","19,734,000","49,046,000","58,044,000","58,352,000","53,421,000","52,708,000","54,381,000","50,310,000","46,964,000","46,681,000","41,672,000","65,113,000","43,407,000","31,098,000","29,401,000","28,014,000","45,136,000","45,106,000","40,797,000","32,241,000","29,258,000","29,134,000","41,885,000","28,721,000","27,068,000","27,573,000","25,947,000","25,297,000","25,654,000","23,275,000","13,639,000","30,992,000","15,662,000","37,288,000","37,433,000","17,093,000","10,536,000","12,701,000","24,047,000","9,157,000","8,105,000","10,579,000","-84,278,000","8,581,000","7,512,000","6,940,000","-10,965,000","13,000,000","20,200,000","20,300,000"
			NetIncomeDiscontinuousOperations,,,,,,,,,,"0","0","0","0","0","0",,"-10,000","-15,000","-19,000","-23,000","-53,000","-167,000","-118,000","-148,000","-489,000","-2,331,000","-22,383,000","67,000","-423,000","-411,000","-259,000","-255,000","3,031,000","-1,742,000","-9,084,000","-18,055,000","-5,627,000","-12,354,000","-3,447,000","31,482,000","42,329,000","1,683,000","0","0","0","20,658,000","542,000","5,544,000","460,000","397,000","120,000","42,219,000","28,288,000","14,740,000","622,000","27,659,000","954,000","0","0","134,661,000",,"0","0","0","0","5,336,000","0","0","0","20,727,000","0","0","0","63,485,000","1,220,000","467,000","0","0","0","22,851,000",,,,,,,,,,,,,
			NetIncomeExtraordinary,,,,,,,,,,,,,,,"18,000","35,827,000","48,000","214,985,000","458,280,000","719,000","43,289,000","66,424,000","-144,000","5,739,000","26,184,000","4,160,000","265,000","7,469,000","6,686,000","1,456,000","3,625,000","11,889,000","1,000,000",,,,,,,,,,,,,,,,,,,,,,,,,,,,,,,,,,,,,,,,,,,,,"-4,158,000","0","-6,919,000",,"-1,322,000","0","0","0","0","0","0","-4,207,000",,,,
			NetIncomeFromTaxLossCarryforward,,,,,,,,,,,,,,,,,,,,,,,,,,,,,,,,,,,,,,,,,,,,,,,,,,,,,,,,,,,,,,,,,,,,,,,,,,,,,,"-4,158,000",,"-6,919,000",,,,,,"0",,,"-4,207,000",,,,
		MinorityInterests,"-7,551,000","-1,749,000","-2,094,000","-1,897,000","-1,811,000","-1,502,000","-986,000","2,065,000","-1,613,000","-1,450,000","-1,659,000","-1,369,000","-1,803,000","-1,029,000","-1,309,000","-2,781,000","-1,395,000","-1,251,000","-1,233,000","-1,137,000","-1,021,000","-1,195,000","-732,000","-278,000","-54,000","-332,000","-265,000","-529,000","-365,000","-455,000","-569,000","-168,000","-227,000","-219,000","-303,000","47,000","-905,000","141,000","61,000","289,000","534,000","451,000","901,000","-58,000","-62,000","-1,119,000","-996,000","-898,000","-549,000","-697,000","-625,000","-802,000","-741,000","-621,000","-1,040,000","-545,000","-478,000","-610,000","-675,000","-408,000",,,,,,,,,,,,,,,,,,,,,,,,,,,,,,,,,
	PreferredStockDividends,,,,,,,,,,,,,,,,,,,,,,,,,,,,,,,,,,,,,,,,,,,,,,,,,,,,,,,,,,"0",,"5,199,000",,,,,,,,,,,,,,,,,,,,,,,,,,,,,,,,,
DilutedNIAvailtoComStockholders,"49,008,000","-40,854,000","60,680,000","86,391,000","-57,209,000","110,451,000","12,751,000","-157,170,000","473,117,000","11,443,000","85,259,000","210,529,000","125,785,000","62,273,000","101,972,000","166,519,000","78,703,000","392,554,000","613,958,000","151,831,000","198,127,000","207,637,000","149,452,000","143,162,000","148,980,000","124,728,000","22,852,000","149,821,000","120,442,000","107,190,000","109,132,000","138,398,000","121,047,000","108,440,000","118,296,000","114,580,000","112,193,000","86,267,000","111,882,000","74,025,000","90,626,000","192,948,000","102,885,000","19,676,000","48,984,000","77,583,000","57,898,000","58,067,000","52,619,000","54,081,000","49,805,000","88,381,000","74,228,000","58,475,000","64,695,000","71,066,000","32,052,000","29,401,000","28,014,000","174,598,000","45,106,000","40,797,000","32,241,000","29,258,000","29,134,000","47,221,000","28,721,000","27,068,000","27,573,000","46,674,000","25,297,000","25,654,000","23,275,000","77,124,000","32,212,000","16,129,000","37,288,000","9,444,000","17,093,000","26,468,000","12,701,000","22,725,000","9,157,000","8,105,000","10,579,000","-84,278,000","8,581,000","7,512,000","2,733,000","-10,965,000","13,000,000","20,200,000","20,300,000"
BasicEPS,,"-0.1","0.16","0.23","-0.15","0.29","0.03","-0.42","1.27","0.03","0.23","0.58","0.35","0.17","0.29","0.47","0.22",,"1.72","0.43","0.56","0.59","0.43","0.42","0.44",,"0.07","0.45","0.37",,"0.37","0.47","0.41","0.37","0.4","0.39","0.38","0.29","0.38","0.26","0.31",,"0.36","0.11","0.31",,"0.37","0.37","0.34",,"0.32","0.57","0.52",,"0.46","0.51","0.24",,"0.21","1.49","0.43",,"0.31","0.28","0.28",,"0.28","0.31","0.33",,"0.3","0.31","0.28",,"0.41","0.2","0.47",,"0.25","0.38","0.18",,"0.13","0.12","0.16",,"0.13","0.11","0.04",,"0.19","0.3","0.3"
DilutedEPS,,"-0.1","0.16","0.23","-0.15","0.29","0.03","-0.42","1.26","0.03","0.23","0.58","0.35","0.17","0.28","0.46","0.22",,"1.71","0.42","0.55","0.58","0.42","0.42","0.44",,"0.07","0.45","0.37",,"0.37","0.47","0.41","0.37","0.4","0.39","0.38","0.29","0.38","0.25","0.31",,"0.35","0.11","0.3",,"0.37","0.37","0.34",,"0.32","0.57","0.52",,"0.46","0.51","0.23",,"0.21","1.48","0.42",,"0.31","0.28","0.28",,"0.28","0.3","0.32",,"0.3","0.3","0.28",,"0.4","0.2","0.47",,"0.24","0.38","0.18",,"0.13","0.12","0.15",,"0.13","0.11","0.04",,"0.19","0.3","0.3"
BasicAverageShares,,"399,142,000","381,996,000","375,067,000","374,669,000","374,473,000","373,177,000","372,982,000","372,829,000","372,663,000","372,426,000","361,722,000","356,853,000","356,389,000","356,318,000","356,228,000","356,112,000",,"355,929,000","355,024,000","354,410,000","353,911,000","350,274,000","338,901,000","335,559,000",,"332,491,000","330,715,000","325,454,000",,"294,030,000","293,988,000","293,875,000","293,674,000","292,818,000","292,635,000","291,455,000","294,704,000","294,928,000","290,170,000","288,375,000",,"287,365,000","176,262,000","160,420,000",,"156,631,000","156,611,000","156,453,000",,"156,250,000","154,441,000","143,091,000",,"140,759,000","138,133,000","136,381,000",,"133,205,000","117,419,000","106,044,000",,"104,021,000","103,884,000","103,751,000",,"103,081,000","88,574,000","84,657,000",,"84,073,000","83,820,000","81,703,000",,"79,389,000","78,935,000","78,834,000",,"69,098,000","68,850,000","68,698,000",,"68,491,000","68,409,000","68,222,000",,"68,038,000","68,027,000","67,898,000",,"68,421,053","67,333,333","67,666,667"
DilutedAverageShares,,"403,108,000","385,523,000","378,408,000","377,922,000","377,696,000","376,295,000","376,024,000","375,997,000","376,453,000","376,625,000","365,553,000","360,619,000","359,989,000","359,355,000","359,000,000","358,853,000",,"359,333,000","358,311,000","357,572,000","357,435,000","354,186,000","342,571,000","339,202,000",,"336,338,000","334,026,000","329,203,000",,"296,495,000","296,504,000","296,245,000","296,047,000","295,190,000","295,123,000","293,924,000","297,089,000","297,407,000","292,592,000","290,813,000",,"290,794,000","177,945,000","162,023,000",,"157,941,000","157,441,000","156,967,000",,"156,516,000","154,510,000","143,145,000",,"141,141,000","138,737,000","136,673,000",,"133,503,000","117,825,000","106,775,000",,"104,568,000","104,374,000","104,300,000",,"103,880,000","89,350,000","85,400,000",,"84,889,000","84,565,000","82,760,000",,"80,258,000","79,575,000","79,296,000",,"70,047,000","70,002,000","69,844,000",,"69,584,000","69,307,000","68,872,000",,"68,224,000","68,101,000","67,912,000",,"68,421,053","67,333,333","67,666,667"
TotalExpenses,"3,406,576,000","930,076,000","867,645,000","776,082,000","832,773,000","738,334,000","784,135,000","908,381,000","773,067,000","871,391,000","737,253,000","705,682,000","707,817,000","710,254,000","687,076,000","682,237,000","683,352,000","641,311,000","623,349,000","623,772,000","621,469,000","630,179,000","602,045,000","607,862,000","627,786,000","624,232,000","612,707,000","631,494,000","629,400,000","589,188,000","541,679,000","512,509,000","517,471,000","514,816,000","493,132,000","471,438,000","476,879,000","468,830,000","473,780,000","457,292,000","405,141,000","238,415,000","397,159,000","249,280,000","158,914,000","159,713,000","154,022,000","135,226,000","141,932,000","144,757,000","136,344,000","137,746,000","136,050,000","136,657,000","144,637,000","140,829,000","156,795,000","159,323,000","151,529,000","97,849,000","36,173,000","38,499,000","44,278,000","36,052,000","101,637,000","21,369,000","34,997,000","24,985,000","19,258,000","-31,560,000","34,941,000","34,113,000","15,674,000","18,524,000","14,099,000","18,433,000","3,990,000","17,136,000","15,527,000","16,044,000","16,292,000","15,787,000","16,146,000","16,084,000","-1,799,000","-21,604,000","28,637,000","28,685,000","28,311,000","143,557,000","-13,800,000","-14,500,000","-14,400,000"
NetIncomeFromContinuingAndDiscontinuedOperation,"49,008,000","-40,854,000","60,680,000","86,391,000","-57,209,000","110,451,000","12,751,000","-157,170,000","473,117,000","11,443,000","85,259,000","210,529,000","125,785,000","98,166,000","101,954,000","130,692,000","78,655,000","177,569,000","155,678,000","151,112,000","154,838,000","141,213,000","149,596,000","137,423,000","122,796,000","120,568,000","22,587,000","142,352,000","113,756,000","105,734,000","105,507,000","126,509,000","120,047,000","108,440,000","118,296,000","114,580,000","112,193,000","86,267,000","111,882,000","74,025,000","90,626,000","192,948,000","102,885,000","19,676,000","48,984,000","77,583,000","57,898,000","58,067,000","52,619,000","54,081,000","49,805,000","88,381,000","74,228,000","58,475,000","64,695,000","71,066,000","32,052,000","29,401,000","28,014,000","179,797,000","45,106,000","40,797,000","32,241,000","29,258,000","29,134,000","47,221,000","28,721,000","27,068,000","27,573,000","46,674,000","25,297,000","25,654,000","23,275,000","77,124,000","32,212,000","16,129,000","37,288,000","17,760,000","17,093,000","40,306,000","12,701,000","25,369,000","9,157,000","8,105,000","10,579,000","-84,278,000","8,581,000","7,512,000","11,147,000","-10,965,000","13,000,000","20,200,000","20,300,000"
NormalizedIncome,"-54,342,594.419","-43,436,506.613","-31,601,194.399","47,388,465.783","-35,911,980","99,479,830","17,195,970","-153,277,640","313,971,890","14,100,929.859","126,020,720.095","202,843,560","123,695,740","73,240,150","134,063,050","133,904,730","99,333,490","178,502,000","156,486,000","154,782,400","156,310,000","140,885,600","159,674,000","143,386,200","124,452,600","121,360,000","91,455,600","150,763,000","135,294,800","111,623,200","118,221,950","138,972,112.038","127,218,266.756","116,713,743.635","131,292,350","136,500,550","122,020,300.077","107,017,700","117,748,950","73,851,550","79,856,370.679","240,514,850","107,528,600","50,902,000","63,914,500","58,546,852.597","61,949,432.427","63,317,356.623","54,465,484.734","50,761,600","53,536,900","48,438,300","47,275,100","44,593,650","49,691,750","43,407,000","31,466,550","29,882,000","28,954,550","45,650,800","45,106,000","41,858,400","31,179,600","30,021,800","29,134,000","41,885,000","28,721,000","27,068,000","27,573,000","-13,551,000","26,119,000","25,654,000","23,275,000","13,639,000","30,992,000","15,662,000","37,288,000","17,760,000","17,093,000","23,042,000","10,587,000","25,941,053.805","8,605,316.194","8,105,000","10,579,000","-84,278,000","8,581,000","7,512,000","11,147,000","-15,465,000","17,500,000","20,200,000","21,080,000"
InterestIncome,,,,,,"644,000","572,000","1,540,000","4,853,000","875,000","620,000","9,202,000","287,000","357,000","12,554,000","2,347,000","9,634,000","5,180,000","171,000","202,000","481,000","84,000","562,000","111,000","119,000","333,000","74,000","236,000","472,000","3,453,000","368,000","173,000","273,000","146,000","66,000","797,000","1,038,000","665,000",,,,,,,,,,"122,000","263,000",,,"108,000","286,000",,,,,,,,,,,,,,,,,,,,,,,,,,,,,,,,,,,,,,,,
InterestExpense,"440,089,000","110,455,000","108,816,000","110,051,000","110,767,000","114,208,000","115,505,000","123,132,000","116,696,000","116,707,000","113,967,000","110,369,000","110,619,000","110,524,000","107,581,000","113,029,000","111,363,000","111,951,000","113,869,000","113,572,000","108,804,000","107,739,000","105,063,000","103,665,000","103,273,000","103,692,000","97,135,000","107,591,000","106,590,000","99,031,000","98,469,000","91,501,000","87,841,000","88,862,000","84,089,000","83,046,000","79,600,000","75,926,000","75,139,000","74,428,000","70,668,000","66,761,000","73,756,000","53,732,000","42,558,000","45,414,000","45,519,000","44,045,000","44,300,000","44,561,000","43,660,000","44,171,000","46,613,000","47,342,000","51,344,000","52,444,000",,,,,,,,,,,,,,,,,,,,,,,,,,,,,,,,,,,,,
NetInterestIncome,"-440,089,000","-110,455,000","-108,816,000","-110,051,000","-110,767,000","-114,208,000","-115,505,000","-123,132,000","-116,696,000","-116,707,000","-113,967,000","-110,369,000","-110,619,000","-110,524,000","-107,581,000","-113,029,000","-111,363,000","-111,951,000","-113,869,000","-113,572,000","-108,804,000","-107,739,000","-105,063,000","-103,665,000","-103,273,000","-103,692,000","-97,135,000","-107,591,000","-106,590,000","-99,031,000","-98,469,000","-91,501,000","-87,841,000","-88,862,000","-84,089,000","-83,046,000","-79,600,000","-75,926,000","-75,139,000","-74,428,000","-70,668,000","-66,761,000","-73,756,000","-53,732,000","-42,558,000","-45,414,000","-45,519,000","-44,045,000","-44,037,000","-43,719,000","-43,660,000","-44,063,000","-46,327,000","-47,342,000","-51,344,000","-52,444,000",,,,,,,,,,,,,,,,,,,,,,,,,,,,,,,,,,,,,
EBIT,"501,475,000","66,603,000","175,370,000","201,980,000","57,522,000","225,482,000","126,047,000","20,253,000","442,410,000","130,294,000","202,890,000","264,515,000","236,950,000","181,069,000","203,517,000","245,768,000","188,181,000","244,106,000","262,984,000","263,685,000","261,571,000","247,478,000","246,972,000","229,965,000","218,191,000","215,375,000","131,673,000","240,616,000","213,884,000","192,079,000","202,917,000","221,707,000","208,517,000","200,535,000","208,992,000","203,570,000","200,069,000","188,756,000","164,447,000","110,989,000","129,452,000","249,677,000","161,654,000","67,340,000","88,577,000","105,915,000","105,920,000","97,875,000","97,294,000","98,575,000","93,560,000","90,740,000","92,747,000","89,978,000","116,042,000","92,684,000","74,969,000","70,251,000","74,765,000","95,873,000","85,675,000","72,163,000","65,389,000","64,254,000","-3,823,000","68,058,000","61,138,000","50,169,000","44,745,000","88,819,000","26,667,000","25,654,000","38,603,000","28,293,000","45,680,000","31,752,000","46,433,000","32,699,000","33,552,000","35,202,000","30,447,000","46,518,000","31,150,000","31,272,000","49,423,000","83,973,000","32,242,000","31,289,000","30,789,000","-84,212,000","73,100,000","72,400,000","71,000,000"
EBITDA,"1,698,878,000"
ReconciledCostOfRevenue,"2,088,497,000","582,576,000","523,850,000","494,853,000","487,218,000","463,373,000","495,542,000","499,148,000","481,695,000","480,854,000","462,120,000","436,416,000","431,137,000","427,503,000","428,820,000","421,947,000","413,028,000","373,731,000","376,625,000","366,382,000","369,725,000","366,502,000","362,091,000","353,807,000","359,673,000","359,803,000","340,383,000","348,325,000","347,617,000","319,789,000","310,977,000","289,139,000","290,729,000","283,914,000","276,080,000","250,122,000","261,162,000","218,328,000","279,104,000","218,705,000","228,413,000","214,727,000","215,508,000","152,971,000","92,323,000","71,546,000","88,181,000","80,280,000","76,664,000","71,156,000","79,572,000","70,736,000","74,837,000","66,750,000","88,022,000","68,731,000",,,,,,,,,,,,,,,,,,,,,,,,,,,,,,,,,,,,,
ReconciledDepreciation,"1,197,403,000","318,959,000","313,596,000","250,700,000","314,148,000","261,966,000","249,366,000","349,594,000","248,837,000","348,910,000","234,603,000","226,187,000","235,920,000","244,276,000","218,579,000","223,634,000","233,150,000","232,650,000","213,407,000","224,108,000","217,783,000","232,189,000","208,387,000","221,961,000","236,387,000","236,793,000","240,210,000","249,207,000","247,453,000","241,291,000","201,236,000","192,064,000","193,876,000","200,556,000","188,393,000","193,989,000","186,943,000","233,074,000","165,296,000","211,877,000","154,528,000","166,163,000","161,027,000","80,755,000","51,759,000","64,365,000","50,563,000","45,088,000","54,691,000","59,301,000","47,115,000","50,675,000","50,516,000","61,607,000","44,645,000","61,086,000","68,725,000","75,000,000","70,716,000","58,352,000","33,433,000","32,421,000","30,849,000","28,516,000","27,867,000","31,174,000","26,597,000","17,601,000","12,630,000","19,106,000","13,495,000","11,508,000","10,231,000","9,434,000","10,507,000","9,434,000","10,135,000","10,424,000","10,144,000","10,842,000","9,839,000","9,895,000","9,883,000","10,089,000","10,498,000","11,864,000","10,542,000","10,544,000","10,653,000","5,203,000","12,400,000","12,400,000","12,800,000"
NetIncomeFromContinuingOperationNetMinorityInterest,"49,008,000","-40,854,000","60,680,000","86,391,000","-57,209,000","110,451,000","12,751,000","-157,170,000","473,117,000","11,443,000","85,259,000","210,529,000","125,785,000","98,166,000","101,954,000","130,692,000","78,665,000","177,584,000","155,697,000","151,135,000","154,891,000","141,380,000","149,714,000","137,571,000","123,285,000","122,899,000","44,970,000","142,285,000","114,179,000","106,145,000","105,766,000","126,764,000","117,016,000","110,182,000","127,380,000","132,635,000","117,820,000","98,621,000","115,329,000","42,543,000","48,297,000","191,265,000","102,885,000","19,676,000","48,984,000","56,925,000","57,356,000","52,523,000","52,159,000","53,684,000","49,685,000","46,162,000","45,940,000","43,735,000","64,073,000","43,407,000","31,098,000","29,401,000","28,014,000","45,136,000","45,106,000","40,797,000","32,241,000","29,258,000","29,134,000","41,885,000","28,721,000","27,068,000","27,573,000","25,947,000","25,297,000","25,654,000","23,275,000","13,639,000","30,992,000","15,662,000","37,288,000","17,760,000","17,093,000","17,455,000","12,701,000","25,369,000","9,157,000","8,105,000","10,579,000","-84,278,000","8,581,000","7,512,000","11,147,000","-10,965,000","13,000,000","20,200,000","20,300,000"
TotalUnusualItemsExcludingGoodwill,"112,171,000","2,896,000","97,838,000","40,611,000","-29,174,000","15,029,000","-6,089,000","-5,332,000","218,007,000","-2,801,000","-41,702,000","10,528,000","2,862,000","34,145,000","-43,985,000","-4,401,000","-28,313,000","-1,530,000","-1,315,000","-6,079,000","-2,365,000","824,000","-16,600,000","-9,692,000","-1,946,000","2,565,000","-77,476,000","-14,130,000","-35,193,000","-8,428,000","-19,163,000","-12,523,000","-10,501,000","-6,607,000","-6,019,000","-5,947,000","-4,262,000","-12,918,000","-3,723,000","-48,167,000","-39,101,000","-75,769,000","-7,144,000","-48,040,000","-22,970,000","-1,702,000","-4,723,000","-10,877,000","-2,319,000","4,496,000","-5,926,000","-3,502,000","-2,054,000","-1,321,000","22,125,000",,"-567,000","-740,000","-1,447,000","-792,000",,"-1,769,000","1,769,000","-1,273,000",,,,,,"65,830,000","-1,370,000",,,"0","0",,,"0","0","-5,587,000","2,114,000","-580,000","580,000","0",,,,,,"7,500,000","-7,500,000",,"-1,300,000"
TotalUnusualItems,"112,171,000","2,896,000","97,838,000","40,611,000","-29,174,000","15,029,000","-6,089,000","-5,332,000","218,007,000","-2,801,000","-41,702,000","10,528,000","2,862,000","34,145,000","-43,985,000","-4,401,000","-28,313,000","-1,530,000","-1,315,000","-6,079,000","-2,365,000","824,000","-16,600,000","-9,692,000","-1,946,000","2,565,000","-77,476,000","-14,130,000","-35,193,000","-8,428,000","-19,163,000","-12,523,000","-10,501,000","-6,607,000","-6,019,000","-5,947,000","-4,262,000","-12,918,000","-3,723,000","-48,167,000","-39,101,000","-75,769,000","-7,144,000","-48,040,000","-22,970,000","-1,702,000","-4,723,000","-10,877,000","-2,319,000","4,496,000","-5,926,000","-3,502,000","-2,054,000","-1,321,000","22,125,000",,"-567,000","-740,000","-1,447,000","-792,000",,"-1,769,000","1,769,000","-1,273,000",,,,,,"65,830,000","-1,370,000",,,"0","0",,,"0","0","-5,587,000","2,114,000","-580,000","580,000","0",,,,,,"7,500,000","-7,500,000",,"-1,300,000"
NormalizedEBITDA,"1,586,707,000","382,666,000","391,128,000","412,069,000","400,844,000","472,419,000","381,502,000","375,179,000","473,240,000","482,005,000","479,195,000","480,174,000","470,008,000","391,200,000","466,081,000","473,803,000","449,644,000","478,286,000","477,706,000","493,872,000","481,719,000","478,843,000","471,959,000","461,618,000","456,524,000","449,605,000","449,359,000","503,953,000","496,530,000","441,798,000","423,316,000","426,294,000","412,894,000","407,698,000","403,404,000","403,506,000","391,274,000","434,748,000","358,078,000","371,033,000","331,750,000","491,609,000","329,825,000","196,135,000","163,306,000","171,982,000","162,747,000","158,937,000","154,304,000","153,380,000","149,835,000","144,917,000","145,317,000","152,906,000","144,886,000","153,770,000","147,196,000","145,991,000","146,928,000","155,017,000","119,108,000","106,353,000","94,469,000","94,638,000","24,647,000","99,232,000","88,878,000","68,454,000","58,011,000","42,095,000","41,613,000","38,069,000","49,732,000","37,727,000","56,227,000","42,273,000","57,525,000","43,836,000","44,320,000","51,894,000","39,221,000","58,069,000","41,524,000","42,218,000","60,324,000","95,837,000","43,073,000","42,145,000","41,828,000","-86,509,000","93,000,000","84,800,000","85,100,000"
TaxRateForCalcs,"0.079","0.108","0.057","0.04","0.27","0.27","0.27","0.27","0.27","0.051","0.023","0.27","0.27","0.27","0.27","0.27","0.27","0.4","0.4","0.4","0.4","0.4","0.4","0.4","0.4","0.4","0.4","0.4","0.4","0.35","0.35","0.025","0.028","0.011","0.35","0.35","0.014","0.35","0.35","0.35","0.193","0.35","0.35","0.35","0.35","0.047","0.027","0.008","0.005","0.35","0.35","0.35","0.35","0.35","0.35","0.35","0.35","0.35","0.35","0.35","0.35","0.4","0.4","0.4","0.4","0.4","0.4","0.4","0.4","0.4","0.4","0.4","0.4","0","0","0.4","0.4","0","0.4","0","0","0.014","0.049","0.13","0.06","0.4","0.4","0.4","0.4","0.4","0.4","0.4","0.4"
TaxEffectOfUnusualItems,"8,820,405.581","313,493.387","5,556,805.601","1,608,465.783","-7,876,980","4,057,830","-1,644,030","-1,439,640","58,861,890","-143,070.141","-940,279.905","2,842,560","772,740","9,219,150","-11,875,950","-1,188,270","-7,644,510","-612,000","-526,000","-2,431,600","-946,000","329,600","-6,640,000","-3,876,800","-778,400","1,026,000","-30,990,400","-5,652,000","-14,077,200","-2,949,800","-6,707,050","-314,887.962","-298,733.244","-75,256.365","-2,106,650","-2,081,450","-61,699.923","-4,521,300","-1,303,050","-16,858,450","-7,541,629.321","-26,519,150","-2,500,400","-16,814,000","-8,039,500","-80,147.403","-129,567.573","-82,643.377","-12,515.266","1,573,600","-2,074,100","-1,225,700","-718,900","-462,350","7,743,750","0","-198,450","-259,000","-506,450","-277,200","0","-707,600","707,600","-509,200","0","0","0","0","0","26,332,000","-548,000","0","0","0","0","0","0","0","0","0","0","-7,946.195","28,316.194","0","0","0","0","0","0","3,000,000","-3,000,000","0","-520,000"