name,ttm,02/28/2022,11/30/2021,08/31/2021,05/31/2021,02/28/2021,11/30/2020,08/31/2020,05/31/2020,02/29/2020,11/30/2019,08/31/2019,05/31/2019,02/28/2019,11/30/2018,08/31/2018,05/31/2018,02/28/2018,11/30/2017,08/31/2017,05/31/2017,02/28/2017,11/30/2016,08/31/2016,05/31/2016,02/29/2016,11/30/2015,08/31/2015,05/31/2015,02/28/2015,11/30/2014,08/31/2014,05/31/2014,02/28/2014,11/30/2013,08/31/2013,05/31/2013,02/28/2013,11/30/2012,08/31/2012,05/31/2012,02/29/2012,11/30/2011,08/31/2011,05/31/2011,02/28/2011,11/30/2010,08/31/2010,05/31/2010,02/28/2010,11/30/2009,08/31/2009,05/31/2009,02/28/2009,11/30/2008,08/31/2008,05/31/2008,02/29/2008,11/30/2007,08/31/2007,05/31/2007,02/28/2007,11/30/2006,08/31/2006,05/31/2006,02/28/2006,11/30/2005,08/31/2005,05/31/2005,02/28/2005,11/30/2004,08/31/2004,05/31/2004,02/29/2004,11/30/2003,08/31/2003,05/31/2003,02/28/2003,11/30/2002,08/31/2002,05/31/2002,02/28/2002,11/30/2001,08/31/2001,05/31/2001,02/28/2001,11/30/2000,08/31/2000,05/31/2000,02/29/2000,11/30/1999,08/31/1999,05/31/1999,02/28/1999,11/30/1998,08/31/1998,05/31/1998,02/28/1998,11/30/1997,08/31/1997,05/31/1997,02/28/1997,11/30/1996,08/31/1996,05/31/1996,02/29/1996,11/30/1995,08/31/1995,05/31/1995,02/28/1995,11/30/1994,08/31/1994,05/31/1994,02/28/1994,11/30/1993,08/31/1993,05/31/1993,02/28/1993,11/30/1992,08/31/1992,05/31/1992,02/29/1992,11/30/1991,08/31/1991,05/31/1991,02/28/1991,11/30/1990,08/31/1990,05/31/1990,02/28/1990,11/30/1989,08/31/1989,05/31/1989,02/28/1989,11/30/1988,08/31/1988,05/31/1988,02/29/1988,11/30/1987,08/31/1987,05/31/1987,02/28/1987,11/30/1986,08/31/1986,05/31/1986,02/28/1986,11/30/1985,08/31/1985
TotalRevenue,"135,948,000,000","33,756,000,000","33,901,000,000","34,262,000,000","34,030,000,000","32,779,000,000","36,307,000,000","34,746,000,000","34,631,000,000","35,820,000,000","34,339,000,000","33,954,000,000","34,591,000,000","34,528,000,000","33,793,000,000","33,442,000,000","34,334,000,000","33,021,000,000","30,740,000,000","30,149,000,000","30,118,000,000","29,446,000,000","28,501,000,000","28,636,000,000","29,498,000,000","30,184,000,000","29,033,000,000","28,522,000,000","28,795,000,000","26,573,000,000","19,554,000,000","19,057,000,000","19,401,000,000","19,605,000,000","18,329,000,000","17,941,000,000","18,313,000,000","18,647,000,000","17,316,000,000","17,073,000,000","17,752,000,000","18,651,000,000","18,157,000,000","17,967,000,000","18,371,000,000","18,502,000,000","17,344,000,000","16,870,000,000","17,199,000,000","16,987,000,000","16,364,000,000","15,703,000,000","16,210,000,000","16,475,000,000","14,947,000,000","14,597,100,000","15,015,700,000","15,393,600,000","14,027,900,000","13,421,500,000","13,698,300,000","13,933,700,000","12,708,500,000","12,170,300,000","12,175,200,000","12,163,100,000","10,900,400,000","10,494,900,000","10,830,600,000","10,987,000,000","9,889,100,000","9,426,700,000","9,578,500,000","9,782,200,000","8,720,800,000","8,246,400,000","8,328,000,000","8,446,100,000","7,484,900,000","7,235,300,000","7,397,900,000","7,488,500,000","6,559,400,000","6,283,600,000","6,296,200,000","6,429,000,000","5,614,200,000","5,380,800,000","5,394,100,000","5,608,800,000","4,823,200,000","4,560,000,000","4,571,400,000","4,691,000,000","4,016,000,000","3,841,000,000","3,887,000,000","4,094,000,000","3,485,000,000","3,303,100,000","3,403,300,000","3,602,600,000","3,054,000,000","2,917,700,000","2,988,800,000","3,179,100,000","2,692,800,000","2,565,200,000","2,617,400,000","2,807,000,000","2,405,600,000","2,282,500,000","2,336,000,000","2,498,500,000","2,118,000,000","2,037,000,000","2,085,300,000","2,257,900,000","1,914,600,000","1,842,300,000","1,886,000,000","2,038,000,000","1,708,700,000","1,667,300,000","1,704,400,000","1,820,800,000","1,540,500,000","1,492,300,000","1,521,800,000","1,646,600,000","1,386,800,000","1,341,000,000","1,350,700,000","1,476,700,000","1,211,700,000","1,201,900,000","1,215,900,000","1,350,900,000","1,114,800,000","1,075,100,000","1,070,800,000","1,175,400,000","960,300,000","926,700,000","913,900,000","1,002,300,000","817,700,000","778,800,000"
	OperatingRevenue,"135,948,000,000","33,756,000,000","33,901,000,000","34,262,000,000","34,030,000,000","32,779,000,000","36,307,000,000","34,746,000,000","34,631,000,000","35,820,000,000","34,339,000,000","33,954,000,000","34,591,000,000","34,528,000,000","33,793,000,000","33,442,000,000","34,334,000,000","33,021,000,000","30,740,000,000","30,149,000,000","30,118,000,000","29,446,000,000","28,501,000,000","28,636,000,000","29,498,000,000","30,184,000,000","29,033,000,000","28,522,000,000","28,795,000,000","26,573,000,000","19,554,000,000","19,057,000,000","19,401,000,000","19,605,000,000","18,329,000,000","17,941,000,000","18,313,000,000","18,647,000,000","17,316,000,000","17,073,000,000","17,752,000,000","18,651,000,000","18,157,000,000","17,967,000,000","18,371,000,000","18,502,000,000","17,344,000,000","16,870,000,000","17,199,000,000","16,987,000,000","16,364,000,000","15,703,000,000","16,210,000,000","16,475,000,000","14,947,000,000","14,597,100,000","15,015,700,000","15,393,600,000","14,027,900,000","13,421,500,000","13,698,300,000","13,933,700,000","12,708,500,000","12,170,300,000","12,175,200,000","12,163,100,000","10,900,400,000","10,494,900,000","10,830,600,000","10,987,000,000","9,889,100,000","9,426,700,000","9,578,500,000","9,782,200,000","8,720,800,000","8,246,400,000","8,328,000,000","8,446,100,000","7,484,900,000","7,235,300,000","7,397,900,000","7,488,500,000","6,559,400,000","6,283,600,000","6,296,200,000","6,429,000,000","5,614,200,000","5,380,800,000","5,394,100,000","5,608,800,000","4,823,200,000","4,560,000,000","4,571,400,000","4,691,000,000","4,016,000,000","3,841,000,000","3,887,000,000","4,094,000,000","3,485,000,000","3,303,100,000","3,403,300,000","3,602,600,000","3,054,000,000","2,917,700,000","2,988,800,000","3,179,100,000","2,692,800,000","2,565,200,000","2,617,400,000","2,807,000,000","2,405,600,000","2,282,500,000","2,336,000,000","2,498,500,000","2,118,000,000","2,037,000,000","2,085,300,000","2,257,900,000","1,914,600,000","1,842,300,000","1,886,000,000","2,038,000,000","1,708,700,000","1,667,300,000","1,704,400,000","1,820,800,000","1,540,500,000","1,492,300,000","1,521,800,000","1,646,600,000","1,386,800,000","1,341,000,000","1,350,700,000","1,476,700,000","1,211,700,000","1,201,900,000","1,215,900,000","1,350,900,000","1,114,800,000","1,075,100,000","1,070,800,000","1,175,400,000","960,300,000","926,700,000","913,900,000","1,002,300,000","817,700,000","778,800,000"
CostOfRevenue,"106,010,000,000","26,047,000,000","26,326,000,000","26,758,000,000","26,877,000,000","25,998,000,000","29,168,000,000","27,943,000,000","28,193,000,000","28,307,000,000","27,077,000,000","26,727,000,000","27,138,000,000","26,773,000,000","26,152,000,000","25,867,000,000","26,554,000,000","24,925,000,000","23,399,000,000","22,809,000,000","22,973,000,000","21,885,000,000","21,385,000,000","21,705,000,000","22,001,000,000","22,240,000,000","21,531,000,000","21,257,000,000","21,314,000,000","19,691,000,000","14,258,000,000","13,730,000,000","13,961,000,000","13,955,000,000","13,177,000,000","12,750,000,000","13,091,000,000","13,040,000,000","12,217,000,000","12,238,000,000","12,738,000,000","13,262,000,000","13,053,000,000","12,898,000,000","13,217,000,000","13,178,000,000","12,399,000,000","12,078,000,000","12,450,000,000","12,090,000,000","11,826,000,000","11,357,000,000","11,751,000,000","11,818,000,000","10,796,000,000","10,542,200,000","10,776,800,000","10,957,400,000","10,121,100,000","9,666,200,000","9,821,100,000","9,897,900,000","9,132,900,000","8,806,700,000","8,832,000,000","8,703,800,000","7,897,900,000","7,561,800,000","7,814,400,000","7,856,400,000","7,181,200,000","6,812,400,000","7,000,700,000","7,076,600,000","6,420,700,000","6,021,000,000","6,098,000,000","6,098,000,000","5,489,200,000","5,299,300,000","5,460,700,000","5,454,600,000","4,861,500,000","4,620,000,000","4,644,600,000","4,658,200,000","4,126,100,000","3,676,400,000","3,943,100,000","4,065,300,000","3,551,000,000","3,103,700,000","3,330,700,000","3,392,400,000","2,942,000,000","2,609,000,000","2,840,000,000","2,961,000,000","2,541,000,000","2,226,800,000","2,470,600,000","2,596,500,000","2,224,000,000","1,958,300,000","2,165,600,000","2,289,800,000","1,953,800,000","1,712,700,000","1,888,200,000","2,009,100,000","1,740,800,000","1,502,600,000","1,679,900,000","1,785,600,000","1,528,200,000","1,343,900,000","1,503,500,000","1,619,700,000","1,387,200,000","1,223,100,000","1,360,400,000","1,464,800,000","1,237,300,000","1,106,400,000","1,223,500,000","1,303,100,000","1,111,900,000","1,047,300,000","1,081,700,000","1,170,000,000","988,000,000",,,,,,,,,,,,,,,,,
GrossProfit,"29,939,000,000","7,708,000,000","7,574,000,000","7,503,000,000","7,153,000,000","6,781,000,000","7,139,000,000","6,803,000,000","6,438,000,000","7,513,000,000","7,263,000,000","7,227,000,000","7,453,000,000","7,754,000,000","7,641,000,000","7,575,000,000","7,780,000,000","8,096,000,000","7,341,000,000","7,340,000,000","7,145,000,000","7,561,000,000","7,116,000,000","6,931,000,000","7,497,000,000","7,944,000,000","7,502,000,000","7,265,000,000","7,481,000,000","6,882,000,000","5,296,000,000","5,327,000,000","5,440,000,000","5,650,000,000","5,152,000,000","5,191,000,000","5,222,000,000","5,607,000,000","5,099,000,000","4,835,000,000","5,014,000,000","5,389,000,000","5,104,000,000","5,069,000,000","5,154,000,000","5,324,000,000","4,945,000,000","4,792,000,000","4,749,000,000","4,897,000,000","4,538,000,000","4,346,000,000","4,459,000,000","4,657,000,000","4,151,000,000","4,054,900,000","4,238,900,000","4,436,200,000","3,906,800,000","3,755,300,000","3,877,200,000","4,035,800,000","3,575,600,000","3,363,600,000","3,343,200,000","3,459,300,000","3,002,500,000","2,933,100,000","3,016,200,000","3,130,600,000","2,707,900,000","2,614,300,000","2,577,800,000","2,705,600,000","2,300,100,000","2,225,400,000","2,230,000,000","2,348,100,000","1,995,700,000","1,936,000,000","1,937,200,000","2,033,900,000","1,697,900,000","1,663,600,000","1,651,600,000","1,770,800,000","1,488,100,000","1,704,400,000","1,451,000,000","1,543,500,000","1,272,200,000","1,456,300,000","1,240,700,000","1,298,600,000","1,074,000,000","1,232,000,000","1,047,000,000","1,133,000,000","944,000,000","1,076,300,000","932,700,000","1,006,100,000","830,000,000","959,400,000","823,200,000","889,300,000","739,000,000","852,500,000","729,200,000","797,900,000","664,800,000","779,900,000","656,100,000","712,900,000","589,800,000","693,100,000","581,800,000","638,200,000","527,400,000","619,200,000","525,600,000","573,200,000","471,400,000","560,900,000","480,900,000","517,700,000","428,600,000","445,000,000","440,100,000","476,600,000","398,800,000",,,,,,,,,,,,,,,,,
OperatingExpense,"25,722,000,000","6,565,000,000","6,391,000,000","6,650,000,000","6,116,000,000","6,029,000,000","6,207,000,000","6,210,000,000","8,265,000,000","6,308,000,000","6,262,000,000","6,408,000,000","6,235,000,000","6,320,000,000","6,280,000,000","6,113,000,000","6,231,000,000","6,318,000,000","5,907,000,000","6,218,000,000","5,712,000,000","6,124,000,000","5,686,000,000","5,825,000,000","5,967,000,000","6,084,000,000","6,034,000,000","6,429,000,000","6,080,000,000","5,606,000,000","4,456,000,000","4,493,000,000","4,551,000,000","4,569,000,000","4,379,000,000","4,286,000,000","4,362,000,000","4,497,000,000","4,398,000,000","4,249,000,000","4,141,000,000","4,284,000,000","4,204,000,000","3,803,000,000","4,203,000,000","4,117,000,000","4,004,000,000","4,044,000,000","3,920,000,000","3,811,000,000","3,741,000,000","3,644,000,000","3,613,000,000","3,627,000,000","3,482,000,000","3,344,000,000","3,325,100,000","3,348,000,000","3,179,000,000","3,151,800,000","3,022,400,000","3,015,300,000","2,903,700,000","2,732,400,000","2,635,600,000","2,638,400,000","2,460,700,000","2,408,600,000","2,378,700,000","2,359,700,000","2,210,300,000","2,098,300,000","2,033,100,000","2,028,600,000","1,895,100,000","1,783,700,000","1,769,300,000","1,754,900,000","1,643,000,000","1,541,300,000","1,523,100,000","1,510,500,000","1,405,900,000","1,325,300,000","1,306,100,000","1,313,900,000","1,230,500,000","1,394,500,000","1,138,200,000","1,152,300,000","1,062,000,000","1,195,900,000","984,400,000","968,600,000","904,000,000","1,023,000,000","843,000,000","854,000,000","801,000,000","905,300,000","757,400,000","766,600,000","707,700,000","813,800,000","674,900,000","682,900,000","635,200,000","729,300,000","601,500,000","616,500,000","576,900,000","667,300,000","541,900,000","555,300,000","518,400,000","597,600,000","479,000,000","496,300,000","461,400,000","535,800,000","434,200,000","448,300,000","412,600,000","485,500,000","400,800,000","405,000,000","375,700,000","378,400,000","369,800,000","376,800,000","351,500,000",,,,,,,,,,,,,,,,,
	SellingGeneralAndAdministration,"25,722,000,000","6,565,000,000","6,391,000,000","6,650,000,000","6,116,000,000","6,029,000,000","6,207,000,000","6,210,000,000","8,265,000,000","6,308,000,000","6,262,000,000","6,408,000,000","6,235,000,000","6,320,000,000","6,280,000,000","6,113,000,000","6,231,000,000","6,318,000,000","5,907,000,000","6,218,000,000","5,712,000,000","6,124,000,000","5,686,000,000","5,825,000,000","5,967,000,000","6,084,000,000","6,034,000,000","6,429,000,000","6,080,000,000","5,606,000,000","4,456,000,000","4,493,000,000","4,551,000,000","4,569,000,000","4,379,000,000","4,286,000,000","4,362,000,000","4,497,000,000","4,398,000,000","4,249,000,000","4,141,000,000","4,284,000,000","4,204,000,000","4,237,000,000","4,203,000,000","4,117,000,000","4,004,000,000","4,044,000,000","3,920,000,000","3,811,000,000","3,741,000,000","3,644,000,000","3,613,000,000","3,627,000,000","3,482,000,000","3,344,000,000","3,325,100,000","3,348,000,000","3,179,000,000","3,151,800,000","3,022,400,000","3,015,300,000","2,903,700,000","2,732,400,000","2,635,600,000","2,638,400,000","2,460,700,000","2,408,600,000","2,378,700,000","2,359,700,000","2,210,300,000","2,098,300,000","2,033,100,000","2,028,600,000","1,895,100,000","1,783,700,000","1,769,300,000","1,754,900,000","1,643,000,000","1,541,300,000","1,523,100,000","1,510,500,000","1,405,900,000","1,325,300,000","1,306,100,000","1,313,900,000","1,230,500,000","1,164,400,000","1,138,200,000","1,152,300,000","1,062,000,000","985,800,000","984,400,000","968,600,000","904,000,000","834,000,000","843,000,000","854,000,000","801,000,000","741,300,000","757,400,000","766,600,000","707,700,000","666,500,000","674,900,000","682,900,000","635,200,000","597,800,000","601,500,000","616,500,000","576,900,000","549,200,000","541,900,000","555,300,000","518,400,000","492,900,000","479,000,000","496,300,000","461,400,000","443,700,000","434,200,000","448,300,000","412,600,000","401,200,000","400,800,000","405,000,000","375,700,000","358,700,000","352,900,000","360,200,000","335,200,000",,,,,,,,,,,,,,,,,
	DepreciationAmortizationDepletionIncomeStatement,,,,,,,,,,,,,,,,,,,,,,,,,,,,,,,,,,,,,,,,,,,,,,,,,,,,,,,,,,,,,,,,,,,,,,,,,,,,,,,,,,,,,,,,,,,,,,,,,,,,,,,,,,,,,,,,,,,,,,,,,,,,,,,,"19,700,000","16,900,000","16,600,000","16,300,000",,,,,,,,,,,,,,,,,
		DepreciationAndAmortizationInIncomeStatement,,,,,,,,,,,,,,,,,,,,,,,,,,,,,,,,,,,,,,,,,,,,,,,,,,,,,,,,,,,,,,,,,,,,,,,,,,,,,,,,,,,,,,,,,,,,,,,,,,,,,,,,,,,,,,,,,,,,,,,,,,,,,,,,"19,700,000","16,900,000","16,600,000","16,300,000",,,,,,,,,,,,,,,,,
	OtherOperatingExpenses,,,,,,,,,,,,,,,,,,,,,,,,,,,,,,,,,,,,,,,,,,,,"-434,000,000",,,,,,,,,,,,,,,,,,,,,,,,,,,,,,,,,,,,,,,,,,,,,,,,,,,,,,,,,,,,,,,,,,,,,,,,,,,,,,,,,,,,,,,,,,,,,,,,,,,,,,,,
OperatingIncome,"4,217,000,000","1,143,000,000","1,183,000,000","853,000,000","1,037,000,000","752,000,000","932,000,000","593,000,000","-1,827,000,000","1,205,000,000","1,001,000,000","819,000,000","1,218,000,000","1,434,000,000","1,361,000,000","1,462,000,000","1,549,000,000","1,778,000,000","1,434,000,000","1,122,000,000","1,433,000,000","1,437,000,000","1,430,000,000","1,106,000,000","1,530,000,000","1,860,000,000","1,468,000,000","836,000,000","1,401,000,000","1,276,000,000","840,000,000","834,000,000","889,000,000","1,081,000,000","773,000,000","905,000,000","860,000,000","1,110,000,000","701,000,000","586,000,000","873,000,000","1,105,000,000","900,000,000","1,266,000,000","951,000,000","1,207,000,000","941,000,000","748,000,000","829,000,000","1,086,000,000","797,000,000","702,000,000","846,000,000","1,030,000,000","669,000,000","710,900,000","913,800,000","1,088,200,000","727,800,000","603,500,000","854,800,000","1,020,500,000","671,900,000","631,200,000","707,600,000","820,900,000","541,800,000","524,500,000","637,500,000","770,900,000","497,600,000","516,000,000","544,700,000","677,000,000","405,000,000","441,700,000","460,700,000","593,200,000","352,700,000","394,700,000","414,100,000","523,400,000","292,000,000","338,300,000","345,500,000","456,900,000","257,600,000","309,900,000","312,800,000","391,200,000","210,200,000","260,400,000","256,300,000","330,000,000","170,000,000","209,000,000","204,000,000","279,000,000","143,000,000","171,000,000","175,300,000","239,500,000","122,300,000","145,600,000","148,300,000","206,400,000","103,800,000","123,200,000","127,700,000","181,400,000","87,900,000","112,600,000","114,200,000","157,600,000","71,400,000","95,500,000","102,800,000","141,900,000","66,000,000","83,400,000","91,400,000","124,900,000","58,800,000","75,400,000","80,100,000","112,700,000","52,900,000","66,600,000","70,300,000","99,800,000","47,300,000","-3,785,600,000","1,350,700,000","1,476,700,000","1,211,700,000","-3,457,400,000","1,215,900,000","1,350,900,000","1,114,800,000","-2,995,800,000","1,070,800,000","1,175,400,000","960,300,000","-2,537,300,000","913,900,000","1,002,300,000","817,700,000","-2,205,300,000"
NetNonOperatingInterestIncomeExpense,"-819,000,000","-100,000,000","-86,000,000","-88,000,000","-545,000,000","-137,000,000","-140,000,000","-157,000,000","-155,000,000","-162,000,000","-166,000,000","-175,000,000","-187,000,000","-181,000,000","-161,000,000","-159,000,000","-157,000,000","-151,000,000","-149,000,000","-193,000,000","-155,000,000","-172,000,000","-173,000,000","-171,000,000","-147,000,000","-140,000,000","-138,000,000","-255,000,000","-151,000,000","-144,000,000","-55,000,000","-43,000,000","-35,000,000","-37,000,000","-41,000,000","-55,000,000","-50,000,000","-23,000,000","-37,000,000","-37,000,000","-17,000,000","-17,000,000","-17,000,000","-15,000,000","-18,000,000","-18,000,000","-20,000,000","-18,000,000","-24,000,000","-22,000,000","-21,000,000","-23,000,000","-25,000,000","-20,000,000",,,,,,,,,,,,,,,,,,,,,,,,,,,,,,,,,,,,,,,,,,,,,,,,,,,,,,,,,,,,,,,,,,,,,,,,,,,,,,,,,,,,,,,,,,,,,,
	InterestExpenseNonOperating,"819,000,000","100,000,000","86,000,000","88,000,000","545,000,000","137,000,000","140,000,000","157,000,000","155,000,000","162,000,000","166,000,000","175,000,000","187,000,000","181,000,000","161,000,000","159,000,000","157,000,000","151,000,000","149,000,000","193,000,000","155,000,000","172,000,000","173,000,000","171,000,000","147,000,000","140,000,000","138,000,000","255,000,000","151,000,000","144,000,000","55,000,000","43,000,000","35,000,000","37,000,000","41,000,000","55,000,000","50,000,000","23,000,000","37,000,000","37,000,000",,,"17,000,000","15,000,000",,,"20,000,000","18,000,000","24,000,000","22,000,000","21,000,000","23,000,000","25,000,000","20,000,000",,,,,,,,,,,,,,,,,,,,,,,,,,,,,,,,,,,,,,,,,,,,,,,,,,,,,,,,,,,,,,,,,,,,,,,,,,,,,,,,,,,,,,,,,,,,,,
	TotalOtherFinanceCost,,,,"88,000,000",,,,,,"162,000,000","166,000,000","175,000,000","187,000,000","181,000,000","161,000,000","159,000,000","157,000,000","151,000,000","149,000,000","193,000,000","155,000,000","172,000,000","173,000,000","171,000,000","147,000,000","140,000,000","138,000,000","255,000,000","151,000,000","144,000,000","55,000,000","43,000,000","35,000,000","37,000,000","41,000,000","55,000,000","50,000,000","23,000,000","37,000,000","37,000,000","17,000,000","17,000,000","17,000,000",,"18,000,000","18,000,000","20,000,000",,,,,,,,,,,,,,,,,,,,,,,,,,,,,,,,,,,,,,,,,,,,,,,,,,,,,,,,,,,,,,,,,,,,,,,,,,,,,,,,,,,,,,,,,,,,,,,,,,,,,
OtherIncomeExpense,"3,019,000,000","-95,000,000","2,717,000,000","142,000,000","256,000,000","331,000,000","-1,313,000,000","101,000,000","209,000,000","53,000,000","48,000,000","65,000,000","166,000,000","102,000,000","65,000,000","358,000,000","48,000,000","211,000,000","-249,000,000","3,000,000","76,000,000","27,000,000","18,000,000","298,000,000","31,000,000","-496,000,000","-57,000,000","-622,000,000","461,000,000","1,311,000,000","350,000,000","-636,000,000","261,000,000","135,000,000","376,000,000","167,000,000","208,000,000","105,000,000","4,000,000",,,,,,,,,,,,,,,,,,,,,,,,,,,,,,"6,600,000","4,700,000","15,000,000","600,000","3,000,000","12,700,000",,"600,000","12,000,000","300,000","16,700,000","700,000",,,"5,500,000","0",,"22,100,000",,,,,,,,,,,,,,"1,700,000","1,600,000","1,800,000","800,000","1,200,000","1,600,000","1,200,000","1,000,000","1,600,000","1,500,000","1,000,000","800,000","1,800,000","1,500,000","1,100,000","800,000","1,900,000","1,500,000","-5,300,000","2,000,000","2,900,000","3,000,000","2,500,000","1,900,000","-1,100,000","3,100,000","3,800,000","3,100,000","4,300,000","4,100,000","3,900,000","3,400,000",,,,,,,,,,,,,,,,,
	EarningsFromEquityInterest,"356,000,000","103,000,000","100,000,000","57,000,000","97,000,000","80,000,000","-1,373,000,000","57,000,000","243,000,000","28,000,000","13,000,000","59,000,000","-16,000,000","83,000,000","39,000,000","49,000,000","52,000,000","202,000,000","-112,000,000","-8,000,000","84,000,000","42,000,000","17,000,000","34,000,000","3,000,000","0","0","-143,000,000","0","807,000,000","151,000,000","135,000,000","137,000,000","194,000,000","151,000,000","124,000,000","131,000,000","85,000,000","4,000,000",,,,,,,,,,,,,,,,,,,,,,,,,,,,,,,,,,,,,,,,,,,,,,,,,,,,,,,,,,,,,,,,,,,,,,,,,,,,,,,,,,,,,,,,,,,,,,,,,,,,,,,,,,,,,
	SpecialIncomeCharges,,,,,,,,,,,,,,,,,,,,,,,,,,,,,,,,"0","0","0",,"0","0","20,000,000","4,000,000",,,,,,,,,,,,,,,,,,,,,,,,,,,,,,"6,600,000","4,700,000","15,000,000","600,000","3,000,000","12,700,000",,"600,000","12,000,000","300,000","16,700,000","700,000",,,"5,500,000","0",,"22,100,000",,,,,,,,,,,,,,"1,700,000","1,600,000","1,800,000","800,000","1,200,000","1,600,000","1,200,000","1,000,000","1,600,000","1,500,000","1,000,000","800,000","1,800,000","1,500,000","1,100,000","800,000","1,900,000","1,500,000","-5,300,000","2,000,000","2,900,000","3,000,000","2,500,000","1,900,000","-1,100,000","3,100,000","3,800,000","3,100,000","4,300,000","4,100,000","3,900,000","3,400,000",,,,,,,,,,,,,,,,,
		GainOnSaleOfBusiness,,,,,,,,,,,,,,,,,,,,,,,,,,,,,,,,"0","0","0",,"0","0","20,000,000",,,,,,,,,,,,,,,,,,,,,,,,,,,,,,,,,,,,,,,,,,,,,,,,,,,,,,,,,,,,,,,,,,,,,,,,,,,,,,,,,,,,,,,,,,,,,,,,,,,,,,,,,,,,,,
	OtherNonOperatingIncomeExpenses,"2,663,000,000","-198,000,000","2,617,000,000","85,000,000","159,000,000","251,000,000","60,000,000","44,000,000","-34,000,000","25,000,000","35,000,000","6,000,000","182,000,000","19,000,000","26,000,000","309,000,000","-4,000,000","9,000,000","-137,000,000","11,000,000","-8,000,000","-15,000,000","1,000,000","264,000,000","28,000,000","-496,000,000","-57,000,000","-479,000,000","461,000,000","504,000,000","199,000,000","-771,000,000","124,000,000","-59,000,000","225,000,000","43,000,000","77,000,000",,,,,,,,,,,,,,,,,,,,,,,,,,,,,,,,,,,,,,,,,,,,,,,,,,,,,,,,,,,,,,,,,,,,,,,,,,,,,,,,,,,,,,,,,,,,,,,,,,,,,,,,,,,,,,,
PretaxIncome,"6,417,000,000","947,000,000","3,814,000,000","907,000,000","749,000,000","946,000,000","-520,000,000","537,000,000","-1,773,000,000","1,097,000,000","882,000,000","708,000,000","1,198,000,000","1,356,000,000","1,265,000,000","1,661,000,000","1,440,000,000","1,838,000,000","1,036,000,000","932,000,000","1,354,000,000","1,292,000,000","1,275,000,000","1,233,000,000","1,414,000,000","1,224,000,000","1,273,000,000","-41,000,000","1,711,000,000","2,443,000,000","1,135,000,000","155,000,000","1,115,000,000","1,179,000,000","1,108,000,000","1,017,000,000","1,018,000,000","1,192,000,000","668,000,000","549,000,000","856,000,000","1,088,000,000","883,000,000","1,251,000,000","933,000,000","1,189,000,000","921,000,000","730,000,000","805,000,000","1,064,000,000","776,000,000","679,000,000","821,000,000","1,010,000,000","654,000,000","703,700,000","912,300,000","1,085,700,000","728,200,000","609,900,000","866,000,000","1,030,700,000","682,500,000","651,400,000","723,200,000","830,900,000","548,600,000","507,100,000","655,000,000","782,300,000","517,700,000","523,500,000","551,300,000","693,700,000","407,800,000","445,200,000","475,700,000","595,800,000","372,000,000","398,000,000","416,000,000","524,600,000","298,700,000","339,800,000","345,500,000","479,800,000","257,600,000","344,800,000","314,900,000","392,300,000","211,300,000","264,300,000","262,200,000","331,000,000","171,000,000","249,000,000","206,000,000","279,000,000","143,000,000","172,300,000","176,500,000","240,700,000","122,500,000","146,500,000","149,500,000","207,000,000","104,000,000","124,600,000","129,000,000","182,200,000","88,200,000","113,800,000","115,000,000","158,100,000","71,600,000","96,300,000","103,500,000","135,200,000","64,700,000","82,300,000","90,500,000","123,400,000","56,700,000","73,800,000","78,900,000","108,000,000","51,400,000","66,200,000","69,700,000","99,100,000","45,900,000",,,,,,,,,,,,,,,,,
TaxProvision,"1,279,000,000","172,000,000","275,000,000","586,000,000","246,000,000","42,000,000","-199,000,000","208,000,000","-40,000,000","160,000,000","32,000,000","26,000,000","156,000,000","226,000,000","180,000,000","159,000,000","109,000,000","503,000,000","227,000,000","126,000,000","168,000,000","246,000,000","220,000,000","207,000,000","322,000,000","301,000,000","167,000,000","-64,000,000","408,000,000","391,000,000","299,000,000","360,000,000","351,000,000","411,000,000","404,000,000","360,000,000","394,000,000","436,000,000","255,000,000","196,000,000","319,000,000","405,000,000","329,000,000","459,000,000","330,000,000","450,000,000","341,000,000","260,000,000","342,000,000","395,000,000","287,000,000","243,000,000","299,000,000","370,000,000","246,000,000","260,700,000","340,000,000","399,800,000","272,700,000","213,400,000","304,800,000","378,800,000","250,800,000","239,100,000","254,000,000","307,400,000","203,000,000","178,100,000","244,000,000","291,400,000","185,000,000","196,300,000","206,700,000","260,200,000","152,900,000","168,100,000","179,600,000","224,900,000","140,400,000","150,300,000","157,000,000","198,000,000","112,800,000","122,900,000","132,100,000","182,900,000","99,200,000","128,200,000","121,300,000","153,400,000","83,500,000","103,700,000","102,900,000","130,800,000","67,000,000","97,000,000","79,000,000","108,000,000","56,000,000","66,900,000","68,400,000","93,300,000","47,500,000","56,800,000","57,900,000","80,200,000","40,300,000","48,300,000","50,000,000","70,600,000","34,200,000","44,700,000","44,000,000","60,500,000","27,400,000","39,900,000","39,100,000","51,000,000","24,400,000","30,900,000","33,900,000","46,300,000","21,300,000","27,700,000","29,600,000","40,500,000","19,300,000","25,800,000","26,100,000","37,200,000","17,200,000",,,,,,,,,,,,,,,,,
EarningsFromEquityInterestNetOfTax,"622,000,000","31,000,000","-7,000,000","23,000,000","575,000,000","13,000,000","23,000,000","27,000,000","7,000,000","15,000,000","-9,000,000","4,000,000","-5,000,000","9,000,000","15,000,000","12,000,000","15,000,000","14,000,000","13,000,000","1,000,000","-21,000,000","16,000,000","12,000,000","9,000,000","15,000,000","9,000,000","11,000,000","9,000,000","7,000,000","8,000,000",,,,,,,,,,,,,,,,,,,,,,,,,,,,,,,,,,,,,,,,,,,,,,,,,,,,,,,,,,,,,,,,,,,,,,,,,,,,,,,,,,,,,,,,,,,,,,,,,,,,,,,,,,,,,,,,,,,,,,
NetIncomeCommonStockholders,"6,287,000,000","883,000,000","3,580,000,000","627,000,000","1,197,000,000","1,026,000,000","-308,000,000","373,000,000","-1,708,000,000","946,000,000","845,000,000","677,000,000","1,025,000,000","1,156,000,000","1,123,000,000","1,512,000,000","1,342,000,000","1,349,000,000","821,000,000","802,000,000","1,162,000,000","1,060,000,000","1,054,000,000","1,030,000,000","1,103,000,000","930,000,000","1,110,000,000","26,000,000","1,302,000,000","2,042,000,000","809,000,000","-239,000,000","722,000,000","754,000,000","695,000,000","657,000,000","624,000,000","756,000,000","413,000,000","353,000,000","537,000,000","683,000,000","554,000,000","792,000,000","603,000,000","739,000,000","580,000,000","470,000,000","463,000,000","669,000,000","489,000,000","436,000,000","522,000,000","640,000,000","408,000,000","443,000,000","572,300,000","685,900,000","455,500,000","396,500,000","561,200,000","651,900,000","431,700,000","412,300,000","469,200,000","523,500,000","345,600,000","329,000,000","411,000,000","490,900,000","332,700,000","327,200,000","344,600,000","433,500,000","254,900,000","277,100,000","296,100,000","370,900,000","231,600,000","247,700,000","259,000,000","326,600,000","185,900,000","216,900,000","213,400,000","296,900,000","158,400,000","216,600,000","193,600,000","238,900,000","127,800,000","160,600,000","159,300,000","200,200,000","104,000,000","152,000,000","127,000,000","171,000,000","61,000,000","105,400,000","108,100,000","147,400,000","75,000,000","89,700,000","91,600,000","126,800,000","63,700,000","76,300,000","79,000,000","111,600,000","54,000,000","69,100,000","71,000,000","97,600,000","44,200,000","32,800,000","64,400,000","84,200,000","40,300,000","51,400,000","56,600,000","77,100,000","35,400,000","46,100,000","49,300,000","67,500,000","32,100,000","40,400,000","43,600,000","61,900,000","28,700,000",,,,,,,,,,,,,,,,,
	NetIncome,"6,287,000,000","883,000,000","3,580,000,000","627,000,000","1,197,000,000","1,026,000,000","-308,000,000","373,000,000","-1,708,000,000","946,000,000","845,000,000","677,000,000","1,025,000,000","1,156,000,000","1,123,000,000","1,512,000,000","1,342,000,000","1,349,000,000","821,000,000","802,000,000","1,162,000,000","1,060,000,000","1,054,000,000","1,030,000,000","1,103,000,000","930,000,000","1,110,000,000","26,000,000","1,302,000,000","2,042,000,000","809,000,000","-239,000,000","722,000,000","754,000,000","695,000,000","657,000,000","624,000,000","756,000,000","413,000,000","353,000,000","537,000,000","683,000,000","554,000,000","792,000,000","603,000,000","739,000,000","580,000,000","470,000,000","463,000,000","669,000,000","489,000,000","436,000,000","522,000,000","640,000,000","408,000,000","443,000,000","572,300,000","685,900,000","455,500,000","396,500,000","561,200,000","651,900,000","431,700,000","412,300,000","469,200,000","523,500,000","345,600,000","329,000,000","411,000,000","490,900,000","332,700,000","327,200,000","344,600,000","433,500,000","254,900,000","277,100,000","296,100,000","370,900,000","231,600,000","247,700,000","259,000,000","326,600,000","185,900,000","216,900,000","213,400,000","296,900,000","158,400,000","216,600,000","193,600,000","238,900,000","127,800,000","160,600,000","159,300,000","200,200,000","104,000,000","152,000,000","127,000,000","171,000,000","61,000,000","105,400,000","108,100,000","147,400,000","75,000,000","89,700,000","91,600,000","126,800,000","63,700,000","76,300,000","79,000,000","111,600,000","54,000,000","69,100,000","71,000,000","97,600,000","44,200,000","32,800,000","64,400,000","84,200,000","40,300,000","51,400,000","56,600,000","77,100,000","35,400,000","46,100,000","49,300,000","67,500,000","32,100,000","40,400,000","43,600,000","61,900,000","28,700,000",,,,,,,,,,,,,,,,,
		NetIncomeIncludingNoncontrollingInterests,"6,123,000,000","806,000,000","3,531,000,000","613,000,000","1,173,000,000","1,025,000,000","-299,000,000","356,000,000","-1,726,000,000","952,000,000","842,000,000","687,000,000","1,037,000,000","1,138,000,000","1,100,000,000","1,514,000,000","1,346,000,000","1,349,000,000","822,000,000","807,000,000","1,165,000,000","1,062,000,000","1,067,000,000","1,035,000,000","1,107,000,000","932,000,000","1,117,000,000","32,000,000","1,310,000,000","2,060,000,000","836,000,000","-205,000,000","764,000,000","768,000,000","704,000,000","657,000,000","624,000,000","756,000,000","413,000,000","353,000,000","537,000,000","683,000,000","554,000,000","792,000,000","603,000,000","739,000,000","580,000,000","470,000,000","463,000,000","669,000,000","489,000,000","436,000,000","522,000,000","640,000,000","408,000,000","443,000,000","572,300,000","685,900,000","455,500,000","396,500,000","561,200,000","651,900,000","431,700,000","412,300,000","469,200,000","523,500,000","345,600,000","329,000,000","411,000,000","490,900,000","332,700,000","327,200,000","344,600,000","433,500,000","254,900,000","277,100,000","296,100,000","370,900,000","231,600,000","247,700,000","259,000,000","326,600,000","185,900,000","216,900,000","213,400,000","296,900,000","158,400,000","216,600,000","193,600,000","238,900,000","127,800,000","160,600,000","159,300,000","200,200,000","104,000,000","152,000,000","127,000,000","171,000,000","61,000,000","105,400,000","108,100,000","147,400,000","75,000,000","89,700,000","91,600,000","126,800,000","63,700,000","76,300,000","79,000,000","111,600,000","54,000,000","69,100,000","71,000,000","97,600,000","44,200,000","32,800,000","64,400,000","84,200,000","40,300,000","51,400,000","56,600,000","77,100,000","35,400,000","46,100,000","49,300,000","67,500,000","32,100,000","40,400,000","43,600,000","61,900,000","28,700,000","33,600,000","38,500,000","57,300,000","24,700,000","32,000,000","30,800,000","47,500,000","18,800,000","26,200,000","25,300,000","38,800,000","13,200,000","26,200,000","24,100,000","35,700,000","17,200,000","26,100,000"
			NetIncomeContinuousOperations,"5,760,000,000","806,000,000","3,532,000,000","344,000,000","1,078,000,000","917,000,000","-298,000,000","356,000,000","-1,726,000,000","952,000,000","841,000,000","686,000,000","1,037,000,000","1,139,000,000","1,100,000,000","1,514,000,000","1,346,000,000","1,349,000,000","822,000,000","807,000,000","1,165,000,000","1,062,000,000","1,067,000,000","1,035,000,000","1,107,000,000","932,000,000","1,117,000,000","32,000,000","1,310,000,000","2,060,000,000","836,000,000","-205,000,000","764,000,000","768,000,000","704,000,000","657,000,000","624,000,000","756,000,000","413,000,000","353,000,000","537,000,000","683,000,000","554,000,000","792,000,000","603,000,000","739,000,000","580,000,000","470,000,000","463,000,000","669,000,000","489,000,000","436,000,000","522,000,000","640,000,000","408,000,000","443,000,000","572,300,000","685,900,000","455,500,000","396,500,000","561,200,000","651,900,000","431,700,000","412,300,000","469,200,000","523,500,000","345,600,000","329,000,000","411,000,000","490,900,000","332,700,000","327,200,000","344,600,000","433,500,000","254,900,000","277,100,000","296,100,000","370,900,000","231,600,000","247,700,000","259,000,000","326,600,000","185,900,000","216,900,000","213,400,000","296,900,000","158,400,000","216,600,000","193,600,000","238,900,000","127,800,000","160,600,000","159,300,000","200,200,000","104,000,000","152,000,000","127,000,000","171,000,000","87,000,000","105,400,000","108,100,000","147,400,000","75,000,000","89,700,000","91,600,000","126,800,000","63,700,000","76,300,000","79,000,000","111,600,000","54,000,000","69,100,000","71,000,000","97,600,000","44,200,000","56,400,000","64,400,000","84,200,000","40,300,000","51,400,000","56,600,000","77,100,000","35,400,000","46,100,000","49,300,000","67,500,000","32,100,000","40,400,000","43,600,000","61,900,000","28,700,000","33,600,000","38,500,000","57,300,000","24,700,000","32,000,000","30,800,000","47,500,000","18,800,000","26,200,000","25,300,000","38,800,000","13,200,000","26,200,000","24,100,000","35,700,000","17,200,000","26,100,000"
			NetIncomeDiscontinuousOperations,"363,000,000","0","0","268,000,000","95,000,000","107,000,000","87,000,000",,,,,,,,,,,,,,,,,,,,,,,,,,,,,,,,,,,,,,,,,,,,,,,,,,,,,,,,,,,,,,,,,,,,,,,,,,,,,,,,,,,,,,,,,,,,,,,,,,,,,,,,,,,,,,,,,,,,,,,,,,,,,,,,,,,,,,,,,,,,,
			NetIncomeExtraordinary,,,,,,,,,,,,,,,,,,,,,,,,,,,,,,,,,,,,,,,,,,,,,,,,,,,,,,,,,,,,,,,,,,,,,,,,,,,,,,,,,,,,,,,,,,,,,,,,"0",,,"-26,000,000",,,,,,,,,,,,,,,,,,,,,,,,,,,,,,,,,,,,,,,,,,,,,,,,,
		MinorityInterests,"164,000,000","78,000,000","48,000,000","14,000,000","25,000,000","1,000,000","-9,000,000","16,000,000","18,000,000","-5,000,000","3,000,000","-9,000,000","-12,000,000","18,000,000","23,000,000","-2,000,000","-4,000,000","0","-1,000,000","-5,000,000","-3,000,000","-2,000,000","-13,000,000","-5,000,000","-4,000,000","-2,000,000","-7,000,000","-6,000,000","-8,000,000","-18,000,000","-27,000,000","-34,000,000","-42,000,000","-14,000,000","-9,000,000",,,,,,,,,,,,,,,,,,,,,,,,,,,,,,,,,,,,,,,,,,,,,,,,,,,,,,,,,,,,,,,,,,,,,,,,,,,,,,,,,,,,,,,,,,,,,,,,,,,,,,,,,,,,,,,,,
DilutedNIAvailtoComStockholders,"6,287,000,000","883,000,000","3,580,000,000","627,000,000","1,197,000,000","1,026,000,000","-308,000,000","373,000,000","-1,708,000,000","946,000,000","845,000,000","677,000,000","1,025,000,000","1,156,000,000","1,123,000,000","1,512,000,000","1,342,000,000","1,349,000,000","821,000,000","802,000,000","1,162,000,000","1,060,000,000","1,054,000,000","1,030,000,000","1,103,000,000","930,000,000","1,110,000,000","26,000,000","1,302,000,000","2,042,000,000","809,000,000","-239,000,000","722,000,000","754,000,000","695,000,000","657,000,000","624,000,000","756,000,000","413,000,000","353,000,000","537,000,000","683,000,000","554,000,000","792,000,000","603,000,000","739,000,000","580,000,000","470,000,000","463,000,000","669,000,000","489,000,000","436,000,000","522,000,000","640,000,000","408,000,000","443,000,000","572,300,000","685,900,000","455,500,000","396,500,000","561,200,000","651,900,000","431,700,000","412,300,000","469,200,000","523,500,000","345,600,000","329,000,000","411,000,000","490,900,000","332,700,000","327,200,000","344,600,000","433,500,000","254,900,000","277,100,000","296,100,000","370,900,000","231,600,000","247,700,000","259,000,000","326,600,000","185,900,000","216,900,000","213,400,000","296,900,000","158,400,000","216,600,000","193,600,000","238,900,000","127,800,000","160,600,000","159,300,000","200,200,000","104,000,000","152,000,000","127,000,000","171,000,000","61,000,000","105,400,000","108,100,000","147,400,000","75,000,000","89,700,000","91,600,000","126,800,000","63,700,000","76,300,000","79,000,000","111,600,000","54,000,000","69,100,000","71,000,000","97,600,000","44,200,000","32,800,000","64,400,000","84,200,000","40,300,000","51,400,000","56,600,000","77,100,000","35,400,000","46,100,000","49,300,000","67,500,000","32,100,000","40,400,000","43,600,000","61,900,000","28,700,000",,,,,,,,,,,,,,,,,
BasicEPS,,"1.02","4.13","0.72","1.38","1.19","-0.36","0.43","-1.95","1.07","0.95","0.75","1.13","1.25","1.18","1.55","1.35","1.36","0.82","0.76","1.08","0.98","0.97","0.95","1.02","0.86","1.02","0.02","1.19","1.96","0.86","-0.25","0.76","0.79","0.73","0.69","0.66","0.8","0.44","0.4","0.63","0.79","0.63","0.88","0.66","0.8","0.62",,"0.47","0.68","0.49",,"0.53","0.65","0.41",,"0.58","0.69","0.46",,"0.56","0.65","0.43",,"0.46","0.52","0.34",,"0.41","0.48","0.33",,"0.34","0.42","0.25",,"0.29","0.36","0.23",,"0.25","0.32","0.18",,"0.21","0.29","0.16",,"0.2","0.23","0.13",,"0.16","0.2","0.055",,"0.065","0.085","0.03",,"0.028","0.038","0.02",,"0.025","0.033","0.018",,"0.01","0.015","0.008",,"0.01","0.013","0.006",,"0.009","0.011","0.006",,"0.008","0.01","0.005",,"0.006","0.009","0.003",,"0.003","0.004","0.002",,"0.003","0.004","0.002",,"0.003","0.003","0.001",,"0.002","0.003","0.001",,"0.002","0.003","0.001",
DilutedEPS,,"1.02","4.13","0.72","1.38","1.19","-0.36","0.43","-1.95","1.07","0.95","0.75","1.13","1.24","1.18","1.55","1.35","1.36","0.81","0.76","1.07","0.98","0.97","0.95","1.01","0.85","1.01","0.02","1.18","1.93","0.85","-0.25","0.75","0.78","0.72","0.69","0.65","0.79","0.43","0.39","0.62","0.78","0.63","0.87","0.65","0.8","0.62",,"0.47","0.68","0.49",,"0.53","0.65","0.41",,"0.58","0.69","0.46",,"0.56","0.65","0.43",,"0.46","0.51","0.34",,"0.4","0.48","0.32",,"0.33","0.42","0.25",,"0.29","0.36","0.22",,"0.25","0.32","0.18",,"0.21","0.29","0.15",,"0.19","0.23","0.13",,"0.16","0.2","0.055",,"0.065","0.085","0.03",,"0.028","0.038","0.02",,"0.025","0.033","0.018",,"0.01","0.015","0.008",,"0.01","0.013","0.006",,"0.009","0.011","0.006",,"0.008","0.01","0.005",,"0.006","0.009","0.003",,"0.003","0.004","0.002",,"0.003","0.004","0.002",,"0.003","0.003","0.001",,"0.002","0.003","0.001",,"0.002","0.003","0.001",
BasicAverageShares,,"863,500,000","865,800,000","865,100,000","864,700,000","864,200,000","865,300,000","866,500,000","875,400,000","884,500,000","891,400,000","899,600,000","909,900,000","928,400,000","948,200,000","974,600,000","992,100,000","991,000,000","1,006,100,000","1,055,100,000","1,077,100,000","1,079,700,000","1,082,100,000","1,082,500,000","1,080,800,000","1,080,200,000","1,089,000,000","1,091,900,000","1,091,400,000","1,043,600,000","945,800,000","956,000,000","955,300,000","951,900,000","949,300,000","945,700,000","947,700,000","945,400,000","945,300,000","889,800,000","859,800,000","869,300,000","879,700,000","900,900,000","911,300,000","919,100,000","928,800,000",,"976,400,000","982,900,000","988,400,000",,"992,000,000","988,000,000","988,600,000",,"990,200,000","991,100,000","991,300,000",,"995,800,000","999,600,000","1,005,200,000",,"1,008,800,000","1,010,700,000","1,012,800,000",,"1,019,500,000","1,021,600,000","1,022,600,000",,"1,023,300,000","1,024,200,000","1,025,000,000",,"1,024,900,000","1,024,900,000","1,024,900,000",,"1,023,600,000","1,022,100,000","1,020,100,000",,"1,018,000,000","1,015,800,000","1,012,400,000",,"1,008,300,000","1,006,400,000","1,004,700,000",,"1,001,700,000","999,000,000","1,996,000,000",,"1,988,000,000","1,984,000,000","1,976,000,000",,"984,564,000","984,564,000","984,564,000",,"984,564,000","984,564,000","984,564,000",,"989,608,000","984,568,000","984,568,000",,"984,568,000","984,568,000","984,568,000",,"984,568,000","984,568,000","984,568,000",,"984,568,000","984,568,000","984,568,000",,"984,560,000","984,552,000","984,504,000",,"984,328,000","984,296,000","984,272,000",,"984,224,000","984,224,000","984,224,000",,"984,096,000","984,096,000","984,096,000",,"983,968,000","983,920,000","983,920,000",,"983,840,000","983,824,000","982,224,000",
DilutedAverageShares,,"865,200,000","867,600,000","867,200,000","867,000,000","865,600,000","865,300,000","867,100,000","875,400,000","885,500,000","892,600,000","900,700,000","911,200,000","930,700,000","951,400,000","977,900,000","995,300,000","995,500,000","1,011,100,000","1,059,500,000","1,082,600,000","1,085,500,000","1,088,300,000","1,089,000,000","1,088,200,000","1,088,400,000","1,098,600,000","1,102,500,000","1,102,400,000","1,054,700,000","956,000,000","956,000,000","967,600,000","963,700,000","961,500,000","957,300,000","959,000,000","953,400,000","951,200,000","895,300,000","865,200,000","874,700,000","885,200,000","910,700,000","922,200,000","928,000,000","934,300,000",,"982,000,000","989,800,000","993,400,000",,"993,000,000","988,900,000","990,200,000",,"990,200,000","995,000,000","997,500,000",,"1,003,400,000","1,007,200,000","1,013,400,000",,"1,017,900,000","1,020,000,000","1,022,300,000",,"1,029,100,000","1,029,600,000","1,029,400,000",,"1,030,300,000","1,032,400,000","1,032,200,000",,"1,031,100,000","1,031,000,000","1,032,400,000",,"1,033,900,000","1,031,800,000","1,029,900,000",,"1,030,900,000","1,029,500,000","1,026,200,000",,"1,020,300,000","1,019,400,000","1,017,500,000",,"1,015,600,000","1,013,600,000","2,024,000,000",,"2,016,000,000","2,008,000,000","2,004,000,000",,"984,564,000","984,564,000","984,564,000",,"984,564,000","984,564,000","984,564,000",,"989,608,000","984,568,000","984,568,000",,"984,568,000","984,568,000","984,568,000",,"984,568,000","984,568,000","984,568,000",,"984,568,000","984,568,000","984,568,000",,"984,560,000","984,552,000","984,504,000",,"984,328,000","984,296,000","984,272,000",,"984,224,000","984,224,000","984,224,000",,"984,096,000","984,096,000","984,096,000",,"983,968,000","983,920,000","983,920,000",,"983,840,000","983,824,000","982,224,000",
TotalOperatingIncomeAsReported,"4,573,000,000","1,246,000,000","1,283,000,000","910,000,000","1,134,000,000","832,000,000","-440,000,000","650,000,000","-1,584,000,000","1,233,000,000","1,013,000,000","878,000,000","1,203,000,000","1,517,000,000","1,400,000,000","1,511,000,000","1,601,000,000","1,980,000,000","1,322,000,000","1,114,000,000","1,517,000,000","1,479,000,000","1,447,000,000","1,140,000,000","1,533,000,000","1,860,000,000","1,468,000,000","836,000,000","1,401,000,000","1,377,000,000","991,000,000","969,000,000","1,026,000,000","1,275,000,000","924,000,000","1,029,000,000","991,000,000","1,215,000,000","705,000,000","586,000,000","873,000,000","1,105,000,000","900,000,000","1,266,000,000","951,000,000","1,207,000,000","941,000,000","748,000,000","829,000,000","1,086,000,000","797,000,000","702,000,000","846,000,000","1,030,000,000","669,000,000","710,900,000","913,800,000","1,088,200,000","727,800,000","603,500,000","854,800,000","1,020,500,000","671,900,000","631,200,000","707,600,000","820,900,000","541,800,000","524,500,000","637,500,000","770,900,000","497,600,000","516,000,000","544,700,000","677,000,000","405,000,000","441,700,000","460,700,000","593,200,000","352,700,000","394,700,000","414,100,000","523,400,000","292,000,000","338,300,000","345,500,000","456,900,000","257,600,000","309,900,000","312,800,000","391,200,000","210,200,000","260,400,000","256,300,000","330,000,000","170,000,000","209,000,000","204,000,000","279,000,000","143,000,000","171,000,000","175,300,000","239,500,000","122,300,000","145,600,000","148,300,000","206,400,000","103,800,000","123,200,000","127,700,000","181,400,000","87,900,000","112,600,000","114,200,000","157,600,000","71,400,000","95,500,000","102,800,000","141,900,000","66,000,000","83,400,000","91,400,000","124,900,000","58,800,000","75,400,000","80,100,000","112,700,000","52,900,000","66,600,000","70,300,000","99,800,000","47,300,000",,,,,,,,,,,,,,,,,
TotalExpenses,"131,732,000,000","32,612,000,000","32,717,000,000","33,408,000,000","32,993,000,000","32,027,000,000","35,375,000,000","34,153,000,000","36,458,000,000","34,615,000,000","33,339,000,000","33,135,000,000","33,373,000,000","33,093,000,000","32,432,000,000","31,980,000,000","32,785,000,000","31,243,000,000","29,306,000,000","29,027,000,000","28,685,000,000","28,009,000,000","27,071,000,000","27,530,000,000","27,968,000,000","28,324,000,000","27,565,000,000","27,686,000,000","27,394,000,000","25,297,000,000","18,714,000,000","18,223,000,000","18,512,000,000","18,524,000,000","17,556,000,000","17,036,000,000","17,453,000,000","17,537,000,000","16,615,000,000","16,487,000,000","16,879,000,000","17,546,000,000","17,257,000,000","16,701,000,000","17,420,000,000","17,295,000,000","16,403,000,000","16,122,000,000","16,370,000,000","15,901,000,000","15,567,000,000","15,001,000,000","15,364,000,000","15,445,000,000","14,278,000,000","13,886,200,000","14,101,900,000","14,305,400,000","13,300,100,000","12,818,000,000","12,843,500,000","12,913,200,000","12,036,600,000","11,539,100,000","11,467,600,000","11,342,200,000","10,358,600,000","9,970,400,000","10,193,100,000","10,216,100,000","9,391,500,000","8,910,700,000","9,033,800,000","9,105,200,000","8,315,800,000","7,804,700,000","7,867,300,000","7,852,900,000","7,132,200,000","6,840,600,000","6,983,800,000","6,965,100,000","6,267,400,000","5,945,300,000","5,950,700,000","5,972,100,000","5,356,600,000","5,070,900,000","5,081,300,000","5,217,600,000","4,613,000,000","4,299,600,000","4,315,100,000","4,361,000,000","3,846,000,000","3,632,000,000","3,683,000,000","3,815,000,000","3,342,000,000","3,132,100,000","3,228,000,000","3,363,100,000","2,931,700,000","2,772,100,000","2,840,500,000","2,972,700,000","2,589,000,000","2,442,000,000","2,489,700,000","2,625,600,000","2,317,700,000","2,169,900,000","2,221,800,000","2,340,900,000","2,046,600,000","1,941,500,000","1,982,500,000","2,116,000,000","1,848,600,000","1,758,900,000","1,794,600,000","1,913,100,000","1,649,900,000","1,591,900,000","1,624,300,000","1,708,100,000","1,487,600,000","1,425,700,000","1,451,500,000","1,546,800,000","1,339,500,000",,,,,,,,,,,,,,,,,
NetIncomeFromContinuingAndDiscontinuedOperation,"6,287,000,000","883,000,000","3,580,000,000","627,000,000","1,197,000,000","1,026,000,000","-308,000,000","373,000,000","-1,708,000,000","946,000,000","845,000,000","677,000,000","1,025,000,000","1,156,000,000","1,123,000,000","1,512,000,000","1,342,000,000","1,349,000,000","821,000,000","802,000,000","1,162,000,000","1,060,000,000","1,054,000,000","1,030,000,000","1,103,000,000","930,000,000","1,110,000,000","26,000,000","1,302,000,000","2,042,000,000","809,000,000","-239,000,000","722,000,000","754,000,000","695,000,000","657,000,000","624,000,000","756,000,000","413,000,000","353,000,000","537,000,000","683,000,000","554,000,000","792,000,000","603,000,000","739,000,000","580,000,000","470,000,000","463,000,000","669,000,000","489,000,000","436,000,000","522,000,000","640,000,000","408,000,000","443,000,000","572,300,000","685,900,000","455,500,000","396,500,000","561,200,000","651,900,000","431,700,000","412,300,000","469,200,000","523,500,000","345,600,000","329,000,000","411,000,000","490,900,000","332,700,000","327,200,000","344,600,000","433,500,000","254,900,000","277,100,000","296,100,000","370,900,000","231,600,000","247,700,000","259,000,000","326,600,000","185,900,000","216,900,000","213,400,000","296,900,000","158,400,000","216,600,000","193,600,000","238,900,000","127,800,000","160,600,000","159,300,000","200,200,000","104,000,000","152,000,000","127,000,000","171,000,000","87,000,000","105,400,000","108,100,000","147,400,000","75,000,000","89,700,000","91,600,000","126,800,000","63,700,000","76,300,000","79,000,000","111,600,000","54,000,000","69,100,000","71,000,000","97,600,000","44,200,000","56,400,000","64,400,000","84,200,000","40,300,000","51,400,000","56,600,000","77,100,000","35,400,000","46,100,000","49,300,000","67,500,000","32,100,000","40,400,000","43,600,000","61,900,000","28,700,000",,,,,,,,,,,,,,,,,
NormalizedIncome,"5,924,000,000","883,000,000","3,580,000,000","359,000,000","1,102,000,000","919,000,000","-308,000,000","373,000,000","-1,708,000,000","946,000,000","845,000,000","677,000,000","1,025,000,000","1,156,000,000","1,123,000,000","1,512,000,000","1,342,000,000","1,349,000,000","821,000,000","802,000,000","1,162,000,000","1,060,000,000","1,054,000,000","1,030,000,000","1,103,000,000","930,000,000","1,110,000,000","26,000,000","1,302,000,000","2,042,000,000","809,000,000","-239,000,000","722,000,000","754,000,000","695,000,000","657,000,000","624,000,000","743,320,000","410,528,000","353,000,000","537,000,000","683,000,000","554,000,000","792,000,000","603,000,000","739,000,000","580,000,000","470,000,000","463,000,000","669,000,000","489,000,000","436,000,000","522,000,000","640,000,000","408,000,000","443,000,000","572,300,000","685,900,000","455,500,000","396,500,000","561,200,000","651,900,000","431,700,000","412,300,000","469,200,000","523,500,000","345,600,000","329,000,000","406,858,625.954","487,950,709.447","323,060,247.247","326,824,985.673","342,724,795.937","425,563,644.227","254,900,000","276,726,549.865","288,630,586.504","370,713,242.699","221,202,903.226","247,264,346.734","259,000,000","326,600,000","182,477,000.335","216,900,000","213,400,000","283,224,531.055","158,400,000","216,600,000","193,600,000","238,900,000","127,800,000","160,600,000","159,300,000","200,200,000","104,000,000","152,000,000","127,000,000","171,000,000","87,000,000","104,360,069.646","107,120,056.657","146,297,714.998","74,510,204.082","88,965,255.973","90,619,665.552","126,064,927.536","63,087,500","75,320,224.719","78,081,395.349","110,987,486.279","53,510,204.082","68,007,029.877","70,073,913.043","96,920,936.116","43,706,145.251","55,260,000","63,466,666.667","87,500,739.645","39,054,250.386","49,588,821.385","54,723,756.906","75,538,006.483","34,213,756.614","46,787,127.371","47,362,991.128","65,125,000","30,164,007.782","37,775,830.816","41,035,294.118","59,463,975.782","26,574,074.074",,,,,,,,,,,,,,,,,
InterestExpense,"819,000,000","100,000,000","86,000,000","88,000,000","545,000,000","137,000,000","140,000,000","157,000,000","155,000,000","162,000,000","166,000,000","175,000,000","187,000,000","181,000,000","161,000,000","159,000,000","157,000,000","151,000,000","149,000,000","193,000,000","155,000,000","172,000,000","173,000,000","171,000,000","147,000,000","140,000,000","138,000,000","255,000,000","151,000,000","144,000,000","55,000,000","43,000,000","35,000,000","37,000,000","41,000,000","55,000,000","50,000,000","23,000,000","37,000,000","37,000,000",,,"17,000,000","15,000,000",,,"20,000,000","18,000,000","24,000,000","22,000,000","21,000,000","23,000,000","25,000,000","20,000,000",,,,,,,,,,,,,,,,,,,,,,,,,,,,,,,,,,,,,,,,,,,,,,,,,,,,,,,,,,,,,,,,,,,,,,,,,,,,,,,,,,,,,,,,,,,,,,
NetInterestIncome,"-819,000,000","-100,000,000","-86,000,000","-88,000,000","-545,000,000","-137,000,000","-140,000,000","-157,000,000","-155,000,000","-162,000,000","-166,000,000","-175,000,000","-187,000,000","-181,000,000","-161,000,000","-159,000,000","-157,000,000","-151,000,000","-149,000,000","-193,000,000","-155,000,000","-172,000,000","-173,000,000","-171,000,000","-147,000,000","-140,000,000","-138,000,000","-255,000,000","-151,000,000","-144,000,000","-55,000,000","-43,000,000","-35,000,000","-37,000,000","-41,000,000","-55,000,000","-50,000,000","-23,000,000","-37,000,000","-37,000,000","-17,000,000","-17,000,000","-17,000,000","-15,000,000","-18,000,000","-18,000,000","-20,000,000","-18,000,000","-24,000,000","-22,000,000","-21,000,000","-23,000,000","-25,000,000","-20,000,000",,,,,,,,,,,,,,,,,,,,,,,,,,,,,,,,,,,,,,,,,,,,,,,,,,,,,,,,,,,,,,,,,,,,,,,,,,,,,,,,,,,,,,,,,,,,,,
EBIT,"7,236,000,000","1,047,000,000","3,900,000,000","995,000,000","1,294,000,000","1,083,000,000","-380,000,000","694,000,000","-1,618,000,000","1,259,000,000","1,048,000,000","883,000,000","1,385,000,000","1,537,000,000","1,426,000,000","1,820,000,000","1,597,000,000","1,989,000,000","1,185,000,000","1,125,000,000","1,509,000,000","1,464,000,000","1,448,000,000","1,404,000,000","1,561,000,000","1,364,000,000","1,411,000,000","214,000,000","1,862,000,000","2,587,000,000","1,190,000,000","198,000,000","1,150,000,000","1,216,000,000","1,149,000,000","1,072,000,000","1,068,000,000","1,215,000,000","705,000,000","586,000,000","873,000,000","1,105,000,000","900,000,000","1,266,000,000","951,000,000","1,207,000,000","941,000,000","748,000,000","829,000,000","1,086,000,000","797,000,000","702,000,000","846,000,000","1,030,000,000","669,000,000","710,900,000","913,800,000","1,088,200,000","727,800,000","603,500,000","854,800,000","1,020,500,000","671,900,000","631,200,000","707,600,000","820,900,000","541,800,000","524,500,000","637,500,000","770,900,000","497,600,000","516,000,000","544,700,000","677,000,000","405,000,000","441,700,000","460,700,000","593,200,000","352,700,000","394,700,000","414,100,000","523,400,000","292,000,000","338,300,000","345,500,000","456,900,000","257,600,000","309,900,000","312,800,000","391,200,000","210,200,000","260,400,000","256,300,000","330,000,000","170,000,000","209,000,000","204,000,000","279,000,000","143,000,000","171,000,000","175,300,000","239,500,000","122,300,000","145,600,000","148,300,000","206,400,000","103,800,000","123,200,000","127,700,000","181,400,000","87,900,000","112,600,000","114,200,000","157,600,000","71,400,000","95,500,000","102,800,000","141,900,000","66,000,000","83,400,000","91,400,000","124,900,000","58,800,000","75,400,000","80,100,000","112,700,000","52,900,000","66,600,000","70,300,000","99,800,000","47,300,000","-3,785,600,000","1,350,700,000","1,476,700,000","1,211,700,000","-3,457,400,000","1,215,900,000","1,350,900,000","1,114,800,000","-2,995,800,000","1,070,800,000","1,175,400,000","960,300,000","-2,537,300,000","913,900,000","1,002,300,000","817,700,000","-2,205,300,000"
EBITDA,"9,285,000,000"
ReconciledCostOfRevenue,"106,010,000,000","26,047,000,000","26,326,000,000","26,758,000,000","26,877,000,000","25,998,000,000","29,168,000,000","27,943,000,000","28,193,000,000","28,307,000,000","27,077,000,000","26,727,000,000","27,138,000,000","26,773,000,000","26,152,000,000","25,867,000,000","26,554,000,000","24,925,000,000","23,399,000,000","22,809,000,000","22,973,000,000","21,885,000,000","21,385,000,000","21,705,000,000","22,001,000,000","22,240,000,000","21,531,000,000","21,257,000,000","21,314,000,000","19,691,000,000","14,258,000,000","13,730,000,000","13,961,000,000","13,955,000,000","13,177,000,000","12,750,000,000","13,091,000,000","13,040,000,000","12,217,000,000","12,238,000,000","12,738,000,000","13,262,000,000","13,053,000,000","12,898,000,000","13,217,000,000","13,178,000,000","12,399,000,000","12,078,000,000","12,450,000,000","12,090,000,000","11,826,000,000","11,357,000,000","11,751,000,000","11,818,000,000","10,796,000,000","10,542,200,000","10,776,800,000","10,957,400,000","10,121,100,000","9,666,200,000","9,821,100,000","9,897,900,000","9,132,900,000","8,806,700,000","8,832,000,000","8,703,800,000","7,897,900,000","7,561,800,000","7,814,400,000","7,856,400,000","7,181,200,000","6,812,400,000","7,000,700,000","7,076,600,000","6,420,700,000","6,021,000,000","6,098,000,000","6,098,000,000","5,489,200,000","5,299,300,000","5,460,700,000","5,454,600,000","4,861,500,000","4,620,000,000","4,644,600,000","4,658,200,000","4,126,100,000","3,676,400,000","3,943,100,000","4,065,300,000","3,551,000,000","3,103,700,000","3,330,700,000","3,392,400,000","2,942,000,000","2,609,000,000","2,840,000,000","2,961,000,000","2,541,000,000","2,226,800,000","2,470,600,000","2,596,500,000","2,224,000,000","1,958,300,000","2,165,600,000","2,289,800,000","1,953,800,000","1,712,700,000","1,888,200,000","2,009,100,000","1,740,800,000","1,502,600,000","1,679,900,000","1,785,600,000","1,528,200,000","1,343,900,000","1,503,500,000","1,619,700,000","1,387,200,000","1,223,100,000","1,360,400,000","1,464,800,000","1,237,300,000","1,106,400,000","1,223,500,000","1,303,100,000","1,111,900,000","1,047,300,000","1,081,100,000","1,169,700,000","988,000,000",,,,,,,,,,,,,,,,,
ReconciledDepreciation,"2,049,000,000","524,000,000","500,000,000","518,000,000","507,000,000","473,000,000","475,000,000","480,000,000","478,000,000","492,000,000","477,000,000","526,000,000","522,000,000","500,000,000","490,000,000","470,000,000","442,000,000","442,000,000","416,000,000","410,000,000","413,000,000","412,000,000","419,000,000","447,000,000","447,000,000","442,000,000","382,000,000","478,000,000","438,000,000","507,000,000","319,000,000","315,000,000","338,000,000","331,000,000","332,000,000","325,000,000","318,000,000","327,000,000","313,000,000","310,000,000","296,000,000","283,000,000","277,000,000","288,000,000","269,000,000","256,000,000","273,000,000","262,000,000","263,000,000","248,000,000","257,000,000","234,000,000","264,000,000","241,000,000","236,000,000","232,300,000","210,800,000","201,200,000","195,700,000","180,000,000","177,200,000","158,500,000","160,200,000","163,500,000",,,,,,,,,,,,,,,,,,,,,,,,,,,,,,,,,,,,,,,,,,,,,,,,,,,,,,,,,,,,,,,,"19,700,000","17,500,000","16,900,000","16,300,000",,,,,,,,,,,,,,,,,
NetIncomeFromContinuingOperationNetMinorityInterest,"5,924,000,000","883,000,000","3,580,000,000","359,000,000","1,102,000,000","919,000,000","-308,000,000","373,000,000","-1,708,000,000","946,000,000","845,000,000","677,000,000","1,025,000,000","1,156,000,000","1,123,000,000","1,512,000,000","1,342,000,000","1,349,000,000","821,000,000","802,000,000","1,162,000,000","1,060,000,000","1,054,000,000","1,030,000,000","1,103,000,000","930,000,000","1,110,000,000","26,000,000","1,302,000,000","2,042,000,000","809,000,000","-239,000,000","722,000,000","754,000,000","695,000,000","657,000,000","624,000,000","756,000,000","413,000,000","353,000,000","537,000,000","683,000,000","554,000,000","792,000,000","603,000,000","739,000,000","580,000,000","470,000,000","463,000,000","669,000,000","489,000,000","436,000,000","522,000,000","640,000,000","408,000,000","443,000,000","572,300,000","685,900,000","455,500,000","396,500,000","561,200,000","651,900,000","431,700,000","412,300,000","469,200,000","523,500,000","345,600,000","329,000,000","411,000,000","490,900,000","332,700,000","327,200,000","344,600,000","433,500,000","254,900,000","277,100,000","296,100,000","370,900,000","231,600,000","247,700,000","259,000,000","326,600,000","185,900,000","216,900,000","213,400,000","296,900,000","158,400,000","216,600,000","193,600,000","238,900,000","127,800,000","160,600,000","159,300,000","200,200,000","104,000,000","152,000,000","127,000,000","171,000,000","87,000,000","105,400,000","108,100,000","147,400,000","75,000,000","89,700,000","91,600,000","126,800,000","63,700,000","76,300,000","79,000,000","111,600,000","54,000,000","69,100,000","71,000,000","97,600,000","44,200,000","56,400,000","64,400,000","84,200,000","40,300,000","51,400,000","56,600,000","77,100,000","35,400,000","46,100,000","49,300,000","67,500,000","32,100,000","40,400,000","43,600,000","61,900,000","28,700,000",,,,,,,,,,,,,,,,,
TotalUnusualItemsExcludingGoodwill,,,,,,,,,,,,,,,,,,,,,,,,,,,,,,,,"0","0","0",,"0","0","20,000,000","4,000,000",,,,,,,,,,,,,,,,,,,,,,,,,,,,,,"6,600,000","4,700,000","15,000,000","600,000","3,000,000","12,700,000",,"600,000","12,000,000","300,000","16,700,000","700,000",,,"5,500,000","0",,"22,100,000",,,,,,,,,,,,,,"1,700,000","1,600,000","1,800,000","800,000","1,200,000","1,600,000","1,200,000","1,000,000","1,600,000","1,500,000","1,000,000","800,000","1,800,000","1,500,000","1,100,000","800,000","1,900,000","1,500,000","-5,300,000","2,000,000","2,900,000","3,000,000","2,500,000","1,900,000","-1,100,000","3,100,000","3,800,000","3,100,000","4,300,000","4,100,000","3,900,000","3,400,000",,,,,,,,,,,,,,,,,
TotalUnusualItems,,,,,,,,,,,,,,,,,,,,,,,,,,,,,,,,"0","0","0",,"0","0","20,000,000","4,000,000",,,,,,,,,,,,,,,,,,,,,,,,,,,,,,"6,600,000","4,700,000","15,000,000","600,000","3,000,000","12,700,000",,"600,000","12,000,000","300,000","16,700,000","700,000",,,"5,500,000","0",,"22,100,000",,,,,,,,,,,,,,"1,700,000","1,600,000","1,800,000","800,000","1,200,000","1,600,000","1,200,000","1,000,000","1,600,000","1,500,000","1,000,000","800,000","1,800,000","1,500,000","1,100,000","800,000","1,900,000","1,500,000","-5,300,000","2,000,000","2,900,000","3,000,000","2,500,000","1,900,000","-1,100,000","3,100,000","3,800,000","3,100,000","4,300,000","4,100,000","3,900,000","3,400,000",,,,,,,,,,,,,,,,,
NormalizedEBITDA,"9,285,000,000","1,571,000,000","4,400,000,000","1,513,000,000","1,801,000,000","1,556,000,000","95,000,000","1,174,000,000","-1,140,000,000","1,751,000,000","1,525,000,000","1,409,000,000","1,907,000,000","2,037,000,000","1,916,000,000","2,290,000,000","2,039,000,000","2,431,000,000","1,601,000,000","1,535,000,000","1,922,000,000","1,876,000,000","1,867,000,000","1,851,000,000","2,008,000,000","1,806,000,000","1,793,000,000","692,000,000","2,300,000,000","3,094,000,000","1,509,000,000","513,000,000","1,488,000,000","1,547,000,000","1,481,000,000","1,397,000,000","1,386,000,000","1,522,000,000","1,014,000,000","896,000,000","1,169,000,000","1,388,000,000","1,177,000,000","1,554,000,000","1,220,000,000","1,463,000,000","1,214,000,000","1,010,000,000","1,092,000,000","1,334,000,000","1,054,000,000","936,000,000","1,110,000,000","1,271,000,000","905,000,000","943,200,000","1,124,600,000","1,289,400,000","923,500,000","783,500,000","1,032,000,000","1,179,000,000","832,100,000","794,700,000","707,600,000","820,900,000","541,800,000","524,500,000","630,900,000","766,200,000","482,600,000","515,400,000","541,700,000","664,300,000","405,000,000","441,100,000","448,700,000","592,900,000","336,000,000","394,000,000","414,100,000","523,400,000","286,500,000","338,300,000","345,500,000","434,800,000","257,600,000","309,900,000","312,800,000","391,200,000","210,200,000","260,400,000","256,300,000","330,000,000","170,000,000","209,000,000","204,000,000","279,000,000","143,000,000","169,300,000","173,700,000","237,700,000","121,500,000","144,400,000","146,700,000","205,200,000","102,800,000","121,600,000","126,200,000","180,400,000","87,100,000","110,800,000","112,700,000","156,500,000","70,600,000","93,600,000","101,300,000","147,200,000","64,000,000","80,500,000","88,400,000","122,400,000","56,900,000","76,500,000","77,000,000","108,900,000","49,800,000","82,000,000","83,700,000","112,800,000","60,200,000","-3,785,600,000","1,350,700,000","1,476,700,000","1,211,700,000","-3,457,400,000","1,215,900,000","1,350,900,000","1,114,800,000","-2,995,800,000","1,070,800,000","1,175,400,000","960,300,000","-2,537,300,000","913,900,000","1,002,300,000","817,700,000","-2,205,300,000"
TaxRateForCalcs,"0.199","0.182","0.072","0.27","0.328","0.044","0.382","0.387","0.023","0.146","0.036","0.037","0.13","0.167","0.142","0.096","0.076","0.274","0.219","0.135","0.124","0.19","0.173","0.168","0.228","0.246","0.131","0.4","0.238","0.16","0.264","0.35","0.315","0.349","0.368","0.354","0.387","0.366","0.382","0.357","0.373","0.372","0.373","0.367","0.354","0.378","0.37","0.356","0.35","0.371","0.37","0.358","0.364","0.366","0.376","0.37","0.373","0.368","0.374","0.35","0.352","0.368","0.367","0.367","0.351","0.37","0.37","0.351","0.373","0.372","0.357","0.375","0.375","0.375","0.375","0.378","0.378","0.377","0.377","0.378","0.377","0.377","0.378","0.362","0.382","0.381","0.385","0.372","0.385","0.391","0.395","0.392","0.392","0.395","0.392","0.39","0.383","0.387","0.392","0.388","0.388","0.388","0.388","0.388","0.387","0.387","0.388","0.388","0.388","0.387","0.388","0.393","0.383","0.383","0.383","0.4","0.378","0.377","0.377","0.375","0.375","0.375","0.376","0.375","0.375","0.375","0.375","0.39","0.374","0.375","0.375",,,,,,,,,,,,,,,,,
TaxEffectOfUnusualItems,"0","0","0","0","0","0","0","0","0","0","0","0","0","0","0","0","0","0","0","0","0","0","0","0","0","0","0","0","0","0","0","0","0","0","0","0","0","7,320,000","1,528,000","0","0","0","0","0","0","0","0","0","0","0","0","0","0","0","0","0","0","0","0","0","0","0","0","0","0","0","0","0","2,458,625.954","1,750,709.447","5,360,247.247","224,985.673","1,124,795.937","4,763,644.227","0","226,549.865","4,530,586.504","113,242.699","6,302,903.226","264,346.734","0","0","2,077,000.335","0","0","8,424,531.055","0","0","0","0","0","0","0","0","0","0","0","0","0","660,069.646","620,056.657","697,714.998","310,204.082","465,255.973","619,665.552","464,927.536","387,500","620,224.719","581,395.349","387,486.279","310,204.082","707,029.877","573,913.043","420,936.116","306,145.251","760,000","566,666.667","-1,999,260.355","754,250.386","1,088,821.385","1,123,756.906","938,006.483","713,756.614","-412,872.629","1,162,991.128","1,425,000","1,164,007.782","1,675,830.816","1,535,294.118","1,463,975.782","1,274,074.074",,,,,,,,,,,,,,,,,