name,ttm,12/31/2021,09/30/2021,06/30/2021,03/31/2021,12/31/2020,09/30/2020,06/30/2020,03/31/2020,12/31/2019,09/30/2019,06/30/2019,03/31/2019,12/31/2018,09/30/2018,06/30/2018,03/31/2018,12/31/2017,09/30/2017,06/30/2017,03/31/2017,12/31/2016,09/30/2016,06/30/2016,03/31/2016,12/31/2015,09/30/2015,06/30/2015,03/31/2015,12/31/2014,09/30/2014,06/30/2014,03/31/2014,12/31/2013,09/30/2013,06/30/2013,03/31/2013,12/31/2012,09/30/2012,06/30/2012,03/31/2012,12/31/2011,09/30/2011,06/30/2011,03/31/2011,12/31/2010,09/30/2010,06/30/2010,03/31/2010,12/31/2009,09/30/2009,06/30/2009,03/31/2009,12/31/2008,09/30/2008,06/30/2008,03/31/2008,12/31/2007,09/30/2007,06/30/2007,03/31/2007,12/31/2006,09/30/2006,06/30/2006,03/31/2006,12/31/2005,09/30/2005,06/30/2005,03/31/2005,12/31/2004,09/30/2004,06/30/2004,03/31/2004,12/31/2003,09/30/2003,06/30/2003,03/31/2003,12/31/2002,09/30/2002,06/30/2002,03/31/2002,12/31/2001,09/30/2001,06/30/2001,03/31/2001,12/31/2000,09/30/2000,06/30/2000,03/31/2000,12/31/1999,09/30/1999,06/30/1999,03/31/1999,12/31/1998,09/30/1998,06/30/1998,03/31/1998,12/31/1997,09/30/1997,06/30/1997,03/31/1997,12/31/1996,09/30/1996,06/30/1996,03/31/1996,12/31/1995,09/30/1995,06/30/1995,03/31/1995,12/31/1994,09/30/1994,06/30/1994,03/31/1994,12/31/1993,09/30/1993,06/30/1993,03/31/1993,12/31/1992,09/30/1992,06/30/1992,03/31/1992,12/31/1991,09/30/1991,06/30/1991,03/31/1991,12/31/1990,09/30/1990,06/30/1990,03/31/1990,12/31/1989,09/30/1989,06/30/1989,03/31/1989,12/31/1988,09/30/1988,06/30/1988,03/31/1988,12/31/1987,09/30/1987,06/30/1987,03/31/1987,12/31/1986,09/30/1986,06/30/1986,03/31/1986,12/31/1985,09/30/1985
TotalRevenue,"18,941,000,000","4,833,000,000","5,051,000,000","4,920,000,000","4,137,000,000","3,943,000,000","3,922,000,000","4,287,000,000","4,175,000,000","4,234,000,000","4,040,000,000","3,634,000,000","3,674,000,000","4,233,000,000","5,028,000,000","5,117,000,000","5,013,000,000","5,336,000,000","5,181,000,000","4,842,000,000","4,649,000,000","4,888,000,000","4,714,000,000","3,495,000,000","2,822,000,000","3,317,000,000","3,360,000,000","3,191,000,000","3,550,000,000","3,888,000,000","3,943,000,000","3,651,000,000","3,703,000,000","3,972,000,000","3,804,000,000","3,728,000,000","3,764,000,000","3,824,000,000","4,035,000,000","4,754,000,000","3,035,000,000","1,995,000,000","2,694,000,000","2,403,000,000","2,252,000,000","2,475,000,000","2,396,000,000","2,382,000,000","2,641,000,000","2,619,000,000","2,208,000,000","1,929,000,000","1,592,000,000","1,823,000,000","2,109,000,000","1,993,000,000","2,111,000,000","2,204,000,000","1,766,000,000","1,367,000,000","1,410,000,000","1,428,000,000","1,264,000,000","1,085,500,000","1,128,800,000","1,117,100,000","1,009,900,000","940,400,000","919,900,000","954,900,000","823,600,000","748,800,000","748,900,000","834,800,000","714,200,000","680,262,000","705,839,000","749,490,000","582,909,000","540,672,000","594,867,000","574,670,000","440,943,000","449,081,000","533,369,000","530,720,000","440,222,000","473,862,000","516,587,000","560,200,000","407,000,000","709,300,000","668,500,000","738,600,000","650,900,000","650,500,000","831,300,000","969,600,000","1,090,200,000","1,079,900,000","1,096,200,000","1,118,600,000","883,100,000","820,700,000","728,400,000","758,000,000","558,100,000","585,100,000","529,300,000","551,900,000","464,600,000","462,300,000","420,900,000","371,100,000","285,500,000","285,200,000","325,400,000","343,500,000","271,100,000","293,500,000","229,300,000","216,300,000","199,100,000","253,300,000","247,100,000","230,000,000","255,800,000","293,900,000","286,800,000","264,900,000","224,900,000","243,500,000","243,200,000","258,400,000","247,000,000","276,800,000","190,700,000","160,700,000","140,100,000","140,400,000","122,000,000","109,800,000","83,700,000","79,600,000","71,000,000","64,000,000","62,900,000"
	OperatingRevenue,"18,941,000,000","4,833,000,000","5,051,000,000","4,920,000,000","4,137,000,000","3,943,000,000","3,922,000,000","4,287,000,000","4,175,000,000","4,234,000,000","4,040,000,000","3,634,000,000","3,674,000,000","4,233,000,000","5,028,000,000","5,117,000,000","5,013,000,000","5,336,000,000","5,181,000,000","4,842,000,000","4,649,000,000","4,888,000,000","4,714,000,000","3,495,000,000","2,822,000,000","3,317,000,000","3,360,000,000","3,191,000,000","3,550,000,000","3,888,000,000","3,943,000,000","3,651,000,000","3,703,000,000","3,972,000,000","3,804,000,000","3,728,000,000","3,764,000,000","3,824,000,000","4,035,000,000","4,754,000,000","3,035,000,000","1,995,000,000","2,694,000,000","2,403,000,000","2,252,000,000","2,475,000,000","2,396,000,000","2,382,000,000","2,641,000,000","2,619,000,000","2,208,000,000","1,929,000,000","1,592,000,000","1,823,000,000","2,109,000,000","1,993,000,000","2,111,000,000","2,204,000,000","1,766,000,000","1,367,000,000","1,410,000,000","1,428,000,000","1,264,000,000","1,085,500,000","1,128,800,000","1,117,100,000","1,009,900,000","940,400,000","919,900,000","954,900,000","823,600,000","748,800,000","748,900,000","834,800,000","714,200,000","680,262,000","705,839,000","749,490,000","582,909,000","540,672,000","594,867,000","574,670,000","440,943,000","449,081,000","533,369,000","530,720,000","440,222,000","473,862,000","516,587,000","560,200,000","407,000,000","709,300,000","668,500,000","738,600,000","650,900,000","650,500,000","831,300,000","969,600,000","1,090,200,000","1,079,900,000","1,096,200,000","1,118,600,000","883,100,000","820,700,000","728,400,000","758,000,000","558,100,000","585,100,000","529,300,000","551,900,000","464,600,000","462,300,000","420,900,000","371,100,000","285,500,000","285,200,000","325,400,000","343,500,000","271,100,000","293,500,000","229,300,000","216,300,000","199,100,000","253,300,000","247,100,000","230,000,000","255,800,000","293,900,000","286,800,000","264,900,000","224,900,000","243,500,000","243,200,000","258,400,000","247,000,000","276,800,000","190,700,000","160,700,000","140,100,000","140,400,000","122,000,000","109,800,000","83,700,000","79,600,000","71,000,000","64,000,000","62,900,000"
CostOfRevenue,"13,036,000,000","3,250,000,000","3,386,000,000","3,354,000,000","3,046,000,000","2,983,000,000","3,018,000,000","3,204,000,000","3,170,000,000","3,299,000,000","3,282,000,000","3,169,000,000","3,095,000,000","3,189,000,000","3,364,000,000","3,265,000,000","3,086,000,000","3,323,000,000","3,268,000,000","3,161,000,000","3,126,000,000","3,355,000,000","3,379,000,000","2,674,000,000","2,069,000,000","2,411,000,000","2,405,000,000","2,261,000,000","2,518,000,000","2,778,000,000","2,794,000,000","2,580,000,000","2,643,000,000","2,831,000,000","2,716,000,000","2,678,000,000","2,703,000,000","2,765,000,000","2,842,000,000","3,282,000,000","2,058,000,000","1,347,000,000","2,153,000,000","1,934,000,000","1,842,000,000","2,000,000,000","1,959,000,000","1,847,000,000","1,976,000,000","1,932,000,000","1,694,000,000","1,559,000,000","1,339,000,000","1,533,000,000","1,685,000,000","1,568,000,000","1,634,000,000","1,691,000,000","1,443,000,000","1,162,000,000","1,188,000,000","1,173,000,000","1,046,000,000","881,200,000","910,900,000","888,800,000","831,600,000","780,900,000","752,900,000","804,700,000","710,500,000","647,900,000","626,300,000","693,000,000","618,000,000","587,106,000","583,819,000","605,409,000","499,266,000","466,654,000","513,849,000","504,112,000","384,936,000","435,549,000","455,403,000","454,182,000","400,733,000","418,773,000","487,254,000","517,400,000","447,600,000","659,200,000","594,100,000","685,800,000","700,000,000","659,500,000","768,600,000","999,700,000","907,100,000","873,700,000","893,300,000","942,000,000","755,200,000","703,700,000","621,800,000","641,000,000","465,000,000","474,400,000","430,300,000","433,100,000","357,400,000","348,800,000","314,500,000","285,100,000","224,800,000","249,800,000","260,000,000","271,900,000","207,500,000","218,800,000","190,400,000","180,100,000","173,400,000","203,100,000","191,700,000","189,800,000","185,500,000","211,200,000","203,300,000","186,200,000","160,000,000",,,,,,,,,,,,,,,,
GrossProfit,"5,905,000,000","1,583,000,000","1,665,000,000","1,566,000,000","1,091,000,000","960,000,000","904,000,000","1,083,000,000","1,005,000,000","935,000,000","758,000,000","465,000,000","579,000,000","1,044,000,000","1,664,000,000","1,852,000,000","1,927,000,000","2,013,000,000","1,913,000,000","1,681,000,000","1,523,000,000","1,533,000,000","1,335,000,000","821,000,000","753,000,000","906,000,000","955,000,000","930,000,000","1,032,000,000","1,110,000,000","1,149,000,000","1,071,000,000","1,060,000,000","1,141,000,000","1,088,000,000","1,050,000,000","1,061,000,000","1,059,000,000","1,193,000,000","1,472,000,000","977,000,000","648,000,000","541,000,000","469,000,000","410,000,000","475,000,000","437,000,000","535,000,000","665,000,000","687,000,000","514,000,000","370,000,000","253,000,000","290,000,000","424,000,000","425,000,000","477,000,000","513,000,000","323,000,000","205,000,000","222,000,000","255,000,000","218,000,000","204,300,000","217,900,000","228,300,000","178,300,000","159,500,000","167,000,000","150,200,000","113,100,000","100,900,000","122,600,000","141,800,000","96,200,000","93,156,000","122,020,000","144,081,000","83,643,000","74,018,000","81,018,000","70,558,000","56,007,000","13,532,000","77,966,000","76,538,000","39,489,000","55,089,000","29,333,000","42,800,000","-40,600,000","50,100,000","74,400,000","52,800,000","-49,100,000","-9,000,000","62,700,000","-30,100,000","183,100,000","206,200,000","202,900,000","176,600,000","127,900,000","117,000,000","106,600,000","117,000,000","93,100,000","110,700,000","99,000,000","118,800,000","107,200,000","113,500,000","106,400,000","86,000,000","60,700,000","35,400,000","65,400,000","71,600,000","63,600,000","74,700,000","38,900,000","36,200,000","25,700,000","50,200,000","55,400,000","40,200,000","70,300,000","82,700,000","83,500,000","78,700,000","64,900,000",,,,,,,,,,,,,,,,
OperatingExpense,"3,460,000,000","854,000,000","869,000,000","895,000,000","842,000,000","800,000,000","811,000,000","815,000,000","844,000,000","876,000,000","879,000,000","822,000,000","897,000,000","848,000,000","932,000,000","929,000,000","978,000,000","1,010,000,000","956,000,000","949,000,000","959,000,000","943,000,000","1,035,000,000","926,000,000","525,000,000","596,000,000","577,000,000","571,000,000","601,000,000","590,000,000","657,000,000","611,000,000","628,000,000","650,000,000","533,000,000","582,000,000","581,000,000","540,000,000","601,000,000","370,000,000","435,000,000","486,000,000","282,000,000","297,000,000","252,000,000","235,000,000","226,000,000","243,000,000","224,000,000","214,000,000","195,000,000","184,000,000","174,000,000","161,000,000","190,000,000","184,000,000","179,000,000","181,000,000","139,000,000","126,000,000","107,000,000","133,000,000","119,000,000","111,400,000","117,200,000","124,000,000","110,400,000","121,100,000","96,300,000","93,600,000","81,900,000","-80,700,000","73,700,000","70,500,000","91,300,000","64,773,000","64,931,000","68,038,000","58,358,000","46,814,000","62,966,000","60,968,000","60,177,000","-8,799,000","81,436,000","86,165,000","82,620,000","70,166,000","85,489,000","105,700,000","118,600,000","125,900,000","143,400,000","131,800,000","142,800,000","153,500,000","120,900,000","117,100,000","111,000,000","106,400,000","108,900,000","104,900,000","92,200,000","85,900,000","87,500,000","95,800,000","86,900,000","83,500,000","78,300,000","71,500,000","69,300,000","69,900,000","72,100,000","69,700,000","62,700,000","70,900,000","60,100,000","59,800,000","55,100,000","66,000,000","52,000,000","66,700,000","57,900,000","-8,500,000","61,500,000","67,300,000","65,900,000","68,400,000","69,900,000","67,500,000","64,000,000",,,,,,,,,,,,,,,,
	SellingGeneralAndAdministration,"1,154,000,000","279,000,000","291,000,000","297,000,000","287,000,000","265,000,000","256,000,000","269,000,000","281,000,000","298,000,000","305,000,000","299,000,000","353,000,000","309,000,000","356,000,000","352,000,000","376,000,000","381,000,000","364,000,000","345,000,000","346,000,000","358,000,000","396,000,000","432,000,000","166,000,000","207,000,000","192,000,000","190,000,000","199,000,000","164,000,000","220,000,000","198,000,000","202,000,000","229,000,000","132,000,000","180,000,000","185,000,000","162,000,000","205,000,000","178,000,000","155,000,000","96,000,000","89,000,000","109,000,000","73,000,000","66,000,000","59,000,000","88,000,000","64,000,000","60,000,000","53,000,000","52,000,000","49,000,000","42,000,000","57,000,000","56,000,000","56,000,000","59,000,000","48,000,000","47,000,000","32,000,000","56,000,000","44,000,000","39,100,000","38,500,000","47,800,000","40,400,000","57,000,000","35,600,000","33,900,000","27,900,000","24,300,000","27,200,000","26,500,000","27,600,000","31,123,000","30,205,000","33,628,000","26,444,000","22,726,000","29,760,000","29,675,000","28,636,000","16,261,000","33,190,000","35,771,000","33,899,000","21,461,000","33,970,000","39,100,000","43,800,000","44,600,000","46,200,000","47,800,000","57,300,000","50,700,000","47,600,000","47,200,000","46,700,000","49,000,000","51,100,000","55,600,000","42,900,000","39,100,000","37,600,000","43,500,000","33,900,000","34,100,000","34,200,000","30,800,000","31,200,000","32,600,000","32,000,000","56,500,000","48,500,000","56,400,000","47,000,000","46,800,000","41,800,000","53,700,000","39,000,000","41,200,000","43,700,000","-24,300,000","48,800,000","55,800,000","53,000,000","56,600,000","58,000,000","55,300,000","52,300,000",,,,,,,,,,,,,,,,
		GeneralAndAdministrativeExpense,,,,,,,,,,,,,,,,,,,,,,,,,,,,,,,,,,,,,,,"205,000,000",,,,,,,,,,,,,,,,,,,,,,,,,,,,,,,,,,,,,,,,,,,,,,,,,,,,,,,,,,,,,,,,,,,,,,,,,,,,,,,,,,,,,,,,,,,,,,,,,,,,,,,,,,,,
			SalariesAndWages,,,,,,,,,,,,,,,,,,,,,,,,,,,,,,,,,,,,,,,"26,000,000",,,,,,,,,,,,,,,,,,,,,,,,,,,,,,,,,,,,,,,,,,,,,,,,,,,,,,,,,,,,,,,,,,,,,,,,,,,,,,,,,,,,,,,,,,,,,,,,,,,,,,,,,,,,
			OtherGandA,,,,,,,,,,,,,,,,,,,,,,,,,,,,,,,,,,,,,,,"179,000,000",,,,,,,,,,,,,,,,,,,,,,,,,,,,,,,,,,,,,,,,,,,,,,,,,,,,,,,,,,,,,,,,,,,,,,,,,,,,,,,,,,,,,,,,,,,,,,,,,,,,,,,,,,,,
	ResearchAndDevelopment,"2,306,000,000","575,000,000","578,000,000","598,000,000","555,000,000","535,000,000","555,000,000","546,000,000","563,000,000","578,000,000","574,000,000","523,000,000","544,000,000","539,000,000","576,000,000","577,000,000","602,000,000","629,000,000","592,000,000","604,000,000","613,000,000","585,000,000","639,000,000","494,000,000","359,000,000","389,000,000","385,000,000","381,000,000","402,000,000","426,000,000","437,000,000","413,000,000","426,000,000","421,000,000","401,000,000","402,000,000","396,000,000","378,000,000","396,000,000","406,000,000","265,000,000","191,000,000","193,000,000","188,000,000","179,000,000","169,000,000","167,000,000","155,000,000","160,000,000","154,000,000","142,000,000","132,000,000","125,000,000","119,000,000","133,000,000","128,000,000","123,000,000","122,000,000","91,000,000","79,000,000","75,000,000","77,000,000","75,000,000","72,300,000","78,700,000","76,200,000","70,000,000","64,100,000","60,700,000","59,700,000","54,000,000","46,800,000","46,500,000","44,000,000","63,700,000","33,650,000","34,726,000","34,410,000","31,914,000","24,088,000","33,206,000","31,293,000","31,541,000","14,632,000","35,554,000","37,367,000","34,961,000","35,202,000","33,770,000","44,100,000","50,100,000","52,000,000","62,700,000","50,400,000","51,900,000","70,000,000","46,900,000","44,500,000","42,300,000","40,300,000","39,700,000","36,000,000","34,300,000","34,300,000","36,700,000","38,700,000","40,700,000","37,700,000","33,500,000","30,900,000","28,700,000","28,800,000","27,500,000",,,,,,,,,,,,,,,,,,,,,,,,,,,,,,,,,,
	DepreciationAmortizationDepletionIncomeStatement,,,,,,,,,,,,,,,,,,,,,,,,,,,,,,,,,,,,,,,,,,,,,,,,,,,,,,,,,,,,,,,,,,,,,,,,,,,,,,,,,,,,,"12,692,000","13,027,000","13,760,000","13,503,000","17,749,000","22,500,000","24,700,000","29,300,000","34,500,000","33,600,000","33,600,000","32,800,000","26,400,000","25,400,000","22,000,000","17,100,000","18,100,000","13,300,000","15,000,000","12,500,000","13,200,000","13,600,000","12,300,000","11,700,000","10,600,000","9,800,000","9,400,000","8,500,000","12,600,000","13,200,000","14,200,000","14,500,000","13,100,000","13,000,000","13,300,000","12,300,000","13,000,000","25,500,000","14,200,000","15,800,000","12,700,000","11,500,000","12,900,000","11,800,000","11,900,000","12,200,000","11,700,000",,,,,,,,,,,,,,,,
		DepreciationAndAmortizationInIncomeStatement,,,,,,,,,,,,,,,,,,,,,,,,,,,,,,,,,,,,,,,,,,,,,,,,,,,,,,,,,,,,,,,,,,,,,,,,,,,,,,,,,,,,,"12,692,000","13,027,000","13,760,000","13,503,000","17,749,000","22,500,000","24,700,000","29,300,000","34,500,000","33,600,000","33,600,000","32,800,000","26,400,000","25,400,000","22,000,000","17,100,000","18,100,000","13,300,000","15,000,000","12,500,000","13,200,000","13,600,000","12,300,000","11,700,000","10,600,000","9,800,000","9,400,000","8,500,000","12,600,000","13,200,000","14,200,000","14,500,000","13,100,000","13,000,000","13,300,000","12,300,000","13,000,000","25,500,000","14,200,000","15,800,000","12,700,000","11,500,000","12,900,000","11,800,000","11,900,000","12,200,000","11,700,000",,,,,,,,,,,,,,,,
	OtherOperatingExpenses,,,,,,,,,,,,,,,,,,,,,,,,,,,,,,,,,,,,,,,,,"15,000,000","199,000,000",,,,,,,,,,,,,,,,,,,,,,,,,,,,,,,,,,,,,,,,,,,,,,,,,,,,,,,,,,,,,,,,,,,,,,,,,,,,,,,,,,,,,,,,,,,,,,,,,,,,,,,,,
OperatingIncome,"2,445,000,000","729,000,000","796,000,000","671,000,000","249,000,000","160,000,000","93,000,000","268,000,000","161,000,000","59,000,000","-121,000,000","-357,000,000","-318,000,000","196,000,000","732,000,000","923,000,000","949,000,000","1,003,000,000","957,000,000","732,000,000","564,000,000","590,000,000","300,000,000","-105,000,000","228,000,000","310,000,000","378,000,000","359,000,000","431,000,000","520,000,000","492,000,000","460,000,000","432,000,000","491,000,000","555,000,000","468,000,000","480,000,000","519,000,000","592,000,000","1,102,000,000","542,000,000","162,000,000","259,000,000","172,000,000","158,000,000","240,000,000","211,000,000","292,000,000","441,000,000","473,000,000","319,000,000","186,000,000","79,000,000","129,000,000","234,000,000","241,000,000","298,000,000","332,000,000","184,000,000","79,000,000","115,000,000","122,000,000","99,000,000","92,900,000","100,700,000","104,300,000","67,900,000","38,400,000","70,700,000","56,600,000","31,200,000","181,600,000","48,900,000","71,300,000","4,900,000","28,383,000","57,089,000","76,043,000","25,285,000","27,204,000","18,052,000","9,590,000","-4,170,000","22,331,000","-3,470,000","-9,627,000","-43,131,000","-15,077,000","-56,156,000","-62,900,000","-159,200,000","-75,800,000","-69,000,000","-79,000,000","-191,900,000","-162,500,000","-58,200,000","-147,200,000","72,100,000","99,800,000","94,000,000","71,700,000","35,700,000","31,100,000","19,100,000","21,200,000","6,200,000","27,200,000","20,700,000","47,300,000","37,900,000","43,600,000","34,300,000","16,300,000","-2,000,000","-35,500,000","5,300,000","11,800,000","8,500,000","8,700,000","-13,100,000","-30,500,000","-32,200,000","58,700,000","-6,100,000","-27,100,000","4,400,000","14,300,000","13,600,000","11,200,000","900,000","-689,800,000","243,200,000","258,400,000","247,000,000","-434,600,000","190,700,000","160,700,000","140,100,000","-263,800,000","122,000,000","109,800,000","83,700,000","-167,400,000","71,000,000","64,000,000","62,900,000"
NetNonOperatingInterestIncomeExpense,"-309,000,000","-75,000,000","-76,000,000","-79,000,000","-79,000,000","-79,000,000","-82,000,000","-85,000,000","-93,000,000","-97,000,000","-110,000,000","-103,000,000","-105,000,000","-103,000,000","-101,000,000","-100,000,000","-144,000,000","-183,000,000","-189,000,000","-192,000,000","-198,000,000","-200,000,000","-231,000,000","-217,000,000","-8,000,000","-7,000,000","-8,000,000","-8,000,000","-9,000,000","-8,000,000","-9,000,000","-5,000,000","-13,000,000","-11,000,000","-10,000,000","-9,000,000","-11,000,000","-10,000,000","-14,000,000","-6,000,000","-4,000,000","-2,000,000","-1,000,000","-1,000,000","1,000,000","-1,000,000","0","0","-1,000,000","-2,000,000","-2,000,000","-2,000,000","-3,000,000",,,,,,,,,,,,,,,,,,,,,,,,,,,,,,,,,,,,,,,,,,,,,,,,,,,,,,,,,,,,,,,,,,,,,,,,,,,,,,,,,,,,,,,,,,,,,,
	InterestIncomeNonOperating,"6,000,000","1,000,000","2,000,000","1,000,000","2,000,000","2,000,000","2,000,000","2,000,000","6,000,000","8,000,000","12,000,000","14,000,000","13,000,000","15,000,000","15,000,000","14,000,000","16,000,000","14,000,000","16,000,000","9,000,000","7,000,000","5,000,000","5,000,000","9,000,000","6,000,000","6,000,000","5,000,000","4,000,000","3,000,000","4,000,000","4,000,000","7,000,000","4,000,000","3,000,000","3,000,000","3,000,000","3,000,000","3,000,000","2,000,000","3,000,000","3,000,000","3,000,000","3,000,000","3,000,000","2,000,000","2,000,000","2,000,000","1,000,000","1,000,000","1,000,000","1,000,000","1,000,000","1,000,000",,,,,,,,,,,,,,,,,,,,,,,,,,,,,,,,,,,,,,,,,,,,,,,,,,,,,,,,,,,,,,,,,,,,,,,,,,,,,,,,,,,,,,,,,,,,,,
	InterestExpenseNonOperating,"315,000,000","76,000,000","78,000,000","80,000,000","81,000,000","81,000,000","84,000,000","87,000,000","99,000,000","105,000,000","122,000,000","117,000,000","118,000,000","118,000,000","116,000,000","114,000,000","160,000,000","197,000,000","205,000,000","201,000,000","205,000,000","205,000,000","236,000,000","226,000,000","14,000,000","13,000,000","13,000,000","12,000,000","12,000,000","12,000,000","13,000,000","12,000,000","17,000,000","14,000,000","13,000,000","12,000,000","14,000,000","13,000,000","16,000,000","9,000,000","7,000,000","5,000,000","4,000,000","4,000,000","1,000,000","3,000,000","2,000,000","1,000,000","2,000,000","3,000,000","3,000,000","3,000,000","4,000,000",,,,,,,,,,,,,,,,,,,,,,,,,,,,,,,,,,,,,,,,,,,,,,,,,,,,,,,,,,,,,,,,,,,,,,,,,,,,,,,,,,,,,,,,,,,,,,
	TotalOtherFinanceCost,,"81,000,000",,,,,"73,000,000",,,,"108,000,000","93,000,000",,"95,000,000",,,,,,,,,,,"8,000,000",,"8,000,000","8,000,000","9,000,000","8,000,000","9,000,000","5,000,000","13,000,000","11,000,000","10,000,000","9,000,000","11,000,000","10,000,000","14,000,000",,"4,000,000",,,,"-1,000,000","1,000,000",,,"1,000,000","2,000,000","2,000,000",,,,,,,,,,,,,,,,,,,,,,,,,,,,,,,,,,,,,,,,,,,,,,,,,,,,,,,,,,,,,,,,,,,,,,,,,,,,,,,,,,,,,,,,,,,,,,,,
OtherIncomeExpense,"59,000,000","-8,000,000","-16,000,000","4,000,000","79,000,000","4,000,000","-14,000,000","2,000,000","-22,000,000","-2,000,000","-6,000,000","-14,000,000","-54,000,000","-12,000,000","-48,000,000","-94,000,000","-933,000,000","-46,000,000","-58,000,000","-125,000,000","-62,000,000","-69,000,000","-340,000,000","-163,000,000","-140,000,000","-59,000,000","-56,000,000","-104,000,000","-10,000,000","-54,000,000","-23,000,000","-108,000,000","-13,000,000","-13,000,000","-13,000,000","-689,000,000","-63,000,000","-41,000,000",,,,,,,,,,,,,,"23,000,000","-18,000,000","-113,000,000",,"0",,,"-49,000,000",,,,,,,,,,,,,,,,,,,"-780,000",,,"-492,000",,,"-52,000,000",,,"-738,000","-5,132,000","-14,513,000","-25,500,000","-32,300,000","-34,300,000","-36,800,000","4,800,000","5,300,000","11,900,000","-500,000","2,000,000","2,600,000","3,500,000","3,100,000","3,700,000","2,900,000","3,000,000","3,300,000","20,400,000","3,600,000","3,900,000","2,400,000","2,700,000","2,900,000",,,,,,,,,"1,700,000",,"15,800,000",,,,"-66,000,000",,"0","200,000","1,100,000",,,,,,,,,,,,,,,,,
	SpecialIncomeCharges,"52,000,000","-2,000,000","-18,000,000","4,000,000","68,000,000","-2,000,000","-23,000,000","-7,000,000","-8,000,000","-9,000,000","-8,000,000","-24,000,000","-76,000,000","-20,000,000","-46,000,000","-80,000,000","-35,000,000","-48,000,000","-52,000,000","-80,000,000","-39,000,000","-45,000,000","-68,000,000","-90,000,000","-140,000,000","-59,000,000","-56,000,000","-104,000,000","-10,000,000","-54,000,000","-23,000,000","-108,000,000","-13,000,000","-13,000,000","-13,000,000","-689,000,000","-63,000,000","-41,000,000",,,,,,"0","0",,"0","0","0","0","0","23,000,000","-18,000,000","-113,000,000",,"0",,,"-49,000,000",,,,,,,,,,,,,,,,,,,"-780,000",,,"-492,000",,,"-52,000,000",,,"-738,000","-5,132,000","-14,513,000","-25,500,000","-32,300,000","-34,300,000","-36,800,000","4,800,000","5,300,000","11,900,000","-500,000","2,000,000","2,600,000","3,500,000","3,100,000","3,700,000","2,900,000","3,000,000","3,300,000","20,400,000","3,600,000","3,900,000","2,400,000","2,700,000","2,900,000",,,,,,,,,"1,700,000",,"15,800,000",,,,"-66,000,000",,"0","200,000","1,100,000",,,,,,,,,,,,,,,,,
		RestructuringAndMergernAcquisition,"-54,000,000","3,000,000","18,000,000","-74,000,000","2,000,000","2,000,000","23,000,000","7,000,000","8,000,000","26,000,000","8,000,000","24,000,000","76,000,000","20,000,000","46,000,000","80,000,000","19,000,000","48,000,000","52,000,000","82,000,000","39,000,000","32,000,000","68,000,000","145,000,000","107,000,000","18,000,000","38,000,000","22,000,000","17,000,000","53,000,000","9,000,000","27,000,000","0","0","0","4,000,000","54,000,000","26,000,000",,,,,,,,,,"0","0","0",,"-23,000,000","4,000,000","113,000,000",,,,,,,,,,,,,,,,,,,,,,,,,,,,,,,,,,,,,,,,,,,,,,,,,,,,,,,,,,,,,,,,,,,,,,,,,,,,,,,,,,,,,,,,,,,,,
		ImpairmentOfCapitalAssets,,,,,,,,,,,,,,,,,,,,,,,,,"24,000,000","0","8,000,000",,,,,,,,,,,"12,000,000",,,,,,,,,,,,,,,,,,,,,,,,,,,,,,,,,,,,,,,,,,,,,,,,,,,,,,,,,,,,,,,,,,,,,,,,,,,,,,,,,,,,,,,,,,,,,,,,,,,,,,,,,,,,,
		WriteOff,,"-1,000,000",,,,,,"17,000,000","0","-17,000,000",,"0","0",,,"0","16,000,000",,,"-2,000,000",,"13,000,000",,,,,,,"2,000,000",,,,,,,"2,000,000",,,,,,,,,,,,,,,,,,,,,,,,,,,,,,,,,,,,,,,,,,,,,,,,,,,,,,,,,,,,,,,,,,,,,,,,,,,,,,,,,,,,,,,,,,,,,,,,,,,,,,,,,,,,,,,
		OtherSpecialCharges,,,,,,,,,,,,,,,,,,,,,,,,,"9,000,000","41,000,000","10,000,000","21,000,000","-9,000,000","1,000,000","14,000,000","19,000,000","13,000,000","13,000,000","13,000,000","683,000,000","9,000,000","3,000,000",,,,,,,,,,,,,,"0","14,000,000",,,,,,,,,,,,,,,,,,,,,,,,,,,,,,,,,,,,,,,,,,,,,,,,,,,,,,,,,,,,,,,,,,,,,,,,,,,,,,,,,,,,,,,,,,,,,,
		GainOnSaleOfPPE,,,,,"70,000,000",,,,,,,,,,,,,,,,,,,,,,,,,,,,,,,,,,,,,,,,,,,,,,,,,,,,,,,,,,,,,,,,,,,,,,,,,,,,,,,,,,,,,,,,,,,,,,,,,,,,,,,,,,,,,,,,,,,,,,,,,,,,,,,,,,,,,,,,,,,,,,
	OtherNonOperatingIncomeExpenses,"7,000,000","-6,000,000","2,000,000","0","11,000,000","6,000,000","9,000,000","9,000,000","-14,000,000","7,000,000","2,000,000","10,000,000","22,000,000","8,000,000","-2,000,000","-14,000,000","-898,000,000","2,000,000","-6,000,000","-45,000,000","-23,000,000","-24,000,000","-272,000,000",,,,,,,,,,,,,,,,,,,,,,,,,,,,,,,,,,,,,,,,,,,,,,,,,,,,,,,,,,,,,,,,,,,,,,,,,,,,,,,,,,,,,,,,,,,,,,,,,,,,,,,,,,,,,,,,,,,,,,,,,,,,
PretaxIncome,"2,195,000,000","646,000,000","704,000,000","596,000,000","249,000,000","85,000,000","-3,000,000","185,000,000","46,000,000","-40,000,000","-237,000,000","-474,000,000","-477,000,000","81,000,000","583,000,000","729,000,000","-128,000,000","774,000,000","710,000,000","415,000,000","304,000,000","321,000,000","-271,000,000","-485,000,000","80,000,000","244,000,000","314,000,000","247,000,000","412,000,000","458,000,000","460,000,000","347,000,000","406,000,000","467,000,000","532,000,000","-230,000,000","406,000,000","468,000,000","578,000,000","802,000,000","538,000,000","160,000,000","258,000,000","171,000,000","159,000,000","239,000,000","211,000,000","292,000,000","440,000,000","471,000,000","317,000,000","207,000,000","58,000,000","7,000,000","230,000,000","237,000,000","290,000,000","316,000,000","138,000,000","87,000,000","122,000,000","128,000,000","106,000,000","98,600,000","105,500,000","107,100,000","70,400,000","41,100,000","72,600,000","57,400,000","31,200,000","29,800,000","49,000,000","71,300,000","5,200,000","32,348,000","56,773,000","75,263,000","24,016,000","25,854,000","17,560,000",,,,,,,,,,,,,,,"-162,700,000","-58,700,000",,"74,600,000","103,400,000","97,200,000","75,500,000","38,800,000","34,100,000","22,300,000","41,600,000","9,800,000","31,000,000","23,100,000","50,100,000","40,800,000","43,900,000","33,400,000","13,800,000",,,,"7,700,000","4,700,000","4,400,000","-17,900,000","-20,100,000","-37,800,000","-28,100,000",,"-95,900,000","2,300,000","12,900,000","11,600,000","9,900,000","-2,100,000",,,,,,,,,,,,,,,,
TaxProvision,"202,000,000","82,000,000","94,000,000","-26,000,000","52,000,000","23,000,000","57,000,000","37,000,000","29,000,000","99,000,000","39,000,000","-277,000,000","104,000,000","568,000,000","72,000,000","-27,000,000","-189,000,000","1,597,000,000","29,000,000","135,000,000","56,000,000","86,000,000","95,000,000","-119,000,000","6,000,000","-7,000,000","31,000,000","27,000,000","28,000,000","20,000,000","37,000,000","30,000,000","31,000,000","37,000,000","37,000,000","35,000,000","15,000,000","133,000,000","59,000,000","57,000,000","55,000,000","15,000,000","19,000,000","13,000,000","13,000,000","14,000,000","14,000,000","28,000,000","40,000,000","42,000,000","29,000,000","11,000,000","8,000,000","-7,000,000","19,000,000","24,000,000","10,000,000","11,000,000","69,000,000","-125,000,000","1,000,000",,"3,000,000","-20,000,000","2,600,000","2,800,000","1,600,000","-100,000","1,800,000","1,400,000","800,000","200,000","1,100,000","2,500,000","200,000","1,305,000","2,271,000","2,223,000","1,801,000","484,000","-1,624,000",,,,,,,,,,,,,,,"0","-13,700,000",,"11,900,000","15,500,000","14,600,000","11,300,000","5,900,000","1,400,000","2,900,000","5,200,000","1,500,000","4,600,000","3,400,000","7,500,000","6,100,000","6,600,000","5,000,000","1,300,000",,,,"800,000","500,000","400,000","700,000","300,000","100,000","-1,500,000",,"2,600,000","600,000","3,400,000","2,800,000","1,300,000","600,000",,,,,,,,,,,,,,,,
NetIncomeCommonStockholders,"1,993,000,000","564,000,000","610,000,000","622,000,000","197,000,000","62,000,000","-60,000,000","148,000,000","17,000,000","-139,000,000","-276,000,000","-197,000,000","-581,000,000","-487,000,000","511,000,000","756,000,000","61,000,000","-823,000,000","681,000,000","280,000,000","248,000,000","235,000,000","-366,000,000","-366,000,000","74,000,000","251,000,000","283,000,000","220,000,000","384,000,000","438,000,000","423,000,000","317,000,000","375,000,000","430,000,000","495,000,000","-265,000,000","391,000,000","335,000,000","519,000,000","745,000,000","483,000,000","145,000,000","239,000,000","158,000,000","146,000,000","225,000,000","197,000,000","264,000,000","400,000,000","429,000,000","288,000,000","196,000,000","50,000,000","14,000,000","211,000,000","213,000,000","280,000,000","305,000,000","69,000,000","212,000,000","121,000,000","128,000,000","103,000,000","118,600,000","102,900,000","104,300,000","68,800,000","41,200,000","70,800,000","56,000,000","30,400,000","29,600,000","47,900,000","68,800,000","5,000,000","31,023,000","54,502,000","74,360,000","22,215,000","13,118,000","19,198,000","12,594,000","20,518,000","-64,084,000","-3,047,000","1,788,000","-33,520,000","4,165,000","-70,669,000","-15,200,000","-106,300,000","-101,500,000","-114,300,000","-82,300,000","-194,700,000","-162,700,000","-45,000,000","-145,200,000","62,700,000","87,900,000","82,600,000","64,200,000","32,900,000","32,700,000","19,400,000","36,400,000","8,300,000","26,400,000","19,700,000","42,600,000","34,700,000","37,300,000","28,400,000","12,500,000","-5,100,000","-37,800,000","1,600,000","6,900,000","4,200,000","4,000,000","-18,600,000","-20,400,000","-37,900,000","-26,600,000","-10,800,000","-98,500,000","1,700,000","9,500,000","8,800,000","8,600,000","-2,700,000",,,,,,,,,,,,,,,,
	NetIncome,"1,993,000,000","564,000,000","610,000,000","622,000,000","197,000,000","62,000,000","-60,000,000","148,000,000","17,000,000","-139,000,000","-276,000,000","-197,000,000","-581,000,000","-487,000,000","511,000,000","756,000,000","61,000,000","-823,000,000","681,000,000","280,000,000","248,000,000","235,000,000","-366,000,000","-366,000,000","74,000,000","251,000,000","283,000,000","220,000,000","384,000,000","438,000,000","423,000,000","317,000,000","375,000,000","430,000,000","495,000,000","-265,000,000","391,000,000","335,000,000","519,000,000","745,000,000","483,000,000","145,000,000","239,000,000","158,000,000","146,000,000","225,000,000","197,000,000","264,000,000","400,000,000","429,000,000","288,000,000","196,000,000","50,000,000","14,000,000","211,000,000","213,000,000","280,000,000","305,000,000","69,000,000","212,000,000","121,000,000","128,000,000","103,000,000","118,600,000","102,900,000","104,300,000","68,800,000","41,200,000","70,800,000","56,000,000","30,400,000","29,600,000","47,900,000","68,800,000","5,000,000","31,023,000","54,502,000","74,360,000","22,215,000","13,118,000","19,198,000","12,594,000","20,518,000","-64,084,000","-3,047,000","1,788,000","-33,520,000","4,165,000","-70,669,000","-15,200,000","-106,300,000","-101,500,000","-114,300,000","-82,300,000","-194,700,000","-162,700,000","-45,000,000","-145,200,000","62,700,000","87,900,000","82,600,000","64,200,000","32,900,000","32,700,000","19,400,000","36,400,000","8,300,000","26,400,000","19,700,000","42,600,000","34,700,000","37,300,000","28,400,000","12,500,000","-5,100,000","-37,800,000","1,600,000","6,900,000","4,200,000","4,000,000","-18,600,000","-20,400,000","-37,900,000","-26,600,000","-10,800,000","-98,500,000","1,700,000","9,500,000","8,800,000","8,600,000","-2,700,000",,,,,,,,,,,,,,,,
		NetIncomeIncludingNoncontrollingInterests,"1,993,000,000","564,000,000","610,000,000","622,000,000","197,000,000","62,000,000","-60,000,000","148,000,000","17,000,000","-139,000,000","-276,000,000","-197,000,000","-581,000,000","-487,000,000","511,000,000","756,000,000","61,000,000","-823,000,000","681,000,000","280,000,000","248,000,000","235,000,000","-366,000,000","-366,000,000","74,000,000","251,000,000","283,000,000","220,000,000","384,000,000","438,000,000","423,000,000","317,000,000","375,000,000","430,000,000","495,000,000","-265,000,000","391,000,000","335,000,000","519,000,000","745,000,000","483,000,000","145,000,000","239,000,000","158,000,000","146,000,000","225,000,000","197,000,000","264,000,000","400,000,000","429,000,000","288,000,000","196,000,000","50,000,000","14,000,000","211,000,000","213,000,000","280,000,000","305,000,000","69,000,000","212,000,000","121,000,000","128,000,000","103,000,000","118,600,000","102,900,000","104,300,000","68,800,000","41,200,000","70,800,000","56,000,000","30,400,000","29,600,000","47,900,000","68,800,000","5,000,000","31,023,000","54,502,000","74,360,000","22,215,000","13,118,000","19,198,000","12,594,000","19,601,000","-65,299,000","-3,047,000","1,788,000","-33,876,000","4,165,000","-70,669,000","-15,200,000","-106,300,000","-101,500,000","-114,300,000","-82,300,000","-194,700,000","-162,700,000","-45,000,000","-145,200,000","62,700,000","87,900,000","82,600,000","64,200,000","32,900,000","32,700,000","19,400,000","36,400,000","8,300,000","26,400,000","19,700,000","42,600,000","34,700,000","37,300,000","28,400,000","12,500,000","-5,100,000","-37,800,000","1,600,000","6,900,000","4,200,000","4,000,000","-18,600,000","-20,400,000","-37,900,000","-26,600,000","-10,800,000","-98,500,000","1,700,000","9,500,000","8,800,000","8,600,000","-2,700,000","4,300,000","4,400,000","12,700,000","12,900,000","14,600,000","8,100,000","8,200,000","12,000,000","13,400,000","10,800,000","10,500,000","8,200,000","7,700,000","6,200,000","4,300,000","2,500,000"
			NetIncomeContinuousOperations,"1,993,000,000","564,000,000","610,000,000","622,000,000","197,000,000","62,000,000","-60,000,000","148,000,000","17,000,000","-139,000,000","-276,000,000","-197,000,000","-581,000,000","-487,000,000","511,000,000","756,000,000","61,000,000","-823,000,000","681,000,000","280,000,000","248,000,000","235,000,000","-366,000,000","-366,000,000","74,000,000","251,000,000","283,000,000","220,000,000","384,000,000","438,000,000","423,000,000","317,000,000","375,000,000","430,000,000","495,000,000","-265,000,000","391,000,000","335,000,000","519,000,000","745,000,000","483,000,000","145,000,000","239,000,000","158,000,000","146,000,000","225,000,000","197,000,000","264,000,000","400,000,000","429,000,000","288,000,000","196,000,000","50,000,000","14,000,000","211,000,000","213,000,000","280,000,000","305,000,000","69,000,000","212,000,000","121,000,000","128,000,000","103,000,000","118,600,000","102,900,000","104,300,000","68,800,000","41,200,000","70,800,000","56,000,000","30,400,000","29,600,000","47,900,000","68,800,000","5,000,000","31,043,000","54,502,000","73,040,000","22,215,000","25,370,000","19,184,000","12,695,000","-4,014,000","-30,123,000","-3,418,000","-8,788,000","-44,763,000","4,165,000","-70,669,000","-91,500,000","-196,900,000","-101,500,000","-114,300,000","-82,300,000","-194,700,000","-162,700,000","-45,000,000","-145,200,000","62,700,000","87,900,000","82,600,000","64,200,000","32,900,000","32,700,000","19,400,000","36,400,000","8,300,000","26,400,000","19,700,000","42,600,000","34,700,000","37,300,000","28,400,000","12,500,000","-5,100,000","-37,800,000","1,600,000","6,900,000","4,200,000","4,000,000","-18,600,000","-20,400,000","-37,900,000","-26,600,000","-10,800,000","-98,500,000","1,700,000","9,500,000","8,800,000","8,600,000","-2,700,000","4,300,000","4,400,000","12,700,000","12,900,000","14,600,000","8,100,000","8,200,000","12,000,000","13,400,000","10,800,000","10,500,000","8,200,000","7,700,000","6,200,000","4,300,000","2,500,000"
			NetIncomeDiscontinuousOperations,,,,,,,,,,,,,,,,,,,,,,,,,,,,,,,,,,,,,,,,,,,,,,,,,,,,,,,,,,,,,,,,,,,,,,,,,,,,"-20,000",,"1,320,000",,"-12,291,000",,,,,,,,,,,,,,,,,,,,,,,,,,,,,,,,,,,,,,,,,,,,,,,,,,,,,,,,,,,,,,,,,,,
			NetIncomeFromTaxLossCarryforward,,,,,,,,,,,,,,,,,,,,,,,,,,,,,,,,,,,,,,,,,,,,,,,,,,,,,,,,,,,,,,,,,,,,,,,,,,,,,,,,"39,000","14,000","-101,000","24,532,000","210,000","371,000","10,576,000","11,243,000","0",,"76,300,000","90,600,000",,,,,,,,,,,,,,,,,,,,,,,,,,,,,,,,,,,,,,,,,,,,,,,,,,,,,,,,
		MinorityInterests,,,,,,,,,,,,,,,,,,,,,,,,,,,,,,,,,,,,,,,,,,,,,,,,,,,,,,,,,,,,,,,,,,,,,,,,,,,,,,,,,,,"917,000",,,,"356,000",,,,,,,,,,,,,,,,,,,,,,,,,,,,,,,,,,,,,,,,,,,,,,,,,,,,,,,,,,,,
DilutedNIAvailtoComStockholders,"1,993,000,000","564,000,000","610,000,000","622,000,000","197,000,000","62,000,000","-60,000,000","148,000,000","17,000,000","-139,000,000","-276,000,000","-197,000,000","-581,000,000","-487,000,000","511,000,000","756,000,000","61,000,000","-823,000,000","681,000,000","280,000,000","248,000,000","235,000,000","-366,000,000","-366,000,000","74,000,000","251,000,000","283,000,000","220,000,000","384,000,000","438,000,000","423,000,000","317,000,000","375,000,000","430,000,000","495,000,000","-265,000,000","391,000,000","335,000,000","519,000,000","745,000,000","483,000,000","145,000,000","239,000,000","158,000,000","146,000,000","225,000,000","197,000,000","264,000,000","400,000,000","429,000,000","288,000,000","196,000,000","50,000,000","14,000,000","211,000,000","213,000,000","280,000,000","305,000,000","69,000,000","212,000,000","121,000,000","128,000,000","103,000,000","118,600,000","102,900,000","104,300,000","68,800,000","41,200,000","70,800,000","56,000,000","30,400,000","29,600,000","47,900,000","68,800,000","5,000,000","31,023,000","54,502,000","74,360,000","22,215,000","13,118,000","19,198,000","12,594,000","20,518,000","-64,084,000","-3,047,000","1,788,000","-33,520,000","4,165,000","-70,669,000","-15,200,000","-106,300,000","-101,500,000","-114,300,000","-82,300,000","-194,700,000","-162,700,000","-45,000,000","-145,200,000","62,700,000","87,900,000","82,600,000","64,200,000","32,900,000","32,700,000","19,400,000","36,400,000","8,300,000","26,400,000","19,700,000","42,600,000","34,700,000","37,300,000","28,400,000","12,500,000","-5,100,000","-37,800,000","1,600,000","6,900,000","4,200,000","4,000,000","-18,600,000","-20,400,000","-37,900,000","-26,600,000","-10,800,000","-98,500,000","1,700,000","9,500,000","8,800,000","8,600,000","-2,700,000",,,,,,,,,,,,,,,,
BasicEPS,,"1.81","1.97","2.03","0.64","0.2","-0.2","0.49","0.06","-0.47","-0.93","-0.67","-1.99","-1.68","1.75","2.53","0.2","-2.78","2.31","0.96","0.86","0.82","-1.28","-1.34","0.32","1.08","1.23","0.95","1.66","1.97","1.81","1.35","1.6","1.82","2.1","-1.12","1.64","1.38","2.11",,"2","0.62","1.03",,"0.63","0.98","0.86",,"1.75","1.89","1.28",,"0.22","0.06","0.95",,"1.26","1.39","0.31",,"0.55","0.58","0.47",,"0.47","0.49","0.32",,"0.34","0.27","0.15",,"0.23","0.33","0.02",,"0.28","0.38","0.12",,"0.1","0.07","0.11",,"-0.02","0.01","-0.23",,"-0.53","-0.13","-1.11",,"-1.27","-0.93","-2.2",,"-0.51","-1.66","0.72",,"0.95","0.73","0.38",,"0.21","0.38","0.08",,"0.2","0.45","0.37",,"0.32","0.16","-0.07",,"0.03","0.11","0.07",,"-0.32","-0.35","-0.65",,"-0.19","-1.69","0.03",,"0.15","0.15","-0.05",,"0.08","0.22","0.23",,"0.15","0.15","0.21",,"0.23","0.23","0.21",,"0.16","0.11","0.06"
DilutedEPS,,"1.79","1.93","1.97","0.63","0.2","-0.2","0.49","0.06","-0.47","-0.93","-0.67","-1.99","-1.68","1.71","2.46","0.2","-2.78","2.23","0.93","0.83","0.8","-1.28","-1.34","0.32","1.07","1.21","0.94","1.63","1.93","1.76","1.32","1.55","1.77","2.05","-1.12","1.6","1.36","2.06",,"1.96","0.61","1.01",,"0.62","0.96","0.84",,"1.71","1.85","1.25",,"0.22","0.06","0.93",,"1.23","1.35","0.31",,"0.53","0.57","0.46",,"0.45","0.47","0.31",,"0.32","0.26","0.14",,"0.22","0.32","0.02",,"0.26","0.36","0.11",,"0.1","0.07","0.11",,"-0.02","0.01","-0.23",,"-0.53","-0.13","-1.11",,"-1.27","-0.93","-2.2",,"-0.51","-1.66","0.67",,"0.88","0.68","0.36",,"0.21","0.38","0.08",,"0.2","0.43","0.35",,"0.31","0.16","-0.07",,"0.03","0.11","0.07",,"-0.32","-0.35","-0.65",,"-0.19","-1.69","0.03",,"0.15","0.15","-0.05",,"0.08","0.22","0.23",,"0.15","0.15","0.21",,"0.23","0.23","0.21",,"0.16","0.11","0.06"
BasicAverageShares,,"312,000,000","310,000,000","307,000,000","306,000,000","305,000,000","303,000,000","300,000,000","299,000,000","298,000,000","296,000,000","294,000,000","292,000,000","290,000,000","292,000,000","299,000,000","298,000,000","296,000,000","295,000,000","292,000,000","289,000,000","286,000,000","285,000,000","261,000,000","233,000,000","232,000,000","231,000,000","231,000,000","231,000,000","233,000,000","234,000,000","234,000,000","235,000,000","236,000,000","236,000,000","236,000,000","239,000,000","242,000,000","246,000,000",,"241,000,000","234,000,000","233,000,000",,"232,000,000","230,000,000","230,000,000",,"229,000,000","227,000,000","225,000,000",,"223,000,000","222,000,000","222,000,000",,"222,000,000","220,000,000","219,000,000",,"220,000,000","220,000,000","219,000,000",,"216,700,000","212,800,000","212,900,000",,"208,800,000","205,100,000","205,200,000",,"206,700,000","205,400,000","204,100,000",,"196,258,000","193,725,000","192,464,000",,"190,091,000","187,691,000","186,635,000",,"176,250,000","171,175,000","148,044,000",,"133,903,000","121,128,000","95,765,766",,"90,000,000","88,494,624","88,500,000",,"88,235,294","87,469,880","87,083,333",,"86,947,368","87,945,205","86,578,947",,"92,380,952","95,789,474","103,750,000",,"98,500,000","94,666,667","93,783,784",,"88,750,000","78,125,000","72,857,143",,"53,333,333","62,727,273","60,000,000",,"58,125,000","58,285,714","58,307,692",,"56,842,105","58,284,024","56,666,667",,"58,666,667","57,333,333","54,000,000",,"57,948,000","56,824,000","56,452,000",,"54,852,000","54,770,000","51,378,000",,"49,354,000","43,984,000","43,984,000",,"38,544,000","38,126,000","37,880,000"
DilutedAverageShares,,"315,000,000","316,000,000","315,000,000","313,000,000","307,000,000","303,000,000","301,000,000","303,000,000","298,000,000","296,000,000","294,000,000","292,000,000","290,000,000","298,000,000","307,000,000","308,000,000","296,000,000","306,000,000","301,000,000","299,000,000","294,000,000","285,000,000","261,000,000","234,000,000","234,000,000","234,000,000","235,000,000","236,000,000","238,000,000","240,000,000","241,000,000","242,000,000","243,000,000","242,000,000","236,000,000","245,000,000","246,000,000","252,000,000",,"246,000,000","237,000,000","237,000,000",,"236,000,000","235,000,000","234,000,000",,"234,000,000","232,000,000","230,000,000",,"226,000,000","224,000,000","226,000,000",,"227,000,000","226,000,000","224,000,000",,"226,000,000","226,000,000","225,000,000",,"226,800,000","221,500,000","221,100,000",,"218,700,000","213,600,000","212,600,000",,"217,500,000","217,900,000","215,900,000",,"207,724,000","204,123,000","196,823,000",,"198,355,000","191,624,000","186,635,000",,"176,250,000","171,175,000","148,044,000",,"133,903,000","121,128,000","95,765,766",,"90,000,000","88,494,624","88,500,000",,"88,235,294","87,469,880","93,582,090",,"93,863,636","94,411,765","91,388,889",,"92,380,952","95,789,474","103,750,000",,"98,500,000","99,069,767","99,142,857",,"91,612,903","78,125,000","72,857,143",,"53,333,333","62,727,273","60,000,000",,"58,125,000","58,285,714","58,307,692",,"56,842,105","58,284,024","56,666,667",,"58,666,667","57,333,333","54,000,000",,"57,948,000","56,824,000","56,452,000",,"54,852,000","54,770,000","51,378,000",,"49,354,000","43,984,000","43,984,000",,"38,544,000","38,126,000","37,880,000"
TotalOperatingIncomeAsReported,"2,497,000,000","727,000,000","778,000,000","675,000,000","317,000,000","158,000,000","70,000,000","261,000,000","153,000,000","50,000,000","-129,000,000","-381,000,000","-394,000,000","176,000,000","686,000,000","843,000,000","914,000,000","955,000,000","905,000,000","652,000,000","525,000,000","545,000,000","232,000,000","-195,000,000","88,000,000","251,000,000","322,000,000","255,000,000","421,000,000","466,000,000","469,000,000","352,000,000","419,000,000","478,000,000","542,000,000","-221,000,000","417,000,000","478,000,000","592,000,000","808,000,000","542,000,000","162,000,000","259,000,000","172,000,000","158,000,000","240,000,000","211,000,000","292,000,000","441,000,000","473,000,000","319,000,000","209,000,000","61,000,000","16,000,000","234,000,000","241,000,000","298,000,000","332,000,000","135,000,000","79,000,000","115,000,000","122,000,000","99,000,000","92,900,000","100,700,000","104,300,000","67,900,000","38,400,000","70,700,000","56,600,000","31,200,000","181,600,000","48,900,000","71,300,000","4,900,000","28,383,000","57,089,000","76,043,000","25,285,000","27,204,000","18,052,000","9,590,000","-4,170,000","22,331,000","-3,470,000","-9,627,000","-43,131,000","-15,077,000","-56,156,000","-62,900,000","-159,200,000","-75,800,000","-69,000,000","-79,000,000","-191,900,000","-162,500,000","-58,200,000","-147,200,000","72,100,000","99,800,000","94,000,000","71,700,000","35,700,000","31,100,000","19,100,000","21,200,000","6,200,000","27,200,000","20,700,000","47,300,000","37,900,000","43,600,000","34,300,000","16,300,000","-2,000,000","-35,500,000","5,300,000","11,800,000","8,500,000","8,700,000","-13,100,000","-30,500,000","-32,200,000","58,700,000","-6,100,000","-27,100,000","4,400,000","14,300,000","13,600,000","11,200,000","900,000",,,,,,,,,,,,,,,,
TotalExpenses,"16,496,000,000","4,104,000,000","4,255,000,000","4,249,000,000","3,888,000,000","3,783,000,000","3,829,000,000","4,019,000,000","4,014,000,000","4,175,000,000","4,161,000,000","3,991,000,000","3,992,000,000","4,037,000,000","4,296,000,000","4,194,000,000","4,064,000,000","4,333,000,000","4,224,000,000","4,110,000,000","4,085,000,000","4,298,000,000","4,414,000,000","3,600,000,000","2,594,000,000","3,007,000,000","2,982,000,000","2,832,000,000","3,119,000,000","3,368,000,000","3,451,000,000","3,191,000,000","3,271,000,000","3,481,000,000","3,249,000,000","3,260,000,000","3,284,000,000","3,305,000,000","3,443,000,000","3,652,000,000","2,493,000,000","1,833,000,000","2,435,000,000","2,231,000,000","2,094,000,000","2,235,000,000","2,185,000,000","2,090,000,000","2,200,000,000","2,146,000,000","1,889,000,000","1,743,000,000","1,513,000,000","1,694,000,000","1,875,000,000","1,752,000,000","1,813,000,000","1,872,000,000","1,582,000,000","1,288,000,000","1,295,000,000","1,306,000,000","1,165,000,000","992,600,000","1,028,100,000","1,012,800,000","942,000,000","902,000,000","849,200,000","898,300,000","792,400,000","567,200,000","700,000,000","763,500,000","709,300,000","651,879,000","648,750,000","673,447,000","557,624,000","513,468,000","576,815,000","565,080,000","445,113,000","426,750,000","536,839,000","540,347,000","483,353,000","488,939,000","572,743,000","623,100,000","566,200,000","785,100,000","737,500,000","817,600,000","842,800,000","813,000,000","889,500,000","1,116,800,000","1,018,100,000","980,100,000","1,002,200,000","1,046,900,000","847,400,000","789,600,000","709,300,000","736,800,000","551,900,000","557,900,000","508,600,000","504,600,000","426,700,000","418,700,000","386,600,000","354,800,000","287,500,000","320,700,000","320,100,000","331,700,000","262,600,000","284,800,000","242,400,000","246,800,000","231,300,000","194,600,000","253,200,000","257,100,000","251,400,000","279,600,000","273,200,000","253,700,000","224,000,000",,,,,,,,,,,,,,,,
NetIncomeFromContinuingAndDiscontinuedOperation,"1,993,000,000","564,000,000","610,000,000","622,000,000","197,000,000","62,000,000","-60,000,000","148,000,000","17,000,000","-139,000,000","-276,000,000","-197,000,000","-581,000,000","-487,000,000","511,000,000","756,000,000","61,000,000","-823,000,000","681,000,000","280,000,000","248,000,000","235,000,000","-366,000,000","-366,000,000","74,000,000","251,000,000","283,000,000","220,000,000","384,000,000","438,000,000","423,000,000","317,000,000","375,000,000","430,000,000","495,000,000","-265,000,000","391,000,000","335,000,000","519,000,000","745,000,000","483,000,000","145,000,000","239,000,000","158,000,000","146,000,000","225,000,000","197,000,000","264,000,000","400,000,000","429,000,000","288,000,000","196,000,000","50,000,000","14,000,000","211,000,000","213,000,000","280,000,000","305,000,000","69,000,000","212,000,000","121,000,000","128,000,000","103,000,000","118,600,000","102,900,000","104,300,000","68,800,000","41,200,000","70,800,000","56,000,000","30,400,000","29,600,000","47,900,000","68,800,000","5,000,000","31,023,000","54,502,000","74,360,000","22,215,000","13,079,000","19,184,000","12,695,000","-4,014,000","-62,790,000","-3,418,000","-8,788,000","-44,763,000","4,165,000","-70,669,000","-91,500,000","-196,900,000","-101,500,000","-114,300,000","-82,300,000","-194,700,000","-162,700,000","-45,000,000","-145,200,000","62,700,000","87,900,000","82,600,000","64,200,000","32,900,000","32,700,000","19,400,000","36,400,000","8,300,000","26,400,000","19,700,000","42,600,000","34,700,000","37,300,000","28,400,000","12,500,000","-5,100,000","-37,800,000","1,600,000","6,900,000","4,200,000","4,000,000","-18,600,000","-20,400,000","-37,900,000","-26,600,000","-10,800,000","-98,500,000","1,700,000","9,500,000","8,800,000","8,600,000","-2,700,000",,,,,,,,,,,,,,,,
NormalizedIncome,"1,945,785,421.412","565,740,000","625,660,000","619,080,000","143,280,000","63,460,000","-43,210,000","153,600,000","22,840,000","-132,430,000","-270,160,000","-179,480,000","-525,520,000","-472,400,000","551,480,000","814,400,000","86,550,000","-794,200,000","730,920,000","333,975,903.614","279,980,000","267,850,000","-325,200,000","-298,082,474.227","203,500,000","286,400,000","333,471,337.58","312,631,578.947","393,320,388.35","489,641,921.397","444,150,000","415,662,824.207","387,007,389.163","441,970,021.413","507,095,864.662","182,850,000","451,672,413.793","364,348,290.598","519,000,000","745,000,000","483,000,000","145,000,000","239,000,000","158,000,000","146,000,000","225,000,000","197,000,000","264,000,000","400,000,000","429,000,000","288,000,000","174,222,222.222","65,517,241.379","87,450,000","211,000,000","213,000,000","280,000,000","305,000,000","100,850,000","212,000,000","121,000,000","128,000,000","103,000,000","118,600,000","102,900,000","104,300,000","68,800,000","41,200,000","70,800,000","56,000,000","30,400,000","29,600,000","47,900,000","68,800,000","5,000,000","31,043,000","54,502,000","73,796,961.588","22,215,000","25,370,000","19,479,200","12,695,000","-4,014,000","1,077,000","-3,418,000","-8,788,000","-44,320,200","7,244,200","-61,961,200","-76,200,000","-177,520,000","-80,920,000","-92,220,000","-85,180,000","-197,880,000","-174,600,000","-44,616,695.06","-146,400,000","60,514,745.308","84,924,661.509","79,965,637.86","61,053,774.834","30,440,979.381","29,823,167.155","16,529,147.982","18,550,000","5,251,020.408","23,078,709.677","17,653,246.753","40,304,191.617","32,233,578.431","37,300,000","28,400,000","12,500,000","-5,100,000","-37,800,000","1,600,000","6,900,000","4,200,000","2,454,545.455","-18,600,000","-29,880,000","-37,900,000","-26,600,000","-10,800,000","-58,900,000","1,700,000","9,500,000","8,648,275.862","7,644,444.444","-2,700,000",,,,,,,,,,,,,,,,
InterestIncome,"6,000,000","1,000,000","2,000,000","1,000,000","2,000,000","2,000,000","2,000,000","2,000,000","6,000,000","8,000,000","12,000,000","14,000,000","13,000,000","15,000,000","15,000,000","14,000,000","16,000,000","14,000,000","16,000,000","9,000,000","7,000,000","5,000,000","5,000,000","9,000,000","6,000,000","6,000,000","5,000,000","4,000,000","3,000,000","4,000,000","4,000,000","7,000,000","4,000,000","3,000,000","3,000,000","3,000,000","3,000,000","3,000,000","2,000,000","3,000,000","3,000,000","3,000,000","3,000,000","3,000,000","2,000,000","2,000,000","2,000,000","1,000,000","1,000,000","1,000,000","1,000,000","1,000,000","1,000,000",,,,,,,,,,,,,,,,,,,,,,,,,,,,,,,,,,,,,,,,,,,,,,,,,,,,,,,,,,,,,,,,,,,,,,,,,,,,,,,,,,,,,,,,,,,,,,
InterestExpense,"315,000,000","76,000,000","78,000,000","80,000,000","81,000,000","81,000,000","84,000,000","87,000,000","99,000,000","105,000,000","122,000,000","117,000,000","118,000,000","118,000,000","116,000,000","114,000,000","160,000,000","197,000,000","205,000,000","201,000,000","205,000,000","205,000,000","236,000,000","226,000,000","14,000,000","13,000,000","13,000,000","12,000,000","12,000,000","12,000,000","13,000,000","12,000,000","17,000,000","14,000,000","13,000,000","12,000,000","14,000,000","13,000,000","16,000,000","9,000,000","7,000,000","5,000,000","4,000,000","4,000,000","1,000,000","3,000,000","2,000,000","1,000,000","2,000,000","3,000,000","3,000,000","3,000,000","4,000,000",,,,,,,,,,,,,,,,,,,,,,,,,,,,,,,,,,,,,,,,,,,,,,,,,,,,,,,,,,,,,,,,,,,,,,,,,,,,,,,,,,,,,,,,,,,,,,
NetInterestIncome,"-309,000,000","-75,000,000","-76,000,000","-79,000,000","-79,000,000","-79,000,000","-82,000,000","-85,000,000","-93,000,000","-97,000,000","-110,000,000","-103,000,000","-105,000,000","-103,000,000","-101,000,000","-100,000,000","-144,000,000","-183,000,000","-189,000,000","-192,000,000","-198,000,000","-200,000,000","-231,000,000","-217,000,000","-8,000,000","-7,000,000","-8,000,000","-8,000,000","-9,000,000","-8,000,000","-9,000,000","-5,000,000","-13,000,000","-11,000,000","-10,000,000","-9,000,000","-11,000,000","-10,000,000","-14,000,000","-6,000,000","-4,000,000","-2,000,000","-1,000,000","-1,000,000","1,000,000","-1,000,000","0","0","-1,000,000","-2,000,000","-2,000,000","-2,000,000","-3,000,000",,,,,,,,,,,,,,,,,,,,,,,,,,,,,,,,,,,,,,,,,,,,,,,,,,,,,,,,,,,,,,,,,,,,,,,,,,,,,,,,,,,,,,,,,,,,,,
EBIT,"2,510,000,000","722,000,000","782,000,000","676,000,000","330,000,000","166,000,000","81,000,000","272,000,000","145,000,000","65,000,000","-115,000,000","-357,000,000","-359,000,000","199,000,000","699,000,000","843,000,000","32,000,000","971,000,000","915,000,000","616,000,000","509,000,000","526,000,000","-35,000,000","-259,000,000","94,000,000","257,000,000","327,000,000","259,000,000","424,000,000","470,000,000","473,000,000","359,000,000","423,000,000","481,000,000","545,000,000","-218,000,000","420,000,000","481,000,000","594,000,000","811,000,000","545,000,000","165,000,000","262,000,000","175,000,000","160,000,000","242,000,000","213,000,000","293,000,000","442,000,000","474,000,000","320,000,000","210,000,000","62,000,000","129,000,000","234,000,000","241,000,000","298,000,000","332,000,000","184,000,000","79,000,000","115,000,000","122,000,000","99,000,000","92,900,000","100,700,000","104,300,000","67,900,000","38,400,000","70,700,000","56,600,000","31,200,000","181,600,000","48,900,000","71,300,000","4,900,000","28,383,000","57,089,000","76,043,000","25,285,000","27,204,000","18,052,000","9,590,000","-4,170,000","22,331,000","-3,470,000","-9,627,000","-43,131,000","-15,077,000","-56,156,000","-62,900,000","-159,200,000","-75,800,000","-69,000,000","-79,000,000","-191,900,000","-162,500,000","-58,200,000","-147,200,000","72,100,000","99,800,000","94,000,000","71,700,000","35,700,000","31,100,000","19,100,000","21,200,000","6,200,000","27,200,000","20,700,000","47,300,000","37,900,000","43,600,000","34,300,000","16,300,000","-2,000,000","-35,500,000","5,300,000","11,800,000","8,500,000","8,700,000","-13,100,000","-30,500,000","-32,200,000","58,700,000","-6,100,000","-27,100,000","4,400,000","14,300,000","13,600,000","11,200,000","900,000","-689,800,000","243,200,000","258,400,000","247,000,000","-434,600,000","190,700,000","160,700,000","140,100,000","-263,800,000","122,000,000","109,800,000","83,700,000","-167,400,000","71,000,000","64,000,000","62,900,000"
EBITDA,"3,504,000,000"
ReconciledCostOfRevenue,"13,036,000,000","3,250,000,000","3,386,000,000","3,354,000,000","3,046,000,000","2,983,000,000","3,018,000,000","3,204,000,000","3,170,000,000","3,299,000,000","3,282,000,000","3,169,000,000","3,095,000,000","3,189,000,000","3,364,000,000","3,265,000,000","3,086,000,000","3,323,000,000","3,268,000,000","3,161,000,000","3,126,000,000","3,355,000,000","3,379,000,000","2,674,000,000","2,069,000,000","2,411,000,000","2,405,000,000","2,261,000,000","2,518,000,000","2,778,000,000","2,794,000,000","2,580,000,000","2,643,000,000","2,831,000,000","2,716,000,000","2,678,000,000","2,703,000,000","2,765,000,000","2,842,000,000","3,282,000,000","2,058,000,000","1,347,000,000","2,153,000,000","1,934,000,000","1,842,000,000","2,000,000,000","1,959,000,000","1,847,000,000","1,976,000,000","1,932,000,000","1,694,000,000","1,559,000,000","1,339,000,000","1,533,000,000","1,685,000,000","1,568,000,000","1,634,000,000","1,691,000,000","1,443,000,000","1,162,000,000","1,188,000,000","1,173,000,000","1,046,000,000","881,200,000","910,900,000","888,800,000","831,600,000","780,900,000","752,900,000","804,700,000","710,500,000","647,900,000","626,300,000","693,000,000","618,000,000","587,106,000","583,819,000","605,409,000","499,266,000","466,654,000","513,849,000","504,112,000","384,936,000","435,549,000","455,190,000","454,182,000","400,733,000","418,773,000","487,254,000","517,400,000","447,600,000","659,200,000","594,100,000","685,700,000","700,000,000","659,500,000","768,600,000","999,700,000","907,100,000","873,700,000","893,300,000","942,000,000","755,200,000","703,700,000","621,800,000","641,000,000","465,000,000","474,400,000","428,600,000","432,700,000","357,400,000","348,800,000","315,800,000","286,100,000","224,800,000","249,800,000","260,200,000","271,900,000","207,500,000","218,800,000","190,400,000","194,300,000","173,400,000","203,100,000","190,800,000","189,800,000","185,500,000","211,200,000","203,400,000","186,100,000","160,000,000",,,,,,,,,,,,,,,,
ReconciledDepreciation,"994,000,000","242,000,000","250,000,000","251,000,000","251,000,000","336,000,000","374,000,000","377,000,000","384,000,000","399,000,000","406,000,000","416,000,000","444,000,000","472,000,000","480,000,000","489,000,000","499,000,000","535,000,000","533,000,000","546,000,000","560,000,000","514,000,000","508,000,000","420,000,000","246,000,000","252,000,000","236,000,000","250,000,000","285,000,000","290,000,000","289,000,000","308,000,000","307,000,000","317,000,000","312,000,000","302,000,000","309,000,000","309,000,000","313,000,000","339,000,000","188,000,000","140,000,000","158,000,000","150,000,000","151,000,000","151,000,000","150,000,000","134,000,000","129,000,000","126,000,000","121,000,000","121,000,000","119,000,000","122,000,000","117,000,000","113,000,000","111,000,000","111,000,000","78,000,000","61,000,000","55,000,000","49,000,000","45,000,000","43,700,000","41,900,000","38,600,000","35,600,000","37,600,000","35,700,000","32,500,000","29,000,000","27,700,000","26,800,000","25,800,000","21,400,000","14,102,000","12,862,000","11,802,000","11,634,000","11,470,000","11,715,000","11,349,000","11,260,000","12,213,000","12,905,000","13,027,000","13,760,000","13,503,000","17,749,000","22,500,000","24,700,000","29,300,000","34,500,000","33,700,000","33,600,000","32,800,000","26,400,000","25,400,000","22,000,000","17,100,000","18,100,000","13,300,000","15,000,000","12,500,000","13,200,000","13,600,000","12,300,000","11,700,000","12,300,000","10,200,000","9,400,000","8,500,000","11,300,000","12,200,000","14,200,000","14,500,000","12,900,000","13,000,000","13,300,000","12,300,000","13,000,000","11,300,000","14,200,000","15,800,000","13,600,000","11,500,000","12,900,000","11,800,000","11,800,000","12,300,000","11,700,000",,,,,,,,,,,,,,,,
NetIncomeFromContinuingOperationNetMinorityInterest,"1,993,000,000","564,000,000","610,000,000","622,000,000","197,000,000","62,000,000","-60,000,000","148,000,000","17,000,000","-139,000,000","-276,000,000","-197,000,000","-581,000,000","-487,000,000","511,000,000","756,000,000","61,000,000","-823,000,000","681,000,000","280,000,000","248,000,000","235,000,000","-366,000,000","-366,000,000","74,000,000","251,000,000","283,000,000","220,000,000","384,000,000","438,000,000","423,000,000","317,000,000","375,000,000","430,000,000","495,000,000","-265,000,000","391,000,000","335,000,000","519,000,000","745,000,000","483,000,000","145,000,000","239,000,000","158,000,000","146,000,000","225,000,000","197,000,000","264,000,000","400,000,000","429,000,000","288,000,000","196,000,000","50,000,000","14,000,000","211,000,000","213,000,000","280,000,000","305,000,000","69,000,000","212,000,000","121,000,000","128,000,000","103,000,000","118,600,000","102,900,000","104,300,000","68,800,000","41,200,000","70,800,000","56,000,000","30,400,000","29,600,000","47,900,000","68,800,000","5,000,000","31,043,000","54,502,000","73,040,000","22,215,000","25,370,000","19,184,000","12,695,000","-4,014,000","-30,123,000","-3,418,000","-8,788,000","-44,763,000","4,165,000","-70,669,000","-91,500,000","-196,900,000","-101,500,000","-114,300,000","-82,300,000","-194,700,000","-162,700,000","-45,000,000","-145,200,000","62,700,000","87,900,000","82,600,000","64,200,000","32,900,000","32,700,000","19,400,000","36,400,000","8,300,000","26,400,000","19,700,000","42,600,000","34,700,000","37,300,000","28,400,000","12,500,000","-5,100,000","-37,800,000","1,600,000","6,900,000","4,200,000","4,000,000","-18,600,000","-20,400,000","-37,900,000","-26,600,000","-10,800,000","-98,500,000","1,700,000","9,500,000","8,800,000","8,600,000","-2,700,000",,,,,,,,,,,,,,,,
TotalUnusualItemsExcludingGoodwill,"52,000,000","-2,000,000","-18,000,000","4,000,000","68,000,000","-2,000,000","-23,000,000","-7,000,000","-8,000,000","-9,000,000","-8,000,000","-24,000,000","-76,000,000","-20,000,000","-46,000,000","-80,000,000","-35,000,000","-48,000,000","-52,000,000","-80,000,000","-39,000,000","-45,000,000","-68,000,000","-90,000,000","-140,000,000","-59,000,000","-56,000,000","-104,000,000","-10,000,000","-54,000,000","-23,000,000","-108,000,000","-13,000,000","-13,000,000","-13,000,000","-689,000,000","-63,000,000","-41,000,000",,,,,,"0","0",,"0","0","0","0","0","23,000,000","-18,000,000","-113,000,000",,"0",,,"-49,000,000",,,,,,,,,,,,,,,,,,,"-780,000",,,"-492,000",,,"-52,000,000",,,"-738,000","-5,132,000","-14,513,000","-25,500,000","-32,300,000","-34,300,000","-36,800,000","4,800,000","5,300,000","11,900,000","-500,000","2,000,000","2,600,000","3,500,000","3,100,000","3,700,000","2,900,000","3,000,000","3,300,000","20,400,000","3,600,000","3,900,000","2,400,000","2,700,000","2,900,000",,,,,,,,,"1,700,000",,"15,800,000",,,,"-66,000,000",,"0","200,000","1,100,000",,,,,,,,,,,,,,,,,
TotalUnusualItems,"52,000,000","-2,000,000","-18,000,000","4,000,000","68,000,000","-2,000,000","-23,000,000","-7,000,000","-8,000,000","-9,000,000","-8,000,000","-24,000,000","-76,000,000","-20,000,000","-46,000,000","-80,000,000","-35,000,000","-48,000,000","-52,000,000","-80,000,000","-39,000,000","-45,000,000","-68,000,000","-90,000,000","-140,000,000","-59,000,000","-56,000,000","-104,000,000","-10,000,000","-54,000,000","-23,000,000","-108,000,000","-13,000,000","-13,000,000","-13,000,000","-689,000,000","-63,000,000","-41,000,000",,,,,,"0","0",,"0","0","0","0","0","23,000,000","-18,000,000","-113,000,000",,"0",,,"-49,000,000",,,,,,,,,,,,,,,,,,,"-780,000",,,"-492,000",,,"-52,000,000",,,"-738,000","-5,132,000","-14,513,000","-25,500,000","-32,300,000","-34,300,000","-36,800,000","4,800,000","5,300,000","11,900,000","-500,000","2,000,000","2,600,000","3,500,000","3,100,000","3,700,000","2,900,000","3,000,000","3,300,000","20,400,000","3,600,000","3,900,000","2,400,000","2,700,000","2,900,000",,,,,,,,,"1,700,000",,"15,800,000",,,,"-66,000,000",,"0","200,000","1,100,000",,,,,,,,,,,,,,,,,
NormalizedEBITDA,"3,452,000,000","966,000,000","1,050,000,000","923,000,000","513,000,000","504,000,000","478,000,000","656,000,000","537,000,000","473,000,000","299,000,000","83,000,000","161,000,000","691,000,000","1,225,000,000","1,412,000,000","566,000,000","1,554,000,000","1,500,000,000","1,242,000,000","1,108,000,000","1,085,000,000","541,000,000","251,000,000","480,000,000","568,000,000","619,000,000","613,000,000","719,000,000","814,000,000","785,000,000","775,000,000","743,000,000","811,000,000","870,000,000","773,000,000","792,000,000","831,000,000","907,000,000","1,150,000,000","733,000,000","305,000,000","420,000,000","325,000,000","311,000,000","393,000,000","363,000,000","427,000,000","571,000,000","600,000,000","441,000,000","308,000,000","199,000,000","364,000,000","351,000,000","354,000,000","409,000,000","443,000,000","311,000,000","140,000,000","170,000,000","171,000,000","144,000,000","136,600,000","142,600,000","142,900,000","103,500,000","76,000,000","106,400,000","89,100,000","60,200,000","209,300,000","75,700,000","97,100,000","26,300,000","42,485,000","69,951,000","88,625,000","36,919,000","38,674,000","30,259,000","20,939,000","7,090,000","86,544,000","9,435,000","3,400,000","-28,633,000","3,558,000","-23,894,000","-14,900,000","-102,200,000","-12,200,000","2,300,000","-50,100,000","-163,600,000","-141,600,000","-31,300,000","-123,800,000","91,500,000","113,400,000","109,000,000","81,300,000","47,800,000","40,600,000","29,000,000","14,400,000","14,900,000","35,000,000","30,600,000","54,800,000","44,400,000","52,100,000","46,900,000","29,500,000","12,200,000","-21,000,000","18,400,000","24,800,000","21,800,000","19,300,000","-100,000","-20,800,000","-18,000,000","74,500,000","7,500,000","50,400,000","17,300,000","26,100,000","25,300,000","22,400,000","12,600,000","-689,800,000","243,200,000","258,400,000","247,000,000","-434,600,000","190,700,000","160,700,000","140,100,000","-263,800,000","122,000,000","109,800,000","83,700,000","-167,400,000","71,000,000","64,000,000","62,900,000"
TaxRateForCalcs,"0.092","0.13","0.13","0.27","0.21","0.27","0.27","0.2","0.27","0.27","0.27","0.27","0.27","0.27","0.12","0.27","0.27","0.4","0.04","0.325","0.18","0.27","0.4","0.245","0.075","0.4","0.099","0.109","0.068","0.044","0.08","0.086","0.076","0.079","0.07","0.35","0.037","0.284","0.102","0.071","0.102","0.094","0.074","0.076","0.082","0.059","0.066","0.096","0.091","0.089","0.091","0.053","0.138","0.35","0.083","0.101","0.034","0.035","0.35","0.35","0.008","0.4","0.028","0.4","0.025","0.026","0.023","0.4","0.025","0.024","0.026","0.007","0.022","0.035","0.038","0.04","0.04","0.03","0.075","0.019","0.4","0.4","0.4","0.4","0.4","0.4","0.4","0.4","0.4","0.4","0.4","0.4","0.4","0.4","0.4","0","0.233","0.4","0.16","0.15","0.15","0.15","0.152","0.041","0.13","0.125","0.153","0.148","0.147","0.15","0.15","0.15","0.15","0.094","0.4","0.4","0.4","0.104","0.106","0.091","0.4","0.4","0.4","0.053","0.4","0.4","0.261","0.264","0.241","0.131","0.4",,,,,,,,,,,,,,,,
TaxEffectOfUnusualItems,"4,785,421.412","-260,000","-2,340,000","1,080,000","14,280,000","-540,000","-6,210,000","-1,400,000","-2,160,000","-2,430,000","-2,160,000","-6,480,000","-20,520,000","-5,400,000","-5,520,000","-21,600,000","-9,450,000","-19,200,000","-2,080,000","-26,024,096.386","-7,020,000","-12,150,000","-27,200,000","-22,082,474.227","-10,500,000","-23,600,000","-5,528,662.42","-11,368,421.053","-679,611.65","-2,358,078.603","-1,850,000","-9,337,175.793","-992,610.837","-1,029,978.587","-904,135.338","-241,150,000","-2,327,586.207","-11,651,709.402","0","0","0","0","0","0","0","0","0","0","0","0","0","1,222,222.222","-2,482,758.621","-39,550,000","0","0","0","0","-17,150,000","0","0","0","0","0","0","0","0","0","0","0","0","0","0","0","0","0","0","-23,038.412","0","0","-196,800","0","0","-20,800,000","0","0","-295,200","-2,052,800","-5,805,200","-10,200,000","-12,920,000","-13,720,000","-14,720,000","1,920,000","2,120,000","0","-116,695.06","800,000","414,745.308","524,661.509","465,637.86","553,774.834","440,979.381","123,167.155","429,147.982","2,550,000","551,020.408","578,709.677","353,246.753","404,191.617","433,578.431","0","0","0","0","0","0","0","0","154,545.455","0","6,320,000","0","0","0","-26,400,000","0","0","48,275.862","144,444.444","0",,,,,,,,,,,,,,,,