name,ttm,12/31/2021,09/30/2021,06/30/2021,03/31/2021,12/31/2020,09/30/2020,06/30/2020,03/31/2020,12/31/2019,09/30/2019,06/30/2019,03/31/2019,12/31/2018,09/30/2018,06/30/2018,03/31/2018,12/31/2017,09/30/2017,06/30/2017,03/31/2017,12/31/2016,09/30/2016,06/30/2016,03/31/2016,12/31/2015,09/30/2015,06/30/2015,03/31/2015,12/31/2014,09/30/2014,06/30/2014,03/31/2014,12/31/2013,09/30/2013,06/30/2013,03/31/2013,12/31/2012,09/30/2012,06/30/2012,03/31/2012,12/31/2011,09/30/2011,06/30/2011,03/31/2011,12/31/2010,09/30/2010,06/30/2010,03/31/2010,12/31/2009,09/30/2009,06/30/2009,03/31/2009,12/31/2008,09/30/2008,06/30/2008,03/31/2008,12/31/2007,09/30/2007,06/30/2007,03/31/2007,12/31/2006,09/30/2006,06/30/2006,03/31/2006,12/31/2005,09/30/2005,06/30/2005,03/31/2005,12/31/2004,09/30/2004,06/30/2004,03/31/2004,12/31/2003,09/30/2003,06/30/2003,03/31/2003,12/31/2002,09/30/2002,06/30/2002,03/31/2002,12/31/2001,09/30/2001,06/30/2001,03/31/2001,12/31/2000,09/30/2000,06/30/2000,03/31/2000,12/31/1999,09/30/1999,06/30/1999,03/31/1999,12/31/1998,09/30/1998,06/30/1998,03/31/1998,12/31/1997,09/30/1997,06/30/1997,03/31/1997,12/31/1996,09/30/1996,06/30/1996,03/31/1996,12/31/1995,09/30/1995,06/30/1995,03/31/1995,12/31/1994,09/30/1994,06/30/1994,03/31/1994,12/31/1993,09/30/1993,06/30/1993,03/31/1993,12/31/1992,09/30/1992,06/30/1992,03/31/1992,12/31/1991,09/30/1991,06/30/1991,03/31/1991,12/31/1990,09/30/1990,06/30/1990,03/31/1990,12/31/1989,09/30/1989,06/30/1989,03/31/1989,12/31/1988,09/30/1988,06/30/1988,03/31/1988,12/31/1987,09/30/1987,06/30/1987,03/31/1987,12/31/1986,09/30/1986,06/30/1986,03/31/1986,12/31/1985,09/30/1985
TotalRevenue,"21,985,000,000","5,815,000,000","5,488,000,000","5,324,000,000","5,358,000,000","5,798,000,000","5,291,000,000","4,042,000,000","4,325,000,000","5,382,000,000","5,091,000,000","5,186,000,000","4,760,000,000","5,660,000,000","5,326,000,000","5,140,000,000","4,911,000,000","5,702,000,000","5,418,000,000","5,347,000,000","4,786,000,000","5,656,000,000","5,248,000,000","5,198,000,000","4,616,000,000","5,560,000,000","5,277,000,000","5,208,000,000","4,846,000,000","6,003,000,000","4,824,000,000","4,682,000,000","4,363,000,000","5,090,000,000","4,683,000,000","4,748,000,000","4,248,000,000","4,788,000,000","4,495,000,000","4,511,000,000","4,349,000,000","4,911,000,000","4,625,000,000","4,730,000,000","4,401,000,000","5,041,000,000","4,519,000,000","4,534,000,000","4,272,000,000","4,864,000,000","4,497,000,000","4,169,000,000","3,569,000,000","4,315,000,000","4,902,000,000","5,076,000,000","4,614,000,000","5,325,000,000","4,840,000,000","4,854,000,000","4,389,000,000","4,954,000,000","4,843,000,000","4,734,000,000","3,536,000,000","3,954,000,000","3,599,000,000","3,556,000,000","3,208,000,000","3,632,000,000","3,318,000,000","3,264,000,000","3,007,000,000","3,359,000,000","3,113,000,000","2,988,000,000","2,716,000,000","2,946,000,000","2,759,000,000","2,737,000,000","2,574,000,000","2,648,000,000","2,594,000,000","2,585,000,000","2,517,000,000","2,579,000,000","2,570,000,000","2,586,000,000","2,590,000,000","2,689,000,000","2,719,000,000","2,617,000,000","2,486,000,000","2,735,000,000","2,539,000,000","2,585,000,000","2,464,000,000","2,510,000,000","2,043,000,000","2,117,000,000","2,038,000,000","2,165,000,000","2,200,000,000","2,272,000,000","2,059,000,000","2,093,000,000","2,154,000,000","2,115,000,000","1,985,000,000","2,099,000,000","2,085,000,000","2,050,000,000","1,870,000,000","1,904,000,000","1,909,000,000","1,912,000,000","1,808,000,000","1,997,000,000","1,860,000,000","1,781,000,000","1,663,000,000","1,644,000,000","1,619,000,000","1,723,000,000","1,564,000,000","1,560,000,000","1,612,000,000","1,664,000,000","1,597,700,000","1,572,000,000","1,501,700,000","1,638,800,000","1,576,100,000","994,000,000","1,151,800,000","1,126,900,000","1,041,800,000","972,100,000","1,109,300,000","1,136,600,000","961,000,000","942,900,000","1,120,000,000","1,075,300,000","870,600,000","826,500,000","890,500,000"
	OperatingRevenue,"21,985,000,000","5,815,000,000","5,488,000,000","5,324,000,000","5,358,000,000","5,798,000,000","5,291,000,000","4,042,000,000","4,325,000,000","5,382,000,000","5,091,000,000","5,186,000,000","4,760,000,000","5,660,000,000","5,326,000,000","5,140,000,000","4,911,000,000","5,702,000,000","5,418,000,000","5,347,000,000","4,786,000,000","5,656,000,000","5,248,000,000","5,198,000,000","4,616,000,000","5,560,000,000","5,277,000,000","5,208,000,000","4,846,000,000","6,003,000,000","4,824,000,000","4,682,000,000","4,363,000,000","5,090,000,000","4,683,000,000","4,748,000,000","4,248,000,000","4,788,000,000","4,495,000,000","4,511,000,000","4,349,000,000","4,911,000,000","4,625,000,000","4,730,000,000","4,401,000,000","5,041,000,000","4,519,000,000","4,534,000,000","4,272,000,000","4,864,000,000","4,497,000,000","4,169,000,000","3,569,000,000","4,315,000,000","4,902,000,000","5,076,000,000","4,614,000,000","5,325,000,000","4,840,000,000","4,854,000,000","4,389,000,000","4,954,000,000","4,843,000,000","4,734,000,000","3,536,000,000","3,954,000,000","3,599,000,000","3,556,000,000","3,208,000,000","3,632,000,000","3,318,000,000","3,264,000,000","3,007,000,000","3,359,000,000","3,113,000,000","2,988,000,000","2,716,000,000","2,946,000,000","2,759,000,000","2,737,000,000","2,574,000,000","2,648,000,000","2,594,000,000","2,585,000,000","2,517,000,000","2,579,000,000","2,570,000,000","2,586,000,000","2,590,000,000","2,689,000,000","2,719,000,000","2,617,000,000","2,486,000,000","2,735,000,000","2,539,000,000","2,585,000,000","2,464,000,000","2,510,000,000","2,043,000,000","2,117,000,000","2,038,000,000","2,165,000,000","2,200,000,000","2,272,000,000","2,059,000,000","2,093,000,000","2,154,000,000","2,115,000,000","1,985,000,000","2,099,000,000","2,085,000,000","2,050,000,000","1,870,000,000","1,904,000,000","1,909,000,000","1,912,000,000","1,808,000,000","1,997,000,000","1,860,000,000","1,781,000,000","1,663,000,000","1,644,000,000","1,619,000,000","1,723,000,000","1,564,000,000","1,560,000,000","1,612,000,000","1,664,000,000","1,597,700,000","1,572,000,000","1,501,700,000","1,638,800,000","1,576,100,000","994,000,000","1,151,800,000","1,126,900,000","1,041,800,000","972,100,000","1,109,300,000","1,136,600,000","961,000,000","942,900,000","1,120,000,000","1,075,300,000","870,600,000","826,500,000","890,500,000"
CostOfRevenue,"17,576,000,000","4,753,000,000","4,380,000,000","4,234,000,000","4,210,000,000","4,434,000,000","4,136,000,000","3,411,000,000","3,625,000,000","4,334,000,000","4,350,000,000","4,254,000,000","3,948,000,000","4,710,000,000","4,431,000,000","4,260,000,000","4,099,000,000","4,717,000,000","4,503,000,000","4,471,000,000","3,960,000,000","4,701,000,000","4,310,000,000","4,230,000,000","3,795,000,000","4,558,000,000","4,347,000,000","4,303,000,000","3,993,000,000","4,977,000,000","3,997,000,000","3,895,000,000","3,608,000,000","4,181,000,000","3,837,000,000","3,931,000,000","3,522,000,000","3,979,000,000","3,791,000,000","3,782,000,000","3,698,000,000","4,198,000,000","4,052,000,000","4,061,000,000","3,778,000,000","4,375,000,000","3,871,000,000","3,773,000,000","3,633,000,000","4,176,000,000","3,877,000,000","3,615,000,000","3,045,000,000","3,842,000,000","4,217,000,000","4,324,000,000","4,000,000,000","4,487,000,000","4,148,000,000","4,121,000,000","3,761,000,000","4,259,000,000","4,139,000,000","4,034,000,000","2,979,000,000","3,094,000,000","2,831,000,000","2,825,000,000","2,520,000,000","2,896,000,000","2,604,000,000","2,539,000,000","2,320,000,000","2,563,000,000","2,418,000,000","2,332,000,000","2,094,000,000","2,266,000,000","2,114,000,000","2,103,000,000","1,982,000,000","1,989,000,000","1,988,000,000","1,989,000,000","1,959,000,000","1,885,000,000","1,885,000,000","1,849,000,000","1,848,000,000","1,889,000,000","1,948,000,000","1,865,000,000","1,767,000,000","1,958,000,000","1,828,000,000","1,856,000,000","1,764,000,000","1,788,000,000","1,518,000,000","1,507,000,000","1,453,000,000","1,596,000,000","1,591,000,000","1,644,000,000","1,474,000,000","1,528,000,000","1,541,000,000","1,510,000,000","1,354,000,000","1,473,000,000","1,470,000,000","1,447,000,000","1,298,000,000","1,317,000,000","1,330,000,000","1,353,000,000","1,270,000,000","1,202,000,000","1,366,000,000","1,301,000,000","1,222,000,000","1,246,000,000","1,163,300,000","1,266,500,000","1,136,000,000","1,148,000,000","1,195,300,000","1,231,500,000","1,180,800,000",,,,,,,,,,,,,,,,,,
GrossProfit,"4,409,000,000","1,062,000,000","1,108,000,000","1,090,000,000","1,148,000,000","1,364,000,000","1,155,000,000","631,000,000","700,000,000","1,048,000,000","741,000,000","932,000,000","812,000,000","950,000,000","895,000,000","880,000,000","812,000,000","985,000,000","915,000,000","876,000,000","826,000,000","955,000,000","938,000,000","968,000,000","821,000,000","1,002,000,000","930,000,000","905,000,000","853,000,000","1,026,000,000","827,000,000","787,000,000","755,000,000","909,000,000","846,000,000","817,000,000","726,000,000","809,000,000","704,000,000","729,000,000","651,000,000","713,000,000","573,000,000","669,000,000","623,000,000","666,000,000","648,000,000","761,000,000","639,000,000","688,000,000","620,000,000","554,000,000","524,000,000","473,000,000","685,000,000","752,000,000","614,000,000","838,000,000","692,000,000","733,000,000","628,000,000","695,000,000","704,000,000","700,000,000","557,000,000","860,000,000","768,000,000","731,000,000","688,000,000","736,000,000","714,000,000","725,000,000","687,000,000","796,000,000","695,000,000","656,000,000","622,000,000","680,000,000","645,000,000","634,000,000","592,000,000","659,000,000","606,000,000","596,000,000","558,000,000","694,000,000","685,000,000","737,000,000","742,000,000","800,000,000","771,000,000","752,000,000","719,000,000","777,000,000","711,000,000","729,000,000","700,000,000","722,000,000","525,000,000","610,000,000","585,000,000","569,000,000","609,000,000","628,000,000","585,000,000","565,000,000","613,000,000","605,000,000","631,000,000","626,000,000","615,000,000","603,000,000","572,000,000","587,000,000","579,000,000","559,000,000","538,000,000","795,000,000","494,000,000","480,000,000","441,000,000","398,000,000","455,700,000","456,500,000","428,000,000","412,000,000","416,700,000","432,500,000","416,900,000",,,,,,,,,,,,,,,,,,
OperatingExpense,"2,128,000,000","565,000,000","534,000,000","519,000,000","510,000,000","539,000,000","529,000,000","436,000,000","435,000,000","578,000,000","508,000,000","602,000,000","523,000,000","610,000,000","568,000,000","561,000,000","525,000,000","593,000,000","539,000,000","543,000,000","516,000,000","563,000,000","539,000,000","562,000,000","491,000,000","566,000,000","547,000,000","574,000,000","517,000,000","710,000,000","454,000,000","462,000,000","445,000,000","500,000,000","465,000,000","458,000,000","430,000,000","492,000,000","428,000,000","455,000,000","412,000,000","429,000,000","401,000,000","432,000,000","387,000,000","448,000,000","398,000,000","408,000,000","378,000,000","434,000,000","407,000,000","397,000,000","334,000,000","386,000,000","484,000,000","509,000,000","447,000,000","491,000,000","421,000,000","470,000,000","385,000,000","490,000,000","472,000,000","474,000,000","344,000,000","611,000,000","554,000,000","533,000,000","501,000,000","564,000,000","526,000,000","516,000,000","483,000,000","551,000,000","491,000,000","461,000,000","433,000,000","475,000,000","443,000,000","433,000,000","407,000,000","439,000,000","699,000,000","412,000,000","413,000,000","527,000,000","512,000,000","505,000,000","507,000,000","559,000,000","533,000,000","547,000,000","530,000,000","596,000,000","531,000,000","571,000,000","531,000,000","273,000,000","789,000,000","483,000,000","483,000,000","504,000,000","493,000,000","511,000,000","482,000,000","589,000,000","465,000,000","484,000,000","480,000,000","457,000,000","442,000,000","441,000,000","414,000,000","415,000,000","416,000,000","410,000,000","437,000,000","477,000,000","385,000,000","375,000,000","360,000,000","305,000,000","373,700,000","385,500,000","357,000,000","375,000,000","359,700,000","354,500,000","329,400,000",,,,,,,,,,,,,,,,,,
	SellingGeneralAndAdministration,"2,081,000,000","555,000,000","524,000,000","509,000,000","493,000,000","523,000,000","513,000,000","421,000,000","420,000,000","562,000,000","491,000,000","584,000,000","505,000,000","593,000,000","550,000,000","541,000,000","505,000,000","566,000,000","521,000,000","526,000,000","499,000,000","546,000,000","521,000,000","544,000,000","473,000,000","547,000,000","529,000,000","556,000,000","498,000,000","694,000,000","448,000,000","457,000,000","439,000,000","494,000,000","460,000,000","453,000,000","421,000,000","485,000,000","420,000,000","447,000,000","405,000,000","422,000,000","394,000,000","425,000,000","380,000,000","441,000,000","391,000,000","401,000,000","371,000,000","427,000,000","400,000,000","390,000,000","327,000,000","379,000,000","477,000,000","502,000,000","440,000,000","484,000,000","414,000,000","463,000,000","375,000,000","480,000,000","462,000,000","465,000,000","344,000,000","611,000,000","554,000,000","533,000,000","501,000,000","562,000,000","526,000,000","516,000,000","483,000,000","547,000,000","491,000,000","461,000,000","433,000,000","456,000,000","442,000,000","432,000,000","406,000,000","436,000,000","392,000,000","405,000,000","406,000,000","440,000,000","417,000,000","389,000,000","405,000,000","457,000,000","437,000,000","437,000,000","421,000,000","498,000,000","421,000,000","456,000,000","416,000,000","165,000,000","706,000,000","393,000,000","392,000,000","421,000,000","405,000,000","418,000,000","393,000,000","526,000,000","380,000,000","404,000,000","396,000,000","396,000,000","374,000,000","373,000,000","347,000,000","377,000,000","348,000,000","337,000,000","371,000,000","391,000,000","322,000,000","313,000,000","297,000,000","245,000,000","316,000,000","327,000,000","294,000,000","295,000,000","304,000,000","293,000,000","273,100,000",,,,,,,,,,,,,,,,,,
	DepreciationAmortizationDepletionIncomeStatement,"47,000,000","10,000,000","10,000,000","10,000,000","17,000,000","16,000,000","16,000,000","15,000,000","15,000,000","16,000,000","17,000,000","18,000,000","18,000,000","17,000,000","18,000,000","20,000,000","20,000,000","27,000,000","18,000,000","17,000,000","17,000,000","17,000,000","18,000,000","18,000,000","18,000,000","19,000,000","18,000,000","18,000,000","19,000,000","16,000,000","6,000,000","5,000,000","6,000,000","6,000,000","5,000,000","5,000,000","9,000,000","7,000,000","8,000,000","8,000,000","7,000,000","7,000,000","7,000,000","7,000,000","7,000,000","7,000,000","7,000,000","7,000,000","7,000,000","7,000,000","7,000,000","7,000,000","7,000,000","7,000,000","7,000,000","7,000,000","7,000,000","7,000,000","7,000,000","7,000,000","10,000,000","10,000,000","10,000,000","9,000,000",,,,,,,,,,,,,,"10,000,000","1,000,000","1,000,000","1,000,000","8,000,000","7,000,000","7,000,000","7,000,000","87,000,000","95,000,000","116,000,000","102,000,000","102,000,000","96,000,000","110,000,000","109,000,000","98,000,000","110,000,000","115,000,000","115,000,000","108,000,000","83,000,000","90,000,000","91,000,000","83,000,000","88,000,000","93,000,000","89,000,000","63,000,000","85,000,000","80,000,000","84,000,000","61,000,000","68,000,000","68,000,000","67,000,000","38,000,000","68,000,000","73,000,000","66,000,000","86,000,000","63,000,000","62,000,000","63,000,000","60,000,000","57,700,000","58,500,000","63,000,000","80,000,000","55,700,000","61,500,000","56,300,000",,,,,,,,,,,,,,,,,,
		DepreciationAndAmortizationInIncomeStatement,"47,000,000","10,000,000","10,000,000","10,000,000","17,000,000","16,000,000","16,000,000","15,000,000","15,000,000","16,000,000","17,000,000","18,000,000","18,000,000","17,000,000","18,000,000","20,000,000","20,000,000","27,000,000","18,000,000","17,000,000","17,000,000","17,000,000","18,000,000","18,000,000","18,000,000","19,000,000","18,000,000","18,000,000","19,000,000","16,000,000","6,000,000","5,000,000","6,000,000","6,000,000","5,000,000","5,000,000","9,000,000","7,000,000","8,000,000","8,000,000","7,000,000","7,000,000","7,000,000","7,000,000","7,000,000","7,000,000","7,000,000","7,000,000","7,000,000","7,000,000","7,000,000","7,000,000","7,000,000","7,000,000","7,000,000","7,000,000","7,000,000","7,000,000","7,000,000","7,000,000","10,000,000","10,000,000","10,000,000","9,000,000",,,,,,,,,,,,,,"10,000,000","1,000,000","1,000,000","1,000,000","8,000,000","7,000,000","7,000,000","7,000,000","87,000,000","95,000,000","116,000,000","102,000,000","102,000,000","96,000,000","110,000,000","109,000,000","98,000,000","110,000,000","115,000,000","115,000,000","108,000,000","83,000,000","90,000,000","91,000,000","83,000,000","88,000,000","93,000,000","89,000,000","63,000,000","85,000,000","80,000,000","84,000,000","61,000,000","68,000,000","68,000,000","67,000,000","38,000,000","68,000,000","73,000,000","66,000,000","86,000,000","63,000,000","62,000,000","63,000,000","60,000,000","57,700,000","58,500,000","63,000,000","80,000,000","55,700,000","61,500,000","56,300,000",,,,,,,,,,,,,,,,,,
			Amortization,"47,000,000","10,000,000","10,000,000","10,000,000","17,000,000","16,000,000","16,000,000","15,000,000","15,000,000","16,000,000","17,000,000","18,000,000","18,000,000","17,000,000","18,000,000","20,000,000","20,000,000","27,000,000","18,000,000","17,000,000","17,000,000","17,000,000","18,000,000","18,000,000","18,000,000","19,000,000","18,000,000","18,000,000","19,000,000","16,000,000","6,000,000","5,000,000","6,000,000","6,000,000","5,000,000","5,000,000","9,000,000","7,000,000","8,000,000","8,000,000","7,000,000","7,000,000","7,000,000","7,000,000","7,000,000","7,000,000","7,000,000","7,000,000","7,000,000","7,000,000","7,000,000","7,000,000","7,000,000","7,000,000","7,000,000","7,000,000","7,000,000","7,000,000","7,000,000","7,000,000","10,000,000","10,000,000","10,000,000","9,000,000",,,,,,,,,,,,,,"10,000,000","1,000,000","1,000,000","1,000,000","8,000,000","7,000,000","7,000,000","7,000,000",,,,,,,,,,,,,,,,,,,,,,,,,,,,,,,,,,,,,,,,,,,,,,,,,,,,,,,,,,,,,,
				AmortizationOfIntangiblesIncomeStatement,"47,000,000","10,000,000","10,000,000","10,000,000","17,000,000","16,000,000","16,000,000","15,000,000","15,000,000","16,000,000","17,000,000","18,000,000","18,000,000","17,000,000","18,000,000","20,000,000","20,000,000","27,000,000","18,000,000","17,000,000","17,000,000","17,000,000","18,000,000","18,000,000","18,000,000","19,000,000","18,000,000","18,000,000","19,000,000","16,000,000","6,000,000","5,000,000","6,000,000","6,000,000","5,000,000","5,000,000","9,000,000","7,000,000","8,000,000","8,000,000","7,000,000","7,000,000","7,000,000","7,000,000","7,000,000","7,000,000","7,000,000","7,000,000","7,000,000","7,000,000","7,000,000","7,000,000","7,000,000","7,000,000","7,000,000","7,000,000","7,000,000","7,000,000","7,000,000","7,000,000","10,000,000","10,000,000","10,000,000","9,000,000",,,,,,,,,,,,,,"10,000,000","1,000,000","1,000,000","1,000,000","8,000,000","7,000,000","7,000,000","7,000,000",,,,,,,,,,,,,,,,,,,,,,,,,,,,,,,,,,,,,,,,,,,,,,,,,,,,,,,,,,,,,,
	OtherOperatingExpenses,,,,,,,,,,,,,,,,,,,,,,,,,,,,,,,,,,,,,,,,,,,,,,,,,,,,,,,,,,,,,,,,,,,,,,,,,,,,,,,,,,"-5,000,000","300,000,000",,,,,,,,,,,,,,,,,,,,,,,,,,,,,,,,,,,,,,,,,,,,,,,,,,,,,,,,,,,,,,,,
OperatingIncome,"2,281,000,000","497,000,000","574,000,000","571,000,000","638,000,000","825,000,000","626,000,000","195,000,000","265,000,000","470,000,000","233,000,000","330,000,000","289,000,000","340,000,000","327,000,000","319,000,000","287,000,000","392,000,000","376,000,000","333,000,000","310,000,000","392,000,000","399,000,000","406,000,000","330,000,000","436,000,000","383,000,000","331,000,000","336,000,000","316,000,000","373,000,000","325,000,000","310,000,000","409,000,000","381,000,000","359,000,000","296,000,000","317,000,000","276,000,000","274,000,000","239,000,000","284,000,000","172,000,000","237,000,000","236,000,000","218,000,000","250,000,000","353,000,000","261,000,000","254,000,000","213,000,000","157,000,000","190,000,000","87,000,000","201,000,000","243,000,000","167,000,000","347,000,000","271,000,000","263,000,000","243,000,000","205,000,000","232,000,000","226,000,000","213,000,000","249,000,000","214,000,000","198,000,000","187,000,000","172,000,000","188,000,000","209,000,000","204,000,000","245,000,000","204,000,000","195,000,000","189,000,000","205,000,000","202,000,000","201,000,000","185,000,000","220,000,000","-93,000,000","184,000,000","145,000,000","167,000,000","173,000,000","232,000,000","235,000,000","241,000,000","238,000,000","205,000,000","189,000,000","181,000,000","180,000,000","158,000,000","169,000,000","449,000,000","-264,000,000","127,000,000","102,000,000","65,000,000","116,000,000","117,000,000","103,000,000","-24,000,000","148,000,000","121,000,000","151,000,000","169,000,000","173,000,000","162,000,000","158,000,000","172,000,000","163,000,000","149,000,000","101,000,000","318,000,000","109,000,000","105,000,000","81,000,000","93,000,000","82,000,000","71,000,000","71,000,000","37,000,000","57,000,000","78,000,000","87,500,000","-4,242,500,000","1,501,700,000","1,638,800,000","1,576,100,000","-3,118,400,000","1,151,800,000","1,126,900,000","1,041,800,000","-2,941,800,000","1,109,300,000","1,136,600,000","961,000,000","-2,770,400,000","1,120,000,000","1,075,300,000","870,600,000","-2,372,100,000","890,500,000"
NetNonOperatingInterestIncomeExpense,"-16,000,000","-21,000,000","34,000,000","-9,000,000","-19,000,000","-64,000,000","-29,000,000","-34,000,000","-41,000,000","-93,000,000","-16,000,000","11,000,000","79,000,000","-53,000,000","-76,000,000","-137,000,000","-34,000,000","-58,000,000","-63,000,000","-62,000,000","-66,000,000","-27,000,000","-65,000,000","-80,000,000","-68,000,000","-98,000,000","-62,000,000","2,000,000","-96,000,000","-110,000,000","-74,000,000","-56,000,000","-67,000,000","-126,000,000","-59,000,000","-83,000,000","-64,000,000","-81,000,000","-87,000,000","-71,000,000","-72,000,000","-77,000,000","-78,000,000","-593,000,000","-54,000,000","127,000,000","-158,000,000","-124,000,000","-58,000,000","-41,000,000","-58,000,000","-58,000,000","-62,000,000",,,,,,,,,,,,,,,,,,,,,,,,,,,,,,,,,,,,,,,,,,,,,,,,,,,,,,,,,,,,,,,,,,,,,,,,,,,,,,,,,,,,,,,,,,,,,,
	InterestIncomeNonOperating,"159,000,000","20,000,000","78,000,000","36,000,000","26,000,000","-17,000,000","22,000,000","15,000,000","1,000,000","-54,000,000","29,000,000","63,000,000","130,000,000",,,,"8,000,000",,,,,,,,,,,"42,000,000",,,,,,,,,,,,,,,,,,,"104,000,000",,,,,"12,000,000",,,,,,,,,,,,,,,,,,,,,,,,,,,,,,,,,,,,,,,,,,,,,,,,,,,,,,,,,,,,,,,,,,,,,,,,,,,,,,,,,,,,,,,,,,,,,,,
	InterestExpenseNonOperating,"175,000,000","41,000,000","44,000,000","45,000,000","45,000,000","47,000,000","51,000,000","49,000,000","42,000,000","39,000,000","45,000,000","52,000,000","51,000,000","53,000,000","76,000,000","137,000,000","42,000,000","58,000,000","63,000,000","62,000,000","66,000,000","27,000,000","65,000,000","80,000,000","68,000,000","98,000,000","62,000,000","40,000,000","96,000,000","110,000,000","74,000,000","56,000,000","67,000,000","126,000,000","59,000,000","83,000,000","64,000,000","81,000,000","87,000,000","71,000,000","72,000,000","77,000,000","78,000,000","593,000,000","54,000,000","-127,000,000","158,000,000","124,000,000","58,000,000","41,000,000","58,000,000","58,000,000","62,000,000",,,,,,,,,,,,,,,,,,,,,,,,,,,,,,,,,,,,,,,,,,,,,,,,,,,,,,,,,,,,,,,,,,,,,,,,,,,,,,,,,,,,,,,,,,,,,,
OtherIncomeExpense,"67,000,000","-3,000,000","-22,000,000","112,000,000","-20,000,000","-109,000,000","-56,000,000","-118,000,000","-5,000,000","-46,000,000","460,000,000","-139,000,000","-26,000,000","-31,000,000","-28,000,000","-791,000,000","-144,000,000","-125,000,000","-45,000,000","-59,000,000","-46,000,000","-57,000,000","-29,000,000","-40,000,000","-47,000,000","-56,000,000","-54,000,000","-58,000,000","-33,000,000","-35,000,000","-38,000,000","-34,000,000","-29,000,000","-55,000,000","-68,000,000","-31,000,000","-42,000,000","-62,000,000","-62,000,000","-79,000,000","-34,000,000","-78,000,000","-36,000,000","-14,000,000","-27,000,000","-213,000,000","-16,000,000","-22,000,000","-32,000,000","-120,000,000","-75,000,000","-35,000,000","-71,000,000","-177,000,000","-24,000,000","-40,000,000","-8,000,000","-23,000,000","-12,000,000","-18,000,000","-19,000,000","-15,000,000","-7,000,000","-20,000,000","-11,000,000","-2,000,000","-12,000,000","-24,000,000","-7,000,000","10,000,000","-7,000,000","-10,000,000","-4,000,000","-16,000,000","-5,000,000","-13,000,000","-9,000,000","-118,000,000","-3,000,000","-49,000,000","-21,000,000","-109,000,000","-321,000,000","-19,000,000","-52,000,000","24,000,000","-14,000,000","3,000,000","-11,000,000","176,000,000","-29,000,000","6,000,000","-154,000,000","26,000,000","28,000,000","44,000,000","40,000,000","-341,000,000","8,000,000","28,000,000","18,000,000","35,000,000","-38,000,000","-2,000,000","-8,000,000","83,000,000","-11,000,000","-7,000,000","-6,000,000","-229,000,000","14,000,000","32,000,000","-14,000,000","-22,000,000","-19,000,000","-2,000,000","-2,000,000","-241,000,000","40,000,000","46,000,000","46,000,000","34,000,000","70,000,000","71,000,000","42,000,000","-29,000,000","107,000,000","45,000,000","35,300,000",,,,,,,,,,,,,,,,,,
	EarningsFromEquityInterest,,,,,,,,,,,,,,,,,,,,,,,,,,,,,,,,,,,,,,,,,,,,,,,,,,,,,,,,,,"-8,000,000","-6,000,000","-2,000,000","-2,000,000","0",,"1,000,000","1,000,000","0",,,,"2,000,000",,,"-3,000,000",,,,,"-2,000,000",,"-25,000,000",,"-6,000,000","-1,000,000","2,000,000","1,000,000",,,,,,,,,,,,,,,,,,,,,,,,,,,,,,,,,,,,,,,,,,,,,,,,,,,,,,,,,,,,,,
	SpecialIncomeCharges,"67,000,000","-3,000,000","-22,000,000","112,000,000","-20,000,000","-109,000,000","-56,000,000","-118,000,000","-5,000,000","-46,000,000","460,000,000","-139,000,000","-26,000,000","-31,000,000","-28,000,000","-791,000,000","-144,000,000","-125,000,000","-45,000,000","-59,000,000","-46,000,000","-57,000,000","-29,000,000","-40,000,000","-47,000,000","-56,000,000","-54,000,000","-58,000,000","-33,000,000","-35,000,000","-38,000,000","-34,000,000","-29,000,000","-55,000,000","-68,000,000","-31,000,000","-42,000,000","-62,000,000","-62,000,000","-79,000,000","-34,000,000","-78,000,000","-36,000,000","-14,000,000","-27,000,000","-213,000,000","-16,000,000","-22,000,000","-32,000,000","-120,000,000","-75,000,000","-35,000,000","-71,000,000","-177,000,000","-24,000,000","-40,000,000","-8,000,000","-15,000,000","-6,000,000","-16,000,000","-17,000,000","-15,000,000","-7,000,000","-21,000,000","-12,000,000","-2,000,000","-12,000,000","-24,000,000","-7,000,000","8,000,000","-7,000,000","-10,000,000","-1,000,000","-16,000,000","-5,000,000","-13,000,000","-9,000,000","-116,000,000","-3,000,000","-24,000,000","-21,000,000","-103,000,000","-320,000,000","-21,000,000","-53,000,000","24,000,000","-14,000,000","3,000,000","-11,000,000","176,000,000","-29,000,000","6,000,000","-154,000,000","26,000,000","28,000,000","44,000,000","40,000,000","-341,000,000","8,000,000","28,000,000","18,000,000","35,000,000","-38,000,000","-2,000,000","-8,000,000","83,000,000","-11,000,000","-7,000,000","-6,000,000","-229,000,000","14,000,000","32,000,000","-14,000,000","-22,000,000","-19,000,000","-2,000,000","-2,000,000","-241,000,000","40,000,000","46,000,000","46,000,000","34,000,000","70,000,000","71,000,000","42,000,000","-29,000,000","107,000,000","45,000,000","35,300,000",,,,,,,,,,,,,,,,,,
		RestructuringAndMergernAcquisition,"38,000,000","3,000,000","7,000,000","8,000,000","20,000,000","102,000,000","63,000,000","118,000,000","5,000,000","46,000,000","56,000,000","60,000,000","26,000,000","31,000,000","28,000,000","44,000,000","144,000,000","125,000,000","45,000,000","59,000,000","46,000,000","57,000,000","29,000,000","40,000,000","47,000,000","56,000,000","54,000,000","58,000,000","33,000,000","35,000,000","38,000,000","34,000,000","29,000,000","55,000,000","68,000,000","31,000,000","42,000,000","62,000,000","62,000,000","79,000,000","34,000,000","78,000,000","36,000,000","14,000,000","8,000,000","16,000,000","16,000,000","22,000,000","20,000,000","55,000,000","24,000,000","23,000,000","24,000,000","77,000,000","24,000,000","40,000,000","8,000,000","15,000,000","13,000,000","16,000,000","17,000,000","15,000,000","7,000,000","21,000,000","12,000,000","31,000,000","12,000,000","7,000,000","7,000,000","9,000,000","5,000,000",,"1,000,000",,,,,"84,000,000","3,000,000","13,000,000","1,000,000","83,000,000","5,000,000","14,000,000","48,000,000",,,,,,,,,,,,,,,,,,,,,,,,,,,,,,,,,,,,,,,,,,,,,,,,,,,,,,,,,,,,,,
		ImpairmentOfCapitalAssets,"0","0",,,,"7,000,000",,,,"0","0","0",,"0","0","747,000,000",,,,,,,,,,,,,,,,,,,,,,,,,,,,,,,,,,,,,,,,,,,,,,,,,,,,,,,,,,,,,,,,,,,,,,,,,,,,,,,,,,,,,,,,,,,,,,,,,,,,,,,,,,,,,,,,,,,,,,,,,,,,,,,,,,,
		OtherSpecialCharges,,,,,,,,,,,,,,,,,,,,,,,,,,,,,,,,,,,,,,,,,,,"27,000,000",,"19,000,000",,,,"12,000,000","65,000,000","51,000,000","12,000,000","47,000,000",,,,,"0","-7,000,000",,,,,,,,,"17,000,000",,,"2,000,000",,,,,,,"32,000,000",,"11,000,000","20,000,000","20,000,000","315,000,000","7,000,000","5,000,000",,,,,,,,,,,,,,,,,,,,,,,,,,,,,,,,,,,,,,,,,,,,,,,,,,,,,,,,,,,,,,
		GainOnSaleOfBusiness,"105,000,000","0","-15,000,000","120,000,000",,"0","7,000,000","0",,"0","516,000,000","-79,000,000",,,,,,,,,,,,,,,,,,,,,,,,,,,,,,,,,,,,,,,,,,,,,,,,,,,,,,,,,,,,,,,,,,,,,,,,,,,,,,,,,,,,,,,,,,,,,,,,,,,,,,,,,,,,,,,,,,,,,,,,,,,,,,,,,,,,,,,
		GainOnSaleOfPPE,,,"-15,000,000",,,,,,,,,,,,,,,,,,,,,,,,,,,,,,,,,,,,,,,,,,,,,,,,,,,,,,,,,,,,,,,,,,,,,,,,,,,,,,,,,,,,,,,,,,,,,,,,,,,,,,,,,,,,,,,,,,,,,,,,,,,,,,,,,,,,,,,,,,,,,,,,
PretaxIncome,"2,332,000,000","473,000,000","586,000,000","674,000,000","599,000,000","652,000,000","541,000,000","43,000,000","219,000,000","331,000,000","677,000,000","202,000,000","342,000,000","256,000,000","223,000,000","-609,000,000","109,000,000","209,000,000","268,000,000","212,000,000","198,000,000","308,000,000","305,000,000","286,000,000","215,000,000","282,000,000","267,000,000","275,000,000","207,000,000","171,000,000","261,000,000","235,000,000","214,000,000","228,000,000","254,000,000","245,000,000","190,000,000","174,000,000","127,000,000","124,000,000","133,000,000","129,000,000","58,000,000","-370,000,000","155,000,000","132,000,000","76,000,000","207,000,000","171,000,000","93,000,000","80,000,000","64,000,000","57,000,000","-109,000,000","122,000,000","130,000,000","103,000,000","237,000,000","196,000,000","200,000,000","171,000,000","133,000,000","182,000,000","137,000,000","165,000,000","153,000,000","171,000,000","140,000,000","133,000,000","133,000,000","149,000,000","169,000,000","164,000,000","192,000,000","162,000,000","144,000,000","143,000,000","55,000,000","157,000,000","114,000,000","129,000,000","67,000,000","-158,000,000","117,000,000","50,000,000","89,000,000","108,000,000","184,000,000","183,000,000","176,000,000","172,000,000","161,000,000","36,000,000","131,000,000","134,000,000","130,000,000","124,000,000","67,000,000","-271,000,000","97,000,000","66,000,000","68,000,000","40,000,000","73,000,000","56,000,000","22,000,000","94,000,000","79,000,000","114,000,000","-99,000,000","155,000,000","165,000,000","113,000,000","118,000,000","111,000,000","112,000,000","38,000,000","104,000,000","96,000,000","89,000,000","70,000,000","76,000,000","81,000,000","89,000,000","54,000,000","-54,000,000","99,000,000","72,000,000","65,900,000",,,,,,,,,,,,,,,,,,
TaxProvision,"518,000,000","165,000,000","100,000,000","94,000,000","159,000,000","151,000,000","143,000,000","18,000,000","72,000,000","43,000,000","313,000,000","130,000,000","-132,000,000","86,000,000","7,000,000","30,000,000","15,000,000","481,000,000","-4,000,000","33,000,000","40,000,000","122,000,000","61,000,000","-56,000,000","59,000,000","93,000,000","17,000,000","90,000,000","9,000,000","63,000,000","26,000,000","50,000,000","50,000,000","41,000,000","55,000,000","39,000,000","-67,000,000","46,000,000","47,000,000","4,000,000","36,000,000","-83,000,000","-123,000,000","-206,000,000","-24,000,000","-46,000,000","-7,000,000","-8,000,000","-3,000,000","-10,000,000","-13,000,000","-22,000,000","-16,000,000","-160,000,000","-46,000,000","2,000,000","3,000,000","39,000,000","8,000,000","29,000,000","41,000,000","-2,000,000","46,000,000","35,000,000","47,000,000","29,000,000","56,000,000","41,000,000","45,000,000","38,000,000","48,000,000","62,000,000","61,000,000","68,000,000","57,000,000","50,000,000","52,000,000","42,000,000","56,000,000","51,000,000","45,000,000","46,000,000","-64,000,000","43,000,000","17,000,000","23,000,000","41,000,000","63,000,000","71,000,000","63,000,000","65,000,000","62,000,000","8,000,000","48,000,000","56,000,000","49,000,000","56,000,000","17,000,000","-71,000,000","32,000,000","20,000,000","23,000,000","19,000,000","21,000,000","18,000,000","4,000,000","30,000,000","27,000,000","39,000,000","-8,000,000","57,000,000","81,000,000","46,000,000","49,000,000","41,000,000","38,000,000","20,000,000","42,000,000","41,000,000","36,000,000","35,000,000","36,000,000","33,000,000","31,000,000","30,000,000","0","39,000,000","35,000,000","36,400,000",,,,,,,,,,,,,,,,,,
EarningsFromEquityInterestNetOfTax,"-8,000,000","-6,000,000",,,,,,,,,,,,,,,,,,,,,,,,,,,,,,,,,,,,,,,,,"0","0","-1,000,000",,,,,,,,,,,,,,,,,,,,,,,,,,,,,,,,,,,,,,,,,,,,,,,,,,,,,,,,,,,,,,,,,,,,,,,,,,,,,,,,,,,,,,,,,,,,,,,,,,,,,,
NetIncomeCommonStockholders,"1,783,000,000","298,000,000","471,000,000","581,000,000","433,000,000","497,000,000","397,000,000","35,000,000","152,000,000","288,000,000","358,000,000","67,000,000","471,000,000","170,000,000","210,000,000","-657,000,000","94,000,000","-268,000,000","276,000,000","189,000,000","153,000,000","180,000,000","238,000,000","320,000,000","150,000,000","180,000,000","235,000,000","177,000,000","191,000,000","81,000,000","230,000,000","179,000,000","160,000,000","181,000,000","196,000,000","198,000,000","252,000,000","122,000,000","74,000,000","113,000,000","92,000,000","205,000,000","177,000,000","-161,000,000","169,000,000","171,000,000","79,000,000","205,000,000","164,000,000","95,000,000","87,000,000","78,000,000","68,000,000","44,000,000","163,000,000","117,000,000","94,000,000","187,000,000","175,000,000","161,000,000","117,000,000","109,000,000","117,000,000","91,000,000","118,000,000","126,000,000","114,000,000","96,000,000","86,000,000","97,000,000","101,000,000","106,000,000","101,000,000","124,000,000","105,000,000","94,000,000","91,000,000","-30,000,000","101,000,000","63,000,000","84,000,000",,"-94,000,000","53,000,000","41,000,000","66,000,000","67,000,000","121,000,000","112,000,000","113,000,000","107,000,000","99,000,000","28,000,000","83,000,000","78,000,000","84,000,000","80,000,000","92,000,000","-218,000,000","65,000,000","46,000,000","45,000,000","21,000,000","52,000,000","38,000,000","18,000,000","64,000,000","52,000,000","75,000,000","-91,000,000","98,000,000","84,000,000","67,000,000","69,000,000","70,000,000","74,000,000","-162,000,000","62,000,000","55,000,000","53,000,000","35,000,000","40,000,000","48,000,000","58,000,000","24,000,000","-54,000,000","60,000,000","37,000,000","29,500,000",,,,,,,,,,,,,,,,,,
	NetIncome,"1,783,000,000","298,000,000","471,000,000","581,000,000","433,000,000","497,000,000","397,000,000","35,000,000","152,000,000","288,000,000","358,000,000","67,000,000","471,000,000","170,000,000","210,000,000","-657,000,000","94,000,000","-268,000,000","276,000,000","189,000,000","153,000,000","180,000,000","238,000,000","320,000,000","150,000,000","180,000,000","235,000,000","177,000,000","191,000,000","81,000,000","230,000,000","179,000,000","160,000,000","181,000,000","196,000,000","198,000,000","252,000,000","122,000,000","74,000,000","113,000,000","92,000,000","205,000,000","177,000,000","-161,000,000","169,000,000","171,000,000","79,000,000","205,000,000","164,000,000","95,000,000","87,000,000","78,000,000","68,000,000","44,000,000","163,000,000","117,000,000","94,000,000","187,000,000","175,000,000","161,000,000","117,000,000","109,000,000","117,000,000","91,000,000","118,000,000","126,000,000","114,000,000","96,000,000","86,000,000","97,000,000","101,000,000","106,000,000","101,000,000","124,000,000","105,000,000","94,000,000","91,000,000","-30,000,000","101,000,000","63,000,000","84,000,000",,"-94,000,000","53,000,000","41,000,000","66,000,000","67,000,000","121,000,000","112,000,000","113,000,000","107,000,000","99,000,000","28,000,000","83,000,000","78,000,000","84,000,000","80,000,000","92,000,000","-218,000,000","65,000,000","46,000,000","45,000,000","21,000,000","52,000,000","38,000,000","18,000,000","64,000,000","52,000,000","75,000,000","-91,000,000","98,000,000","84,000,000","67,000,000","69,000,000","70,000,000","74,000,000","-162,000,000","62,000,000","55,000,000","53,000,000","35,000,000","40,000,000","48,000,000","58,000,000","24,000,000","-54,000,000","60,000,000","37,000,000","29,500,000",,,,,,,,,,,,,,,,,,
		NetIncomeIncludingNoncontrollingInterests,"1,806,000,000","300,000,000","486,000,000","580,000,000","440,000,000","501,000,000","398,000,000","25,000,000","147,000,000","288,000,000","364,000,000","72,000,000","474,000,000","170,000,000","216,000,000","-639,000,000","94,000,000","-272,000,000","272,000,000","179,000,000","158,000,000","186,000,000","244,000,000","342,000,000","156,000,000","189,000,000","250,000,000","185,000,000","198,000,000","108,000,000","235,000,000","185,000,000","164,000,000","187,000,000","199,000,000","206,000,000","257,000,000","128,000,000","80,000,000","120,000,000","97,000,000","213,000,000","181,000,000","-164,000,000","178,000,000","178,000,000","83,000,000","215,000,000","174,000,000","102,000,000","93,000,000","86,000,000","73,000,000","51,000,000","168,000,000","128,000,000","100,000,000","190,000,000","182,000,000","169,000,000","121,000,000","111,000,000","119,000,000","94,000,000","119,000,000","124,000,000","115,000,000","99,000,000","88,000,000","97,000,000","101,000,000","107,000,000","100,000,000","128,000,000","108,000,000","96,000,000","93,000,000","-24,000,000","104,000,000","66,000,000","85,000,000","33,000,000","-91,000,000","58,000,000","40,000,000","70,000,000","69,000,000","126,000,000","115,000,000","119,000,000","103,000,000","105,000,000","-14,000,000","96,000,000","82,000,000","91,000,000","102,000,000","75,000,000","-240,000,000","61,000,000","44,000,000","37,000,000","18,000,000","50,000,000","37,000,000","18,000,000","66,000,000","53,000,000","77,000,000","-84,000,000","101,000,000","87,000,000","71,000,000","75,000,000","73,000,000","67,000,000","-162,000,000","62,000,000","55,000,000","53,000,000","35,000,000","40,000,000","48,000,000","58,000,000","29,000,000","-56,000,000","63,000,000","39,000,000","31,200,000","49,400,000","46,700,000","50,400,000","40,700,000","-12,000,000","31,500,000","41,400,000","33,200,000","40,400,000","44,600,000","47,400,000","48,700,000","42,300,000","55,800,000","52,400,000","49,300,000","49,700,000","44,700,000"
			NetIncomeContinuousOperations,"1,806,000,000","300,000,000","486,000,000","580,000,000","440,000,000","501,000,000","398,000,000","25,000,000","147,000,000","288,000,000","364,000,000","72,000,000","474,000,000","170,000,000","216,000,000","-639,000,000","94,000,000","-272,000,000","272,000,000","179,000,000","158,000,000","186,000,000","244,000,000","342,000,000","156,000,000","189,000,000","250,000,000","185,000,000","198,000,000","108,000,000","235,000,000","185,000,000","164,000,000","187,000,000","199,000,000","206,000,000","257,000,000","128,000,000","80,000,000","120,000,000","97,000,000","213,000,000","181,000,000","-164,000,000","178,000,000","178,000,000","83,000,000","215,000,000","174,000,000","102,000,000","93,000,000","86,000,000","73,000,000","73,000,000","163,000,000","117,000,000","94,000,000","187,000,000","175,000,000","161,000,000","124,000,000","133,000,000","134,000,000","100,000,000","118,000,000","126,000,000","114,000,000","96,000,000","86,000,000","97,000,000","101,000,000","106,000,000","101,000,000","124,000,000","105,000,000","94,000,000","91,000,000","13,000,000","101,000,000","63,000,000","84,000,000","21,000,000","-94,000,000","74,000,000","33,000,000","66,000,000","67,000,000","121,000,000","112,000,000","113,000,000","107,000,000","99,000,000","28,000,000","83,000,000","78,000,000","81,000,000","68,000,000","50,000,000","-200,000,000","65,000,000","46,000,000","45,000,000","21,000,000","52,000,000","38,000,000","18,000,000","64,000,000","52,000,000","75,000,000","-91,000,000","98,000,000","84,000,000","67,000,000","69,000,000","70,000,000","74,000,000","18,000,000","62,000,000","55,000,000","53,000,000","35,000,000","40,000,000","48,000,000","58,000,000","24,000,000","-54,000,000","60,000,000","37,000,000","29,500,000","49,400,000","46,700,000","50,400,000","40,700,000","40,900,000","36,600,000","46,700,000","37,100,000","40,400,000","44,600,000","47,400,000","48,700,000","42,300,000","55,800,000","52,400,000","49,300,000","49,700,000","44,700,000"
			NetIncomeDiscontinuousOperations,,,,,,,,,,,,,,,,,,,,,,,,,,,,,,,,,,,,,,,,,,,,,,,,,,,,,,,,,,"0",,,"-7,000,000","-24,000,000","-17,000,000","-9,000,000",,,,,,,,,,,,,,,,,,"0",,"-21,000,000",,,,,,,,,,"0",,"3,000,000","12,000,000","42,000,000","-18,000,000",,,,,,,,,,,,,,,,,,,,,,,,,,,,,,,,,,,"-52,900,000","-5,100,000","-5,300,000","-3,900,000",,,,,,,,,,
			NetIncomeExtraordinary,,,,,,,,,,,,,,,,,,,,,,,,,,,,,,,,,,,,,,,,,,,,,,,,,,,,,,,,,,,,,,,,,,,,,,,,,,,,,,"0",,,,"0",,,"8,000,000",,,,,,,,,,,,,,,,,,,,,,,,,,,,,"0",,,"-180,000,000",,,,,,,,,,,,,,,,,,,,,,,,,,,,,,
		MinorityInterests,"-23,000,000","-2,000,000","-15,000,000","1,000,000","-7,000,000","-4,000,000","-1,000,000","10,000,000","5,000,000","0","-6,000,000","-5,000,000","-3,000,000","0","-6,000,000","-18,000,000","0","4,000,000","4,000,000","10,000,000","-5,000,000","-6,000,000","-6,000,000","-22,000,000","-6,000,000","-9,000,000","-15,000,000","-8,000,000","-7,000,000","-27,000,000","-5,000,000","-6,000,000","-4,000,000","-6,000,000","-3,000,000","-8,000,000","-5,000,000","-6,000,000","-6,000,000","-7,000,000","-5,000,000","-8,000,000","-4,000,000","3,000,000","-9,000,000","-7,000,000","-4,000,000","-10,000,000","-10,000,000","-7,000,000","-6,000,000","-8,000,000","-5,000,000","-7,000,000","-5,000,000","-11,000,000","-6,000,000","-3,000,000","-7,000,000","-8,000,000","-4,000,000","-2,000,000","-2,000,000","-3,000,000","-1,000,000","2,000,000","-1,000,000","-3,000,000","-2,000,000",,,"-1,000,000","1,000,000","-4,000,000","-3,000,000","-2,000,000","-2,000,000","-6,000,000","-3,000,000","-3,000,000","-1,000,000","-5,000,000","-3,000,000","-5,000,000","1,000,000","-4,000,000","-2,000,000","-5,000,000","-3,000,000","-6,000,000","4,000,000","-6,000,000","42,000,000","-13,000,000","-4,000,000","-7,000,000","-22,000,000","17,000,000","22,000,000","4,000,000","2,000,000","8,000,000","3,000,000","2,000,000","1,000,000","0","-2,000,000","-1,000,000","-2,000,000","-7,000,000","-3,000,000","-3,000,000","-4,000,000","-6,000,000","-3,000,000","7,000,000",,,,,,,,,"-5,000,000","2,000,000","-3,000,000","-2,000,000","-1,700,000",,,,,,,,,,,,,,,,,,
DilutedNIAvailtoComStockholders,"1,783,000,000","298,000,000","471,000,000","581,000,000","433,000,000","497,000,000","397,000,000","35,000,000","152,000,000","288,000,000","358,000,000","67,000,000","471,000,000","170,000,000","210,000,000","-657,000,000","94,000,000","-268,000,000","276,000,000","189,000,000","153,000,000","180,000,000","238,000,000","320,000,000","150,000,000","180,000,000","235,000,000","177,000,000","191,000,000","81,000,000","230,000,000","179,000,000","160,000,000","181,000,000","196,000,000","198,000,000","252,000,000","122,000,000","74,000,000","113,000,000","92,000,000","205,000,000","177,000,000","-161,000,000","169,000,000","171,000,000","79,000,000","205,000,000","164,000,000","95,000,000","87,000,000","78,000,000","68,000,000","44,000,000","163,000,000","117,000,000","94,000,000","187,000,000","175,000,000","161,000,000","117,000,000","109,000,000","117,000,000","91,000,000","118,000,000","126,000,000","114,000,000","96,000,000","86,000,000","97,000,000","101,000,000","106,000,000","101,000,000","124,000,000","105,000,000","94,000,000","91,000,000","-30,000,000","101,000,000","63,000,000","84,000,000",,"-94,000,000","53,000,000","41,000,000","66,000,000","67,000,000","121,000,000","112,000,000","113,000,000","107,000,000","99,000,000","28,000,000","83,000,000","78,000,000","84,000,000","80,000,000","92,000,000","-218,000,000","65,000,000","46,000,000","45,000,000","21,000,000","52,000,000","38,000,000","18,000,000","64,000,000","52,000,000","75,000,000","-91,000,000","98,000,000","84,000,000","67,000,000","69,000,000","70,000,000","74,000,000","-162,000,000","62,000,000","55,000,000","53,000,000","35,000,000","40,000,000","48,000,000","58,000,000","24,000,000","-54,000,000","60,000,000","37,000,000","29,500,000",,,,,,,,,,,,,,,,,,
BasicEPS,,"4.96","7.56","9.23","6.87","7.9","6.35","0.55","2.42","4.56","5.62","1.04","7.36","2.66","3.25","-9.5","1.31","-3.74","3.78","2.55","2.05","2.4","3.14","4.2","1.94","2.31","2.98","2.24","2.42","1.04","2.92","2.29","2.06","2.31","2.46","2.48","3.18","1.55","0.95","1.45","1.19",,"2.31","-2.1","2.21",,"1.04","2.69","2.17",,"1.17","1.05","0.92",,"2.18","1.55","1.23",,"2.24","2.04","1.48",,"1.49","1.16","1.73",,"1.7","1.44","1.28",,"1.53","1.56","1.47",,"1.51","1.37","1.33",,"1.48","0.93","1.25",,"-1.4","0.8","0.62",,"0.98","1.68","1.53",,"1.42","1.32","0.37",,"1.03","1.11","1.06",,"-2.92","0.87","0.62",,"0.28","0.71","0.51",,"0.85","0.7","1",,"1.3","1.1","0.9",,"0.96","1.04","-2.02",,"0.78","0.75","0.5",,"0.69","0.83","0.35",,"0.86","0.54","0.42",,"0.68","0.72","0.59",,"0.45","0.6","0.48",,"0.63","0.65","0.66",,"0.76","0.71","0.67",,"0.61"
DilutedEPS,,"4.9","7.51","9.15","6.81","7.77","6.27","0.55","2.41","4.52","5.57","1.04","7.31","2.64","3.22","-9.5","1.3","-3.74","3.72","2.52","2.01","2.36","3.1","4.15","1.92","2.28","2.95","2.21","2.38","1.02","2.88","2.25","2.02","2.26","2.42","2.44","3.12","1.52","0.94","1.43","1.17",,"2.27","-2.1","2.17",,"1.02","2.64","2.13",,"1.15","1.04","0.91",,"2.15","1.53","1.22",,"2.2","2","1.46",,"1.47","1.14","1.7",,"1.66","1.42","1.26",,"1.5","1.53","1.43",,"1.48","1.35","1.32",,"1.46","0.91","1.21",,"-1.4","0.78","0.61",,"0.98","1.66","1.52",,"1.4","1.3","0.36",,"1.02","1.1","1.05",,"-2.92","0.86","0.62",,"0.28","0.7","0.51",,"0.83","0.7","0.98",,"1.27","1.09","0.88",,"0.95","1.01","-2.02",,"0.75","0.73","0.49",,"0.69","0.83","0.35",,"0.86","0.54","0.42",,"0.68","0.72","0.59",,"0.45","0.6","0.48",,"0.63","0.65","0.66",,"0.76","0.71","0.67",,"0.61"
BasicAverageShares,,"60,200,000","62,200,000","62,900,000","63,000,000","62,900,000","62,600,000","62,400,000","62,800,000","63,300,000","63,600,000","63,800,000","64,000,000","64,200,000","64,500,000","69,100,000","71,200,000","71,500,000","72,900,000","74,000,000","74,800,000","75,200,000","75,700,000","76,200,000","77,300,000","78,100,000","78,800,000","79,100,000","78,800,000","78,400,000","78,400,000","78,300,000","78,100,000","78,500,000","79,700,000","79,800,000","79,300,000","78,800,000","78,300,000","78,000,000","77,300,000",,"76,900,000","76,800,000","76,700,000",,"76,500,000","76,200,000","75,400,000",,"74,700,000","74,500,000","74,200,000",,"74,600,000","75,300,000","76,300,000",,"78,300,000","78,800,000","78,700,000",,"78,300,000","78,000,000","68,100,000",,"67,000,000","66,800,000","66,800,000",,"66,400,000","68,000,000","68,800,000",,"69,200,000","68,700,000","68,300,000",,"68,200,000","68,100,000","67,300,000",,"67,000,000","66,500,000","66,300,000",,"68,700,000","72,023,810","73,202,614",,"75,352,113","75,000,000","75,675,676",,"75,728,155","75,675,676","75,471,698",,"74,657,534","74,712,644","74,193,548",,"75,000,000","73,239,437","74,509,804",,"75,294,118","74,285,714","75,000,000",,"75,384,615","76,363,636","74,444,444",,"72,916,667","71,153,846","80,198,020",,"70,512,821","70,666,667","70,000,000",,"69,565,217","69,879,518","68,571,429",,"69,767,442","68,518,519","70,238,095",,"69,350,000","69,310,000","69,232,000",,"69,232,000","69,232,000","69,232,000",,"73,990,000","74,128,000","74,093,000",,"74,062,000","73,324,000","73,324,000",,"73,276,000"
DilutedAverageShares,,"60,900,000","62,700,000","63,500,000","63,600,000","63,900,000","63,300,000","62,700,000","63,300,000","63,900,000","64,200,000","64,300,000","64,500,000","64,700,000","65,300,000","69,100,000","72,100,000","72,500,000","74,000,000","75,100,000","76,000,000","76,300,000","76,600,000","77,100,000","78,100,000","78,900,000","79,700,000","80,000,000","80,000,000","79,800,000","79,600,000","79,600,000","79,400,000","79,900,000","81,000,000","81,100,000","80,700,000","80,200,000","79,300,000","78,800,000","78,500,000",,"78,100,000","76,800,000","77,900,000",,"77,700,000","77,700,000","76,800,000",,"75,700,000","75,000,000","74,700,000",,"75,500,000","76,300,000","77,300,000",,"79,800,000","80,500,000","79,900,000",,"79,600,000","79,400,000","69,500,000",,"68,300,000","67,900,000","67,900,000",,"67,600,000","69,500,000","70,700,000",,"70,900,000","69,700,000","69,000,000",,"69,000,000","70,100,000","69,300,000",,"67,000,000","67,700,000","66,900,000",,"68,700,000","72,891,566","73,684,211",,"76,428,571","76,153,846","77,777,778",,"76,470,588","76,363,636","76,190,476",,"74,657,534","75,581,395","74,193,548",,"75,000,000","74,285,714","74,509,804",,"77,108,434","74,285,714","76,530,612",,"77,165,354","77,064,220","76,136,364",,"73,684,211","73,267,327","80,198,020",,"73,333,333","72,602,740","71,428,571",,"69,565,217","69,879,518","68,571,429",,"69,767,442","68,518,519","70,238,095",,"69,350,000","69,310,000","69,232,000",,"69,232,000","69,232,000","69,232,000",,"73,990,000","74,128,000","74,093,000",,"74,062,000","73,324,000","73,324,000",,"73,276,000"
TotalOperatingIncomeAsReported,"2,348,000,000","494,000,000","552,000,000","683,000,000","618,000,000","716,000,000","570,000,000","77,000,000","260,000,000","424,000,000","693,000,000","191,000,000","263,000,000","309,000,000","299,000,000","-472,000,000","143,000,000","267,000,000","331,000,000","274,000,000","264,000,000","335,000,000","370,000,000","366,000,000","283,000,000","380,000,000","329,000,000","273,000,000","303,000,000","281,000,000","335,000,000","291,000,000","281,000,000","354,000,000","313,000,000","328,000,000","254,000,000","255,000,000","214,000,000","195,000,000","205,000,000","206,000,000","136,000,000","223,000,000","228,000,000","202,000,000","234,000,000","331,000,000","241,000,000","199,000,000","189,000,000","134,000,000","166,000,000","10,000,000","177,000,000","203,000,000","159,000,000","332,000,000","258,000,000","247,000,000","226,000,000","190,000,000","225,000,000","205,000,000","201,000,000","218,000,000","202,000,000","191,000,000","180,000,000","163,000,000","183,000,000","209,000,000","203,000,000","242,000,000","204,000,000","195,000,000","189,000,000","121,000,000","199,000,000","188,000,000","184,000,000","137,000,000","-98,000,000","170,000,000","97,000,000","167,000,000","173,000,000","232,000,000","235,000,000","241,000,000","238,000,000","205,000,000","189,000,000","181,000,000","180,000,000","158,000,000","169,000,000","449,000,000","-264,000,000","127,000,000","102,000,000","65,000,000","116,000,000","117,000,000","103,000,000","-24,000,000","148,000,000","121,000,000","151,000,000","169,000,000","173,000,000","162,000,000","158,000,000","172,000,000","163,000,000","149,000,000","101,000,000","318,000,000","109,000,000","105,000,000","81,000,000","93,000,000","82,000,000","71,000,000","71,000,000","37,000,000","57,000,000","78,000,000","87,500,000",,,,,,,,,,,,,,,,,,
TotalExpenses,"19,704,000,000","5,318,000,000","4,914,000,000","4,753,000,000","4,720,000,000","4,973,000,000","4,665,000,000","3,847,000,000","4,060,000,000","4,912,000,000","4,858,000,000","4,856,000,000","4,471,000,000","5,320,000,000","4,999,000,000","4,821,000,000","4,624,000,000","5,310,000,000","5,042,000,000","5,014,000,000","4,476,000,000","5,264,000,000","4,849,000,000","4,792,000,000","4,286,000,000","5,124,000,000","4,894,000,000","4,877,000,000","4,510,000,000","5,687,000,000","4,451,000,000","4,357,000,000","4,053,000,000","4,681,000,000","4,302,000,000","4,389,000,000","3,952,000,000","4,471,000,000","4,219,000,000","4,237,000,000","4,110,000,000","4,627,000,000","4,453,000,000","4,493,000,000","4,165,000,000","4,823,000,000","4,269,000,000","4,181,000,000","4,011,000,000","4,610,000,000","4,284,000,000","4,012,000,000","3,379,000,000","4,228,000,000","4,701,000,000","4,833,000,000","4,447,000,000","4,978,000,000","4,569,000,000","4,591,000,000","4,146,000,000","4,749,000,000","4,611,000,000","4,508,000,000","3,323,000,000","3,705,000,000","3,385,000,000","3,358,000,000","3,021,000,000","3,460,000,000","3,130,000,000","3,055,000,000","2,803,000,000","3,114,000,000","2,909,000,000","2,793,000,000","2,527,000,000","2,741,000,000","2,557,000,000","2,536,000,000","2,389,000,000","2,428,000,000","2,687,000,000","2,401,000,000","2,372,000,000","2,412,000,000","2,397,000,000","2,354,000,000","2,355,000,000","2,448,000,000","2,481,000,000","2,412,000,000","2,297,000,000","2,554,000,000","2,359,000,000","2,427,000,000","2,295,000,000","2,061,000,000","2,307,000,000","1,990,000,000","1,936,000,000","2,100,000,000","2,084,000,000","2,155,000,000","1,956,000,000","2,117,000,000","2,006,000,000","1,994,000,000","1,834,000,000","1,930,000,000","1,912,000,000","1,888,000,000","1,712,000,000","1,732,000,000","1,746,000,000","1,763,000,000","1,707,000,000","1,679,000,000","1,751,000,000","1,676,000,000","1,582,000,000","1,551,000,000","1,537,000,000","1,652,000,000","1,493,000,000","1,523,000,000","1,555,000,000","1,586,000,000","1,510,200,000",,,,,,,,,,,,,,,,,,
NetIncomeFromContinuingAndDiscontinuedOperation,"1,783,000,000","298,000,000","471,000,000","581,000,000","433,000,000","497,000,000","397,000,000","35,000,000","152,000,000","288,000,000","358,000,000","67,000,000","471,000,000","170,000,000","210,000,000","-657,000,000","94,000,000","-268,000,000","276,000,000","189,000,000","153,000,000","180,000,000","238,000,000","320,000,000","150,000,000","180,000,000","235,000,000","177,000,000","191,000,000","81,000,000","230,000,000","179,000,000","160,000,000","181,000,000","196,000,000","198,000,000","252,000,000","122,000,000","74,000,000","113,000,000","92,000,000","205,000,000","177,000,000","-161,000,000","169,000,000","171,000,000","79,000,000","205,000,000","164,000,000","95,000,000","87,000,000","78,000,000","68,000,000","44,000,000","163,000,000","117,000,000","94,000,000","187,000,000","175,000,000","161,000,000","117,000,000","109,000,000","117,000,000","91,000,000","118,000,000","126,000,000","114,000,000","96,000,000","86,000,000","97,000,000","101,000,000","106,000,000","101,000,000","124,000,000","105,000,000","94,000,000","91,000,000","-30,000,000","101,000,000","63,000,000","84,000,000",,"-94,000,000","53,000,000","33,000,000","66,000,000","67,000,000","121,000,000","112,000,000","113,000,000","107,000,000","99,000,000","28,000,000","83,000,000","78,000,000","84,000,000","80,000,000","92,000,000","-218,000,000","65,000,000","46,000,000","45,000,000","21,000,000","52,000,000","38,000,000","18,000,000","64,000,000","52,000,000","75,000,000","-91,000,000","98,000,000","84,000,000","67,000,000","69,000,000","70,000,000","74,000,000","18,000,000","62,000,000","55,000,000","53,000,000","35,000,000","40,000,000","48,000,000","58,000,000","24,000,000","-54,000,000","60,000,000","37,000,000","29,500,000",,,,,,,,,,,,,,,,,,
NormalizedIncome,"1,731,745,000","299,953,488.372","489,238,000","484,568,000","447,691,151.92","580,756,134.969","438,197,781.885","121,140,000","155,356,164.384","328,024,169.184","22,200,000","168,470,000","489,980,000","190,585,937.5","237,121,076.233","-79,570,000","218,183,486.239","-193,000,000","303,000,000","238,816,037.736","189,707,070.707","214,422,077.922","261,200,000","344,000,000","184,102,325.581","217,531,914.894","285,561,797.753","216,018,181.818","222,565,217.391","103,105,263.158","264,214,559.387","205,765,957.447","182,224,299.065","226,109,649.123","249,275,590.551","224,065,306.122","279,300,000","167,609,195.402","113,055,118.11","189,451,612.903","116,796,992.481","255,700,000","200,400,000","-151,900,000","186,550,000","309,450,000","89,400,000","219,300,000","184,800,000","173,000,000","135,750,000","100,750,000","114,150,000","159,050,000","178,600,000","156,384,615.385","101,766,990.291","199,531,645.57","180,755,102.041","174,680,000","136,923,976.608","142,000,000","139,230,769.231","115,635,036.496","126,581,818.182","127,620,915.033","122,070,175.439","112,971,428.571","90,631,578.947","91,285,714.286","105,744,966.443","112,331,360.947","101,628,048.78","134,333,333.333","108,240,740.741","102,486,111.111","96,727,272.727","82,600,000","102,929,936.306","77,400,000","97,674,418.605",,"98,000,000","87,282,051.282","67,980,000","48,202,247.191","75,685,185.185","119,027,173.913","118,732,240.437","0","125,040,697.674","95,310,559.006","147,777,777.778","66,526,717.557","61,200,000","53,584,615.385","44,000,000","304,477,611.94","-205,904,059.041","46,237,113.402","33,454,545.455","21,838,235.294","43,800,000","53,424,657.534","43,428,571.429","-49,909,090.909","71,489,361.702","56,607,594.937","78,947,368.421","119,494,949.495","89,148,387.097","64,800,000","75,400,000","82,200,000","81,981,981.982","75,321,428.571","19,200,000","206,600,000","31,000,000","25,400,000","7,400,000","19,600,000","6,000,000","11,730,337.079","-1,200,000","-25,000,000","-4,848,484.848","10,000,000","8,320,000",,,,,,,,,,,,,,,,,,
InterestIncome,"159,000,000","20,000,000","78,000,000","36,000,000","26,000,000","-17,000,000","22,000,000","15,000,000","1,000,000","-54,000,000","29,000,000","63,000,000","130,000,000",,,,"8,000,000",,,,,,,,,,,"42,000,000",,,,,,,,,,,,,,,,,,,"104,000,000",,,,,"12,000,000",,,,,,,,,,,,,,,,,,,,,,,,,,,,,,,,,,,,,,,,,,,,,,,,,,,,,,,,,,,,,,,,,,,,,,,,,,,,,,,,,,,,,,,,,,,,,,,
InterestExpense,"175,000,000","41,000,000","44,000,000","45,000,000","45,000,000","47,000,000","51,000,000","49,000,000","42,000,000","39,000,000","45,000,000","52,000,000","51,000,000","53,000,000","76,000,000","137,000,000","42,000,000","58,000,000","63,000,000","62,000,000","66,000,000","27,000,000","65,000,000","80,000,000","68,000,000","98,000,000","62,000,000","40,000,000","96,000,000","110,000,000","74,000,000","56,000,000","67,000,000","126,000,000","59,000,000","83,000,000","64,000,000","81,000,000","87,000,000","71,000,000","72,000,000","77,000,000","78,000,000","593,000,000","54,000,000","-127,000,000","158,000,000","124,000,000","58,000,000","41,000,000","58,000,000","58,000,000","62,000,000",,,,,,,,,,,,,,,,,,,,,,,,,,,,,,,,,,,,,,,,,,,,,,,,,,,,,,,,,,,,,,,,,,,,,,,,,,,,,,,,,,,,,,,,,,,,,,
NetInterestIncome,"-16,000,000","-21,000,000","34,000,000","-9,000,000","-19,000,000","-64,000,000","-29,000,000","-34,000,000","-41,000,000","-93,000,000","-16,000,000","11,000,000","79,000,000","-53,000,000","-76,000,000","-137,000,000","-34,000,000","-58,000,000","-63,000,000","-62,000,000","-66,000,000","-27,000,000","-65,000,000","-80,000,000","-68,000,000","-98,000,000","-62,000,000","2,000,000","-96,000,000","-110,000,000","-74,000,000","-56,000,000","-67,000,000","-126,000,000","-59,000,000","-83,000,000","-64,000,000","-81,000,000","-87,000,000","-71,000,000","-72,000,000","-77,000,000","-78,000,000","-593,000,000","-54,000,000","127,000,000","-158,000,000","-124,000,000","-58,000,000","-41,000,000","-58,000,000","-58,000,000","-62,000,000",,,,,,,,,,,,,,,,,,,,,,,,,,,,,,,,,,,,,,,,,,,,,,,,,,,,,,,,,,,,,,,,,,,,,,,,,,,,,,,,,,,,,,,,,,,,,,
EBIT,"2,507,000,000","514,000,000","630,000,000","719,000,000","644,000,000","699,000,000","592,000,000","92,000,000","261,000,000","370,000,000","722,000,000","254,000,000","393,000,000","309,000,000","299,000,000","-472,000,000","151,000,000","267,000,000","331,000,000","274,000,000","264,000,000","335,000,000","370,000,000","366,000,000","283,000,000","380,000,000","329,000,000","315,000,000","303,000,000","281,000,000","335,000,000","291,000,000","281,000,000","354,000,000","313,000,000","328,000,000","254,000,000","255,000,000","214,000,000","195,000,000","205,000,000","206,000,000","136,000,000","223,000,000","209,000,000","5,000,000","234,000,000","331,000,000","229,000,000","134,000,000","138,000,000","122,000,000","119,000,000","-162,000,000","201,000,000","243,000,000","167,000,000","347,000,000","271,000,000","263,000,000","243,000,000","205,000,000","232,000,000","226,000,000","213,000,000","249,000,000","214,000,000","198,000,000","187,000,000","172,000,000","188,000,000","209,000,000","204,000,000","245,000,000","204,000,000","195,000,000","189,000,000","205,000,000","202,000,000","201,000,000","185,000,000","220,000,000","-93,000,000","184,000,000","145,000,000","167,000,000","173,000,000","232,000,000","235,000,000","241,000,000","238,000,000","205,000,000","189,000,000","181,000,000","180,000,000","158,000,000","169,000,000","449,000,000","-264,000,000","127,000,000","102,000,000","65,000,000","116,000,000","117,000,000","103,000,000","-24,000,000","148,000,000","121,000,000","151,000,000","169,000,000","173,000,000","162,000,000","158,000,000","172,000,000","163,000,000","149,000,000","101,000,000","318,000,000","109,000,000","105,000,000","81,000,000","93,000,000","82,000,000","71,000,000","71,000,000","37,000,000","57,000,000","78,000,000","87,500,000","-4,242,500,000","1,501,700,000","1,638,800,000","1,576,100,000","-3,118,400,000","1,151,800,000","1,126,900,000","1,041,800,000","-2,941,800,000","1,109,300,000","1,136,600,000","961,000,000","-2,770,400,000","1,120,000,000","1,075,300,000","870,600,000","-2,372,100,000","890,500,000"
EBITDA,"3,001,000,000"
ReconciledCostOfRevenue,"17,129,000,000","4,647,000,000","4,271,000,000","4,126,000,000","4,086,000,000","4,296,000,000","4,006,000,000","3,293,000,000","3,505,000,000","4,206,000,000","4,226,000,000","4,112,000,000","3,824,000,000","4,573,000,000","4,297,000,000","4,118,000,000","3,942,000,000","4,577,000,000","4,353,000,000","4,332,000,000","3,814,000,000","4,559,000,000","4,164,000,000","4,084,000,000","3,645,000,000","4,405,000,000","4,200,000,000","4,151,000,000","3,851,000,000","4,830,000,000","3,867,000,000","3,766,000,000","3,487,000,000","4,044,000,000","3,700,000,000","3,810,000,000","3,402,000,000","3,860,000,000","3,671,000,000","3,644,000,000","3,554,000,000","4,069,000,000","3,923,000,000","3,923,000,000","3,644,000,000","4,241,000,000","3,737,000,000","3,641,000,000","3,506,000,000","4,046,000,000","3,754,000,000","3,479,000,000","2,937,000,000","3,719,000,000","4,067,000,000","4,174,000,000","3,854,000,000","4,336,000,000","4,012,000,000","3,979,000,000","3,628,000,000","4,108,000,000","3,997,000,000","3,902,000,000","2,979,000,000","3,094,000,000","2,831,000,000","2,825,000,000","2,520,000,000","2,896,000,000","2,604,000,000","2,539,000,000","2,320,000,000","2,563,000,000","2,418,000,000","2,332,000,000","2,094,000,000","2,162,000,000","2,012,000,000","2,009,000,000","1,890,000,000","1,898,000,000","1,897,000,000","1,899,000,000","1,864,000,000","1,885,000,000","1,885,000,000","1,849,000,000","1,848,000,000","1,889,000,000","1,948,000,000","1,865,000,000","1,767,000,000","1,958,000,000","1,828,000,000","1,856,000,000","1,764,000,000","1,788,000,000","1,534,000,000","1,507,000,000","1,453,000,000","1,596,000,000","1,591,000,000","1,644,000,000","1,474,000,000","1,528,000,000","1,541,000,000","1,510,000,000","1,354,000,000","1,473,000,000","1,470,000,000","1,445,000,000","1,298,000,000","1,317,000,000","1,334,000,000","1,353,000,000","1,270,000,000","1,202,000,000","1,364,000,000","1,302,000,000","1,222,000,000","1,246,000,000","1,165,000,000","1,271,000,000","1,136,000,000","1,148,000,000","1,207,000,000","1,226,300,000","1,180,800,000",,,,,,,,,,,,,,,,,,
ReconciledDepreciation,"494,000,000","116,000,000","119,000,000","118,000,000","141,000,000","154,000,000","146,000,000","133,000,000","135,000,000","144,000,000","141,000,000","160,000,000","142,000,000","154,000,000","152,000,000","162,000,000","177,000,000","167,000,000","168,000,000","156,000,000","163,000,000","159,000,000","164,000,000","164,000,000","168,000,000","172,000,000","165,000,000","170,000,000","161,000,000","163,000,000","136,000,000","134,000,000","127,000,000","143,000,000","142,000,000","126,000,000","129,000,000","126,000,000","128,000,000","146,000,000","151,000,000","136,000,000","136,000,000","145,000,000","141,000,000","141,000,000","141,000,000","139,000,000","134,000,000","137,000,000","130,000,000","143,000,000","115,000,000","130,000,000","157,000,000","157,000,000","153,000,000","158,000,000","143,000,000","149,000,000","143,000,000","161,000,000","152,000,000","141,000,000","96,000,000","108,000,000","110,000,000","110,000,000","114,000,000","109,000,000","110,000,000","114,000,000","112,000,000","97,000,000","112,000,000","110,000,000","108,000,000","114,000,000","103,000,000","95,000,000","93,000,000","99,000,000","98,000,000","97,000,000","102,000,000","87,000,000","95,000,000","116,000,000","102,000,000","102,000,000","96,000,000","110,000,000","109,000,000","98,000,000","110,000,000","115,000,000","115,000,000","108,000,000","67,000,000","90,000,000","91,000,000","83,000,000","88,000,000","93,000,000","89,000,000","63,000,000","85,000,000","80,000,000","84,000,000","61,000,000","68,000,000","70,000,000","67,000,000","38,000,000","64,000,000","73,000,000","66,000,000","86,000,000","65,000,000","61,000,000","63,000,000","60,000,000","56,000,000","54,000,000","63,000,000","80,000,000","44,000,000","66,700,000","56,300,000",,,,,,,,,,,,,,,,,,
NetIncomeFromContinuingOperationNetMinorityInterest,"1,783,000,000","298,000,000","471,000,000","581,000,000","433,000,000","497,000,000","397,000,000","35,000,000","152,000,000","288,000,000","358,000,000","67,000,000","471,000,000","170,000,000","210,000,000","-657,000,000","94,000,000","-268,000,000","276,000,000","189,000,000","153,000,000","180,000,000","238,000,000","320,000,000","150,000,000","180,000,000","235,000,000","177,000,000","191,000,000","81,000,000","230,000,000","179,000,000","160,000,000","181,000,000","196,000,000","198,000,000","252,000,000","122,000,000","74,000,000","113,000,000","92,000,000","205,000,000","177,000,000","-161,000,000","169,000,000","171,000,000","79,000,000","205,000,000","164,000,000","95,000,000","87,000,000","78,000,000","68,000,000","44,000,000","163,000,000","117,000,000","94,000,000","187,000,000","175,000,000","161,000,000","124,000,000","133,000,000","134,000,000","100,000,000","118,000,000","126,000,000","114,000,000","96,000,000","86,000,000","97,000,000","101,000,000","106,000,000","101,000,000","124,000,000","105,000,000","94,000,000","91,000,000","13,000,000","101,000,000","63,000,000","84,000,000",,"-94,000,000","74,000,000","33,000,000","66,000,000","67,000,000","121,000,000","112,000,000","113,000,000","107,000,000","99,000,000","28,000,000","83,000,000","78,000,000","81,000,000","68,000,000","50,000,000","-200,000,000","65,000,000","46,000,000","45,000,000","21,000,000","52,000,000","38,000,000","18,000,000","64,000,000","52,000,000","75,000,000","-91,000,000","98,000,000","84,000,000","67,000,000","69,000,000","70,000,000","74,000,000","18,000,000","62,000,000","55,000,000","53,000,000","35,000,000","40,000,000","48,000,000","58,000,000","24,000,000","-54,000,000","60,000,000","37,000,000","29,500,000",,,,,,,,,,,,,,,,,,
TotalUnusualItemsExcludingGoodwill,"67,000,000","-3,000,000","-22,000,000","112,000,000","-20,000,000","-109,000,000","-56,000,000","-118,000,000","-5,000,000","-46,000,000","460,000,000","-139,000,000","-26,000,000","-31,000,000","-28,000,000","-791,000,000","-144,000,000","-125,000,000","-45,000,000","-59,000,000","-46,000,000","-57,000,000","-29,000,000","-40,000,000","-47,000,000","-56,000,000","-54,000,000","-58,000,000","-33,000,000","-35,000,000","-38,000,000","-34,000,000","-29,000,000","-55,000,000","-68,000,000","-31,000,000","-42,000,000","-62,000,000","-62,000,000","-79,000,000","-34,000,000","-78,000,000","-36,000,000","-14,000,000","-27,000,000","-213,000,000","-16,000,000","-22,000,000","-32,000,000","-120,000,000","-75,000,000","-35,000,000","-71,000,000","-177,000,000","-24,000,000","-40,000,000","-8,000,000","-15,000,000","-6,000,000","-16,000,000","-17,000,000","-15,000,000","-7,000,000","-21,000,000","-12,000,000","-2,000,000","-12,000,000","-24,000,000","-7,000,000","8,000,000","-7,000,000","-10,000,000","-1,000,000","-16,000,000","-5,000,000","-13,000,000","-9,000,000","-116,000,000","-3,000,000","-24,000,000","-21,000,000",,"-320,000,000","-21,000,000","-53,000,000","24,000,000","-14,000,000","3,000,000","-11,000,000","176,000,000","-29,000,000","6,000,000","-154,000,000","26,000,000","28,000,000","44,000,000","40,000,000","-341,000,000","8,000,000","28,000,000","18,000,000","35,000,000","-38,000,000","-2,000,000","-8,000,000","83,000,000","-11,000,000","-7,000,000","-6,000,000","-229,000,000","14,000,000","32,000,000","-14,000,000","-22,000,000","-19,000,000","-2,000,000","-2,000,000","-241,000,000","40,000,000","46,000,000","46,000,000","34,000,000","70,000,000","71,000,000","42,000,000","-29,000,000","107,000,000","45,000,000","35,300,000",,,,,,,,,,,,,,,,,,
TotalUnusualItems,"67,000,000","-3,000,000","-22,000,000","112,000,000","-20,000,000","-109,000,000","-56,000,000","-118,000,000","-5,000,000","-46,000,000","460,000,000","-139,000,000","-26,000,000","-31,000,000","-28,000,000","-791,000,000","-144,000,000","-125,000,000","-45,000,000","-59,000,000","-46,000,000","-57,000,000","-29,000,000","-40,000,000","-47,000,000","-56,000,000","-54,000,000","-58,000,000","-33,000,000","-35,000,000","-38,000,000","-34,000,000","-29,000,000","-55,000,000","-68,000,000","-31,000,000","-42,000,000","-62,000,000","-62,000,000","-79,000,000","-34,000,000","-78,000,000","-36,000,000","-14,000,000","-27,000,000","-213,000,000","-16,000,000","-22,000,000","-32,000,000","-120,000,000","-75,000,000","-35,000,000","-71,000,000","-177,000,000","-24,000,000","-40,000,000","-8,000,000","-15,000,000","-6,000,000","-16,000,000","-17,000,000","-15,000,000","-7,000,000","-21,000,000","-12,000,000","-2,000,000","-12,000,000","-24,000,000","-7,000,000","8,000,000","-7,000,000","-10,000,000","-1,000,000","-16,000,000","-5,000,000","-13,000,000","-9,000,000","-116,000,000","-3,000,000","-24,000,000","-21,000,000",,"-320,000,000","-21,000,000","-53,000,000","24,000,000","-14,000,000","3,000,000","-11,000,000","176,000,000","-29,000,000","6,000,000","-154,000,000","26,000,000","28,000,000","44,000,000","40,000,000","-341,000,000","8,000,000","28,000,000","18,000,000","35,000,000","-38,000,000","-2,000,000","-8,000,000","83,000,000","-11,000,000","-7,000,000","-6,000,000","-229,000,000","14,000,000","32,000,000","-14,000,000","-22,000,000","-19,000,000","-2,000,000","-2,000,000","-241,000,000","40,000,000","46,000,000","46,000,000","34,000,000","70,000,000","71,000,000","42,000,000","-29,000,000","107,000,000","45,000,000","35,300,000",,,,,,,,,,,,,,,,,,
NormalizedEBITDA,"2,934,000,000","633,000,000","771,000,000","725,000,000","805,000,000","962,000,000","794,000,000","343,000,000","401,000,000","560,000,000","403,000,000","553,000,000","561,000,000","494,000,000","479,000,000","481,000,000","472,000,000","559,000,000","544,000,000","489,000,000","473,000,000","551,000,000","563,000,000","570,000,000","498,000,000","608,000,000","548,000,000","543,000,000","497,000,000","479,000,000","509,000,000","459,000,000","437,000,000","552,000,000","523,000,000","485,000,000","425,000,000","443,000,000","404,000,000","420,000,000","390,000,000","420,000,000","308,000,000","382,000,000","377,000,000","359,000,000","391,000,000","492,000,000","395,000,000","391,000,000","343,000,000","300,000,000","305,000,000","145,000,000","382,000,000","440,000,000","328,000,000","520,000,000","420,000,000","428,000,000","403,000,000","381,000,000","391,000,000","388,000,000","321,000,000","359,000,000","336,000,000","332,000,000","308,000,000","273,000,000","305,000,000","333,000,000","317,000,000","358,000,000","321,000,000","318,000,000","306,000,000","435,000,000","308,000,000","320,000,000","299,000,000","319,000,000","325,000,000","302,000,000","300,000,000","230,000,000","282,000,000","345,000,000","348,000,000","167,000,000","363,000,000","309,000,000","452,000,000","253,000,000","262,000,000","229,000,000","244,000,000","898,000,000","-189,000,000","189,000,000","175,000,000","113,000,000","242,000,000","212,000,000","200,000,000","-44,000,000","244,000,000","208,000,000","241,000,000","459,000,000","227,000,000","200,000,000","239,000,000","232,000,000","250,000,000","224,000,000","169,000,000","645,000,000","134,000,000","121,000,000","98,000,000","119,000,000","69,700,000","58,500,000","92,000,000","146,000,000","5,700,000","99,700,000","108,500,000","-4,242,500,000","1,501,700,000","1,638,800,000","1,576,100,000","-3,118,400,000","1,151,800,000","1,126,900,000","1,041,800,000","-2,941,800,000","1,109,300,000","1,136,600,000","961,000,000","-2,770,400,000","1,120,000,000","1,075,300,000","870,600,000","-2,372,100,000","890,500,000"
TaxRateForCalcs,"0.235","0.349","0.171","0.139","0.265","0.232","0.264","0.27","0.329","0.13","0.27","0.27","0.27","0.336","0.031","0.27","0.138","0.4","0.4","0.156","0.202","0.396","0.2","0.4","0.274","0.33","0.064","0.327","0.043","0.368","0.1","0.213","0.234","0.18","0.217","0.159","0.35","0.264","0.37","0.032","0.271","0.35","0.35","0.35","0.35","0.35","0.35","0.35","0.35","0.35","0.35","0.35","0.35","0.35","0.35","0.015","0.029","0.165","0.041","0.145","0.24","0.4","0.253","0.255","0.285","0.19","0.327","0.293","0.338","0.286","0.322","0.367","0.372","0.354","0.352","0.347","0.364","0.4","0.357","0.4","0.349",,"0.4","0.368","0.34","0.258","0.38","0.342","0.388","0.358","0.378","0.385","0.222","0.366","0.4","0.377","0.4","0.254","0.262","0.33","0.303","0.338","0.4","0.288","0.321","0.182","0.319","0.342","0.342","0.081","0.368","0.4","0.4","0.4","0.369","0.339","0.4","0.4","0.4","0.4","0.4","0.4","0.4","0.348","0.4","0","0.394","0.4","0.4",,,,,,,,,,,,,,,,,,
TaxEffectOfUnusualItems,"15,745,000","-1,046,511.628","-3,762,000","15,568,000","-5,308,848.08","-25,243,865.031","-14,802,218.115","-31,860,000","-1,643,835.616","-5,975,830.816","124,200,000","-37,530,000","-7,020,000","-10,414,062.5","-878,923.767","-213,570,000","-19,816,513.761","-50,000,000","-18,000,000","-9,183,962.264","-9,292,929.293","-22,577,922.078","-5,800,000","-16,000,000","-12,897,674.419","-18,468,085.106","-3,438,202.247","-18,981,818.182","-1,434,782.609","-12,894,736.842","-3,785,440.613","-7,234,042.553","-6,775,700.935","-9,890,350.877","-14,724,409.449","-4,934,693.878","-14,700,000","-16,390,804.598","-22,944,881.89","-2,548,387.097","-9,203,007.519","-27,300,000","-12,600,000","-4,900,000","-9,450,000","-74,550,000","-5,600,000","-7,700,000","-11,200,000","-42,000,000","-26,250,000","-12,250,000","-24,850,000","-61,950,000","-8,400,000","-615,384.615","-233,009.709","-2,468,354.43","-244,897.959","-2,320,000","-4,076,023.392","-6,000,000","-1,769,230.769","-5,364,963.504","-3,418,181.818","-379,084.967","-3,929,824.561","-7,028,571.429","-2,368,421.053","2,285,714.286","-2,255,033.557","-3,668,639.053","-371,951.22","-5,666,666.667","-1,759,259.259","-4,513,888.889","-3,272,727.273","-46,400,000","-1,070,063.694","-9,600,000","-7,325,581.395",,"-128,000,000","-7,717,948.718","-18,020,000","6,202,247.191","-5,314,814.815","1,027,173.913","-4,267,759.563","63,000,000","-10,959,302.326","2,310,559.006","-34,222,222.222","9,526,717.557","11,200,000","16,584,615.385","16,000,000","-86,522,388.06","2,095,940.959","9,237,113.402","5,454,545.455","11,838,235.294","-15,200,000","-575,342.466","-2,571,428.571","15,090,909.091","-3,510,638.298","-2,392,405.063","-2,052,631.579","-18,505,050.505","5,148,387.097","12,800,000","-5,600,000","-8,800,000","-7,018,018.018","-678,571.429","-800,000","-96,400,000","16,000,000","18,400,000","18,400,000","13,600,000","28,000,000","24,730,337.079","16,800,000","0","42,151,515.152","18,000,000","14,120,000",,,,,,,,,,,,,,,,,,