name,ttm,12/31/2021,09/30/2021,06/30/2021,03/31/2021,12/31/2020,09/30/2020,06/30/2020,03/31/2020,12/31/2019,09/30/2019,06/30/2019,03/31/2019,12/31/2018,09/30/2018,06/30/2018,03/31/2018,12/31/2017,09/30/2017,06/30/2017,03/31/2017,12/31/2016,09/30/2016,06/30/2016,03/31/2016,12/31/2015,09/30/2015,06/30/2015,03/31/2015,12/31/2014,09/30/2014,06/30/2014,03/31/2014,12/31/2013,09/30/2013,06/30/2013,03/31/2013,12/31/2012,09/30/2012,06/30/2012,03/31/2012,12/31/2011,09/30/2011,06/30/2011,03/31/2011,12/31/2010,09/30/2010,06/30/2010,03/31/2010,12/31/2009,09/30/2009,06/30/2009,03/31/2009,12/31/2008,09/30/2008,06/30/2008,03/31/2008,12/31/2007,09/30/2007,06/30/2007,03/31/2007,12/31/2006,09/30/2006,06/30/2006,03/31/2006,12/31/2005,09/30/2005,06/30/2005,03/31/2005,12/31/2004,09/30/2004,06/30/2004,03/31/2004,12/31/2003,09/30/2003,06/30/2003,03/31/2003,12/31/2002,09/30/2002,06/30/2002,03/31/2002,12/31/2001,09/30/2001,06/30/2001,03/31/2001,12/31/2000,09/30/2000,06/30/2000,03/31/2000,12/31/1999,09/30/1999,06/30/1999,03/31/1999,12/31/1998,09/30/1998,06/30/1998,03/31/1998,12/31/1997,09/30/1997,06/30/1997,03/31/1997,12/31/1996,09/30/1996,06/30/1996,03/31/1996,12/31/1995,09/30/1995,06/30/1995,03/31/1995,12/31/1994,09/30/1994,06/30/1994,03/31/1994,12/31/1993,09/30/1993,06/30/1993,03/31/1993,12/31/1992,09/30/1992,06/30/1992,03/31/1992,12/31/1991,09/30/1991,06/30/1991,03/31/1991,12/31/1990,09/30/1990,06/30/1990,03/31/1990,12/31/1989,09/30/1989,06/30/1989,03/31/1989,12/31/1988,09/30/1988,06/30/1988,03/31/1988,12/31/1987,09/30/1987,06/30/1987,03/31/1987
TotalRevenue,"17,931,000,000","4,678,000,000","4,665,000,000","4,476,000,000","4,112,000,000","4,067,000,000","3,861,000,000","3,561,000,000","3,729,000,000","3,846,000,000","3,967,000,000","3,946,000,000","3,696,000,000","3,842,000,000","3,822,000,000","3,739,000,000","3,511,000,000","3,652,000,000","3,716,000,000","3,677,000,000","3,440,000,000","3,460,000,000","3,548,000,000","3,425,000,000","3,176,000,000","3,246,000,000","3,360,000,000","3,315,000,000","3,040,000,000","3,437,000,000","3,602,000,000","3,561,000,000","3,396,000,000","3,500,000,000","3,621,000,000","3,526,000,000","3,336,000,000","3,434,000,000","3,461,000,000","3,459,000,000","3,295,000,000","3,406,000,000","3,522,000,000","3,347,000,000","3,103,000,000","3,187,000,000","3,235,000,000","3,158,000,000","2,935,000,000","3,006,000,000","3,023,000,000","2,952,000,000","2,810,000,000","3,108,000,000","3,525,000,000","3,489,000,000","3,266,000,000","3,361,000,000","3,403,000,000","3,358,000,000","3,188,000,000","3,283,000,000","3,441,000,000","3,410,000,000","3,229,000,000","3,372,000,000","3,375,000,000","3,289,000,000","3,038,000,000","3,208,000,000","3,274,000,000","3,138,000,000","2,896,000,000","2,968,000,000","2,975,000,000","2,915,000,000","2,716,000,000","2,812,000,000","2,896,000,000","2,825,000,000","2,609,000,000","2,791,000,000","2,897,000,000","2,915,000,000","2,719,000,000","2,884,331,000","3,124,649,000","3,265,711,000","3,217,309,000","3,336,400,000","3,395,100,000","3,334,600,000","3,070,600,000","3,467,000,000","3,160,300,000","882,000,000","769,400,000","735,300,000","761,800,000","535,200,000","364,900,000","350,400,000","352,800,000","227,300,000","124,600,000","124,700,000","120,000,000","111,200,000","46,500,000","46,000,000","47,100,000","44,900,000","24,700,000","24,500,000","19,600,000","16,600,000","14,500,000","14,400,000","14,300,000","13,500,000","10,100,000","5,700,000","5,800,000","3,600,000","1,400,000","1,200,000","1,000,000","800,000","700,000","700,000","700,000","600,000","600,000","500,000","500,000","500,000","400,000","500,000","400,000","400,000","400,000"
	OperatingRevenue,"17,931,000,000","4,678,000,000","4,665,000,000","4,476,000,000","4,112,000,000","4,067,000,000","3,861,000,000","3,561,000,000","3,729,000,000","3,846,000,000","3,967,000,000","3,946,000,000","3,696,000,000","3,842,000,000","3,822,000,000","3,739,000,000","3,511,000,000","3,652,000,000","3,716,000,000","3,677,000,000","3,440,000,000","3,460,000,000","3,548,000,000","3,425,000,000","3,176,000,000","3,246,000,000","3,360,000,000","3,315,000,000","3,040,000,000","3,437,000,000","3,602,000,000","3,561,000,000","3,396,000,000","3,500,000,000","3,621,000,000","3,526,000,000","3,336,000,000","3,434,000,000","3,461,000,000","3,459,000,000","3,295,000,000","3,406,000,000","3,522,000,000","3,347,000,000","3,103,000,000","3,187,000,000","3,235,000,000","3,158,000,000","2,935,000,000","3,006,000,000","3,023,000,000","2,952,000,000","2,810,000,000","3,108,000,000","3,525,000,000","3,489,000,000","3,266,000,000","3,361,000,000","3,403,000,000","3,358,000,000","3,188,000,000","3,283,000,000","3,441,000,000","3,410,000,000","3,229,000,000","3,372,000,000","3,375,000,000","3,289,000,000","3,038,000,000","3,208,000,000","3,274,000,000","3,138,000,000","2,896,000,000","2,968,000,000","2,975,000,000","2,915,000,000","2,716,000,000","2,812,000,000","2,896,000,000","2,825,000,000","2,609,000,000","2,791,000,000","2,897,000,000","2,915,000,000","2,719,000,000","2,884,331,000","3,124,649,000","3,265,711,000","3,217,309,000","3,336,400,000","3,395,100,000","3,334,600,000","3,070,600,000","3,467,000,000","3,160,300,000","882,000,000","769,400,000","735,300,000","761,800,000","535,200,000","364,900,000","350,400,000","352,800,000","227,300,000","124,600,000","124,700,000","120,000,000","111,200,000","46,500,000","46,000,000","47,100,000","44,900,000","24,700,000","24,500,000","19,600,000","16,600,000","14,500,000","14,400,000","14,300,000","13,500,000","10,100,000","5,700,000","5,800,000","3,600,000","1,400,000","1,200,000","1,000,000","800,000","700,000","700,000","700,000","600,000","600,000","500,000","500,000","500,000","400,000","500,000","400,000","400,000","400,000"
CostOfRevenue,"11,111,000,000","2,955,000,000","2,906,000,000","2,736,000,000","2,514,000,000","2,500,000,000","2,332,000,000","2,180,000,000","2,329,000,000","2,314,000,000","2,441,000,000","2,443,000,000","2,298,000,000","2,379,000,000","2,373,000,000","2,313,000,000","2,184,000,000","2,263,000,000","2,302,000,000","2,290,000,000","2,166,000,000","2,147,000,000","2,216,000,000","2,130,000,000","1,993,000,000","2,027,000,000","2,095,000,000","2,163,000,000","1,946,000,000","2,170,000,000","2,299,000,000","2,301,000,000","2,232,000,000","2,267,000,000","2,325,000,000","2,311,000,000","2,209,000,000","2,224,000,000","2,229,000,000","2,260,000,000","2,166,000,000","2,145,000,000","2,261,000,000","2,140,000,000","1,995,000,000","1,941,000,000","2,006,000,000","1,996,000,000","1,881,000,000","1,874,000,000","1,856,000,000","1,786,000,000","1,725,000,000","1,972,000,000","2,221,000,000","2,181,000,000","2,092,000,000","2,133,000,000","2,143,000,000","2,092,000,000","2,034,000,000","2,107,000,000","2,181,000,000","2,199,000,000","2,100,000,000","2,212,000,000","2,202,000,000","2,173,000,000","2,044,000,000","2,117,000,000","2,151,000,000","2,040,000,000","1,920,000,000","1,917,000,000","1,920,000,000","1,887,000,000","1,793,000,000","1,743,000,000","1,746,000,000","1,689,000,000","1,565,000,000","1,595,000,000","1,693,000,000","1,732,000,000","1,646,000,000","1,762,093,000","1,871,048,000","1,949,143,000","1,955,716,000","2,158,700,000","2,584,300,000","1,868,100,000","1,674,400,000","1,938,600,000","1,821,900,000","437,800,000","397,500,000","375,400,000","388,900,000","275,700,000","187,700,000","182,200,000","186,500,000","127,700,000","69,600,000","66,900,000","65,100,000","63,600,000","25,500,000","25,700,000","27,000,000","30,300,000","13,000,000","13,000,000","9,900,000","8,300,000","6,900,000","7,100,000","6,900,000","6,600,000","4,500,000","2,300,000","2,700,000","1,300,000","600,000","500,000","500,000","300,000","300,000",,,,,,,,,,,,
GrossProfit,"6,820,000,000","1,723,000,000","1,759,000,000","1,740,000,000","1,598,000,000","1,567,000,000","1,529,000,000","1,381,000,000","1,400,000,000","1,532,000,000","1,526,000,000","1,503,000,000","1,398,000,000","1,463,000,000","1,449,000,000","1,426,000,000","1,327,000,000","1,389,000,000","1,414,000,000","1,387,000,000","1,274,000,000","1,313,000,000","1,332,000,000","1,295,000,000","1,183,000,000","1,219,000,000","1,265,000,000","1,152,000,000","1,094,000,000","1,267,000,000","1,303,000,000","1,260,000,000","1,164,000,000","1,233,000,000","1,296,000,000","1,215,000,000","1,127,000,000","1,210,000,000","1,232,000,000","1,199,000,000","1,129,000,000","1,261,000,000","1,261,000,000","1,207,000,000","1,108,000,000","1,246,000,000","1,229,000,000","1,162,000,000","1,054,000,000","1,132,000,000","1,167,000,000","1,166,000,000","1,085,000,000","1,136,000,000","1,304,000,000","1,308,000,000","1,174,000,000","1,228,000,000","1,260,000,000","1,266,000,000","1,154,000,000","1,176,000,000","1,260,000,000","1,211,000,000","1,129,000,000","1,160,000,000","1,173,000,000","1,116,000,000","994,000,000","1,091,000,000","1,123,000,000","1,098,000,000","976,000,000","1,051,000,000","1,055,000,000","1,028,000,000","923,000,000","1,069,000,000","1,150,000,000","1,136,000,000","1,044,000,000","1,196,000,000","1,204,000,000","1,183,000,000","1,073,000,000","1,122,238,000","1,253,601,000","1,316,568,000","1,261,593,000","1,177,700,000","810,800,000","1,466,500,000","1,396,200,000","1,528,400,000","1,338,400,000","444,200,000","371,900,000","359,900,000","372,900,000","259,500,000","177,200,000","168,200,000","166,300,000","99,600,000","55,000,000","57,800,000","54,900,000","47,600,000","21,000,000","20,300,000","20,100,000","14,600,000","11,700,000","11,500,000","9,700,000","8,300,000","7,600,000","7,300,000","7,400,000","6,900,000","5,600,000","3,400,000","3,100,000","2,300,000","800,000","700,000","500,000","500,000","400,000",,,,,,,,,,,,
OperatingExpense,"3,863,000,000","1,002,000,000","986,000,000","945,000,000","930,000,000","946,000,000","835,000,000","791,000,000","827,000,000","840,000,000","790,000,000","800,000,000","775,000,000","740,000,000","721,000,000","749,000,000","720,000,000","711,000,000","706,000,000","709,000,000","718,000,000","691,000,000","666,000,000","680,000,000","674,000,000","644,000,000","660,000,000","644,000,000","640,000,000","683,000,000","706,000,000","692,000,000","692,000,000","703,000,000","693,000,000","692,000,000","713,000,000","682,000,000","666,000,000","730,000,000","724,000,000","701,000,000","697,000,000","701,000,000","681,000,000","673,000,000","686,000,000","654,000,000","642,000,000","639,000,000","640,000,000","625,000,000","626,000,000","704,000,000","672,000,000","676,000,000","663,000,000","712,000,000","695,000,000","632,000,000","664,000,000","640,000,000","700,000,000","646,000,000","694,000,000","660,000,000","764,000,000","653,000,000","628,000,000","643,000,000","659,000,000","656,000,000","632,000,000","609,000,000","620,000,000","620,000,000","624,000,000","686,000,000","684,000,000","672,000,000","675,000,000","813,000,000","1,089,000,000","742,000,000","729,000,000","737,642,000","777,800,000","807,138,000","844,420,000","1,022,000,000","1,218,200,000","668,600,000","608,500,000","697,000,000","668,700,000","183,300,000","168,000,000","161,400,000","169,600,000","122,400,000","88,400,000","83,900,000","83,100,000","48,300,000","29,400,000","-700,000","28,500,000","60,300,000","11,500,000","7,200,000","10,900,000","10,600,000","6,300,000","5,800,000","4,800,000","4,300,000","3,700,000","3,500,000","3,600,000","3,200,000","2,500,000","1,500,000","1,700,000","1,500,000","600,000","700,000","400,000","600,000","400,000",,,,,,,,,,,,
	SellingGeneralAndAdministration,"1,827,000,000","483,000,000","458,000,000","438,000,000","448,000,000","496,000,000","412,000,000","355,000,000","411,000,000","433,000,000","379,000,000","381,000,000","400,000,000","351,000,000","332,000,000","355,000,000","362,000,000","357,000,000","346,000,000","343,000,000","380,000,000","364,000,000","322,000,000","333,000,000","351,000,000","333,000,000","322,000,000","316,000,000","336,000,000","366,000,000","365,000,000","347,000,000","362,000,000","363,000,000","347,000,000","347,000,000","370,000,000","356,000,000","335,000,000","407,000,000","407,000,000","407,000,000","380,000,000","382,000,000","382,000,000","396,000,000","369,000,000","345,000,000","351,000,000","365,000,000","339,000,000","323,000,000","337,000,000","382,000,000","369,000,000","358,000,000","368,000,000","371,000,000","365,000,000","343,000,000","353,000,000","348,000,000","344,000,000","328,000,000","368,000,000","324,000,000","309,000,000","313,000,000","330,000,000","318,000,000","316,000,000","317,000,000","316,000,000","295,000,000","297,000,000","301,000,000","323,000,000","407,000,000","376,000,000","359,000,000","387,000,000","452,000,000","383,000,000","398,000,000","389,000,000","387,974,000","411,185,000","444,830,000","494,011,000","610,500,000","765,200,000","284,300,000","258,200,000","305,400,000","294,700,000","83,700,000","81,900,000","77,500,000","81,900,000","59,800,000","42,800,000","41,900,000","41,700,000","25,400,000","14,500,000","-15,300,000","13,900,000","46,100,000","6,100,000","2,400,000","5,900,000","6,000,000","3,500,000","3,200,000","2,900,000","2,500,000","2,200,000","2,200,000","2,300,000","1,900,000","1,700,000","1,000,000","1,200,000","1,200,000","400,000","500,000","200,000","400,000","200,000",,,,,,,,,,,,
		GeneralAndAdministrativeExpense,"1,827,000,000","483,000,000","458,000,000","438,000,000","448,000,000","496,000,000","412,000,000","355,000,000","411,000,000","433,000,000","379,000,000","381,000,000","400,000,000","351,000,000","332,000,000","355,000,000","362,000,000","357,000,000","346,000,000","343,000,000","380,000,000","364,000,000","322,000,000","333,000,000","351,000,000","333,000,000","322,000,000","316,000,000","336,000,000","366,000,000","365,000,000","347,000,000","362,000,000","363,000,000","347,000,000","347,000,000","370,000,000",,,,,,,,,,,,,,,,,,,,,,,,,,,,,,,,,,,,,,,,,,,,,,,,,,,,,,,,,,,,,,,,,,,,,,,,,,,,,,,,,,,,,,,,,,,,,,,,,,,,,,,,
			SalariesAndWages,"1,215,000,000","310,000,000","311,000,000","297,000,000","297,000,000","309,000,000","274,000,000","228,000,000","246,000,000","251,000,000","254,000,000","250,000,000","265,000,000","234,000,000","231,000,000","240,000,000","252,000,000","245,000,000","238,000,000","241,000,000","276,000,000","262,000,000","230,000,000","233,000,000","243,000,000","220,000,000","216,000,000","215,000,000","223,000,000","233,000,000","223,000,000","234,000,000","243,000,000","238,000,000","232,000,000","223,000,000","238,000,000",,,,,,,,,,,,,,,,,,,,,,,,,,,,,,,,,,,,,,,,,,,,,,,,,,,,,,,,,,,,,,,,,,,,,,,,,,,,,,,,,,,,,,,,,,,,,,,,,,,,,,,,
			OtherGandA,"612,000,000","173,000,000","147,000,000","141,000,000","151,000,000","187,000,000","138,000,000","127,000,000","165,000,000","182,000,000","125,000,000","131,000,000","135,000,000","117,000,000","101,000,000","115,000,000","110,000,000","112,000,000","108,000,000","102,000,000","104,000,000","102,000,000","92,000,000","100,000,000","108,000,000","113,000,000","106,000,000","101,000,000","113,000,000","133,000,000","142,000,000","113,000,000","119,000,000","125,000,000","115,000,000","124,000,000","132,000,000",,,,,,,,,,,,,,,,,,,,,,,,,,,,,,,,,,,,,,,,,,,,,,,,,,,,,,,,,,,,,,,,,,,,,,,,,,,,,,,,,,,,,,,,,,,,,,,,,,,,,,,,
	DepreciationAmortizationDepletionIncomeStatement,"1,999,000,000","510,000,000","517,000,000","500,000,000","472,000,000","436,000,000","419,000,000","414,000,000","402,000,000","395,000,000","404,000,000","409,000,000","366,000,000","370,000,000","376,000,000","384,000,000","347,000,000","342,000,000","350,000,000","356,000,000","328,000,000","313,000,000","336,000,000","340,000,000","312,000,000","301,000,000","330,000,000","322,000,000","292,000,000","307,000,000","329,000,000","339,000,000","317,000,000","327,000,000","344,000,000","339,000,000","323,000,000","326,000,000","331,000,000","323,000,000","317,000,000","294,000,000","317,000,000","319,000,000","299,000,000","277,000,000","317,000,000","309,000,000","291,000,000","274,000,000","301,000,000","302,000,000","289,000,000","297,000,000","326,000,000","318,000,000","297,000,000","296,000,000","331,000,000","322,000,000","310,000,000","321,000,000","340,000,000","345,000,000","328,000,000","325,000,000","369,000,000","346,000,000","321,000,000","318,000,000","345,000,000","348,000,000","325,000,000","313,000,000","325,000,000","325,000,000","302,000,000","304,000,000","311,000,000","313,000,000","294,000,000","343,000,000","352,000,000","341,000,000","335,000,000","349,668,000","366,615,000","362,308,000","350,409,000","411,500,000","453,000,000","384,300,000","350,300,000","391,600,000","374,000,000","99,600,000","86,100,000","83,900,000","87,700,000","62,600,000","45,600,000","42,000,000","41,400,000","22,900,000","14,900,000","14,600,000","14,600,000","14,200,000","5,400,000","4,800,000","5,000,000","4,600,000","2,800,000","2,600,000","1,900,000","1,800,000","1,500,000","1,300,000","1,300,000","1,300,000","800,000","500,000","500,000","300,000","200,000","200,000","200,000","200,000","200,000",,,,,,,,,,,,
		DepreciationAndAmortizationInIncomeStatement,"1,999,000,000","510,000,000","517,000,000","500,000,000","472,000,000","436,000,000","419,000,000","414,000,000","402,000,000","395,000,000","404,000,000","409,000,000","366,000,000","370,000,000","376,000,000","384,000,000","347,000,000","342,000,000","350,000,000","356,000,000","328,000,000","313,000,000","336,000,000","340,000,000","312,000,000","301,000,000","330,000,000","322,000,000","292,000,000","307,000,000","329,000,000","339,000,000","317,000,000","327,000,000","344,000,000","339,000,000","323,000,000","326,000,000","331,000,000","323,000,000","317,000,000","294,000,000","317,000,000","319,000,000","299,000,000","277,000,000","317,000,000","309,000,000","291,000,000","274,000,000","301,000,000","302,000,000","289,000,000","297,000,000","326,000,000","318,000,000","297,000,000","296,000,000","331,000,000","322,000,000","310,000,000","321,000,000","340,000,000","345,000,000","328,000,000","325,000,000","369,000,000","346,000,000","321,000,000","318,000,000","345,000,000","348,000,000","325,000,000","313,000,000","325,000,000","325,000,000","302,000,000","304,000,000","311,000,000","313,000,000","294,000,000","343,000,000","352,000,000","341,000,000","335,000,000","349,668,000","366,615,000","362,308,000","350,409,000","411,500,000","453,000,000","384,300,000","350,300,000","391,600,000","374,000,000","99,600,000","86,100,000","83,900,000","87,700,000","62,600,000","45,600,000","42,000,000","41,400,000","22,900,000","14,900,000","14,600,000","14,600,000","14,200,000","5,400,000","4,800,000","5,000,000","4,600,000","2,800,000","2,600,000","1,900,000","1,800,000","1,500,000","1,300,000","1,300,000","1,300,000","800,000","500,000","500,000","300,000","200,000","200,000","200,000","200,000","200,000",,,,,,,,,,,,
			DepreciationIncomeStatement,"1,856,000,000","475,000,000","482,000,000","463,000,000","436,000,000","401,000,000","395,000,000","390,000,000","378,000,000","369,000,000","377,000,000","382,000,000","340,000,000","343,000,000","351,000,000","358,000,000","324,000,000","317,000,000","326,000,000","332,000,000","305,000,000",,"311,000,000","314,000,000","289,000,000","281,000,000","311,000,000","302,000,000","275,000,000","288,000,000","310,000,000","319,000,000","297,000,000","305,000,000","323,000,000","320,000,000","305,000,000",,,,,,,,,,,,,,,,,,,,,,,,,,,,,,,,,,,,,,,,,,,,,,,,,,,,,,,,,,,,,,,,,,,,,,,,,,,,,,,,,,,,,,,,,,,,,,,,,,,,,,,,
			Amortization,"143,000,000","35,000,000","35,000,000","37,000,000","36,000,000","35,000,000","24,000,000","24,000,000","24,000,000","26,000,000","27,000,000","27,000,000","26,000,000","27,000,000","25,000,000","26,000,000","23,000,000","25,000,000","24,000,000","24,000,000","23,000,000",,"25,000,000","26,000,000","23,000,000","20,000,000","19,000,000","20,000,000","17,000,000","19,000,000","19,000,000","20,000,000","20,000,000","22,000,000","21,000,000","19,000,000","18,000,000",,,,,,,,,,,,,,,,,,,,,,,,,,,,,,,,,,,,,,,,,,,,,,,,,,,,,,,,,,,,,,,,,,,,,,,,,,,,,,,,,,,,,,,,,,,,,,,,,,,,,,,,
				AmortizationOfIntangiblesIncomeStatement,"143,000,000","35,000,000","35,000,000","37,000,000","36,000,000","35,000,000","24,000,000","24,000,000","24,000,000","26,000,000","27,000,000","27,000,000","26,000,000","27,000,000","25,000,000","26,000,000","23,000,000","25,000,000","24,000,000","24,000,000","23,000,000",,"25,000,000","26,000,000","23,000,000","20,000,000","19,000,000","20,000,000","17,000,000","19,000,000","19,000,000","20,000,000","20,000,000","22,000,000","21,000,000","19,000,000","18,000,000",,,,,,,,,,,,,,,,,,,,,,,,,,,,,,,,,,,,,,,,,,,,,,,,,,,,,,,,,,,,,,,,,,,,,,,,,,,,,,,,,,,,,,,,,,,,,,,,,,,,,,,,
	ProvisionForDoubtfulAccounts,"37,000,000","9,000,000","11,000,000","7,000,000","10,000,000","14,000,000","4,000,000","22,000,000","14,000,000","12,000,000","7,000,000","10,000,000","9,000,000","19,000,000","13,000,000","10,000,000","11,000,000","12,000,000","10,000,000","10,000,000","10,000,000","14,000,000","8,000,000","7,000,000","11,000,000","10,000,000","8,000,000","6,000,000","12,000,000","10,000,000","12,000,000","6,000,000","13,000,000","13,000,000","2,000,000","6,000,000","20,000,000",,,,,,,,,,,,,,,,,,,,,,,,,,,,,,,,,,,,,,,,,,,,,,,,,,,,,,,,,,,,,,,,,,,,,,,,,,,,,,,,,,,,,,,,,,,,,,,,,,,,,,,,
	OtherOperatingExpenses,,,,,,,,,,,,,,,,,,,,,,,,,,,,,,,,,,,,,,,,,,,,,,,,,,,,,,,"-23,000,000",,"-2,000,000","45,000,000","-1,000,000","-33,000,000","1,000,000",,"16,000,000","-27,000,000","-2,000,000","11,000,000","86,000,000","-6,000,000","-23,000,000","7,000,000","-2,000,000","-9,000,000","-9,000,000","1,000,000","-2,000,000","-6,000,000","-1,000,000","-25,000,000","-3,000,000",,"-6,000,000","18,000,000","354,000,000","3,000,000","5,000,000",,,,,,,,,,,,,,,,,,,,,,,,,,,,,,,,,,,,,,,,,,,,,,,,,,,,,,,,
OperatingIncome,"2,957,000,000","721,000,000","773,000,000","795,000,000","668,000,000","621,000,000","694,000,000","590,000,000","573,000,000","692,000,000","736,000,000","703,000,000","623,000,000","723,000,000","728,000,000","677,000,000","607,000,000","678,000,000","708,000,000","678,000,000","556,000,000","622,000,000","666,000,000","615,000,000","509,000,000","575,000,000","605,000,000","508,000,000","454,000,000","584,000,000","597,000,000","568,000,000","472,000,000","530,000,000","603,000,000","523,000,000","414,000,000","528,000,000","566,000,000","469,000,000","405,000,000","560,000,000","564,000,000","506,000,000","427,000,000","573,000,000","543,000,000","508,000,000","412,000,000","493,000,000","527,000,000","541,000,000","459,000,000","432,000,000","632,000,000","632,000,000","511,000,000","516,000,000","565,000,000","634,000,000","490,000,000","536,000,000","560,000,000","565,000,000","435,000,000","500,000,000","409,000,000","463,000,000","366,000,000","448,000,000","464,000,000","442,000,000","344,000,000","442,000,000","435,000,000","408,000,000","299,000,000","383,000,000","466,000,000","464,000,000","369,000,000","383,000,000","115,000,000","441,000,000","344,000,000","384,596,000","475,801,000","509,430,000","417,173,000","155,700,000","-407,400,000","797,900,000","787,700,000","831,400,000","669,700,000","260,900,000","203,900,000","198,500,000","203,300,000","137,100,000","88,800,000","84,300,000","83,200,000","51,300,000","25,600,000","58,500,000","26,400,000","-12,700,000","9,500,000","13,100,000","9,200,000","4,000,000","5,400,000","5,700,000","4,900,000","4,000,000","3,900,000","3,800,000","3,800,000","3,700,000","3,100,000","1,900,000","1,400,000","800,000","200,000","0","100,000","-100,000","0","-1,900,000","700,000","600,000","600,000","-1,200,000","500,000","500,000","400,000","-500,000","400,000","400,000","400,000"
NetNonOperatingInterestIncomeExpense,"-365,000,000","-83,000,000","-87,000,000","-98,000,000","-97,000,000","-97,000,000","-97,000,000","-119,000,000","-112,000,000","-110,000,000","-105,000,000","-100,000,000","-96,000,000","-97,000,000","-93,000,000","-93,000,000","-91,000,000","-91,000,000","-90,000,000","-90,000,000","-92,000,000","-94,000,000","-94,000,000","-93,000,000","-95,000,000","-91,000,000","-95,000,000","-95,000,000","-104,000,000","-114,000,000","-116,000,000","-115,000,000","-121,000,000","-116,000,000","-119,000,000","-121,000,000","-121,000,000","-122,000,000","-121,000,000","-120,000,000","-121,000,000","-121,000,000","-117,000,000","-117,000,000","-118,000,000","-118,000,000","-125,000,000","-114,000,000","-112,000,000","-107,000,000","-101,000,000","-104,000,000","-101,000,000",,,,,,,,,,,,,,,,,,,,,,,,,,,,,,,,,,,,,,,,,,,,,,,,,,,,,,,,,,,,,,,,,,,,,,,,,,,,,,,,,,,,,,,,
	InterestIncomeNonOperating,,,,,,,,,,,,,,,,,,,,,,,,,,,,,,"1,000,000",,,"1,000,000","2,000,000","0","1,000,000","1,000,000","0","2,000,000","1,000,000","1,000,000","2,000,000","1,000,000","2,000,000","3,000,000","1,000,000","1,000,000","2,000,000","0","3,000,000","3,000,000","3,000,000","4,000,000",,,,,,,,,,,,,,,,,,,,,,,,,,,,,,,,,,,,,,,,,,,,,,,,,,,,,,,,,,,,,,,,,,,,,,,,,,,,,,,,,,,,,,,,
	InterestExpenseNonOperating,"365,000,000","83,000,000","87,000,000","98,000,000","97,000,000","97,000,000","97,000,000","119,000,000","112,000,000","110,000,000","105,000,000","100,000,000","96,000,000","97,000,000","93,000,000","93,000,000","91,000,000","91,000,000","90,000,000","90,000,000","92,000,000","94,000,000","94,000,000","93,000,000","95,000,000","91,000,000","95,000,000","95,000,000","104,000,000","114,000,000","116,000,000","115,000,000","121,000,000","118,000,000","119,000,000","122,000,000","122,000,000","122,000,000","123,000,000","121,000,000","122,000,000","123,000,000","118,000,000","119,000,000","121,000,000","119,000,000","126,000,000","116,000,000","112,000,000","110,000,000","104,000,000","107,000,000","105,000,000",,,,,,,,,,,,,,,,,,,,,,,,,,,,,,,,,,,,,,,,,,,,,,,,,,,,,,,,,,,,,,,,,,,,,,,,,,,,,,,,,,,,,,,,
OtherIncomeExpense,"-243,000,000","4,000,000","20,000,000","-241,000,000","-26,000,000","23,000,000","-81,000,000","-76,000,000","-26,000,000","-51,000,000","-16,000,000","-106,000,000","-65,000,000","33,000,000","-38,000,000","25,000,000","-5,000,000","-3,000,000","-15,000,000","-18,000,000","-30,000,000","-18,000,000","-115,000,000","-63,000,000","-18,000,000","-87,000,000","-14,000,000","-24,000,000","-572,000,000","129,000,000","-67,000,000","-51,000,000","-15,000,000","-1,017,000,000","-32,000,000","-19,000,000","-31,000,000","-57,000,000","-97,000,000","-15,000,000","-12,000,000","-27,000,000","-26,000,000","-9,000,000","-3,000,000","-1,000,000","-7,000,000","70,000,000","2,000,000","-39,000,000","-1,000,000","-7,000,000","-87,000,000","3,000,000","24,000,000","-1,000,000","-2,000,000","26,000,000","2,000,000","11,000,000","-33,000,000","-54,000,000","-38,000,000","37,000,000","-5,000,000","-39,000,000","-140,000,000","-19,000,000","-3,000,000","-35,000,000","-24,000,000","-15,000,000","-12,000,000","2,000,000","5,000,000","-12,000,000","-15,000,000","72,000,000","3,000,000","1,000,000","-29,000,000","-14,000,000","-353,000,000","-1,000,000","1,000,000","-72,071,000","-359,810,000","-204,132,000","-89,987,000","41,200,000","-703,200,000","-60,500,000","19,800,000","-407,600,000","-2,212,600,000","3,600,000","36,100,000","6,300,000","-124,800,000","4,800,000","5,000,000","4,500,000","-130,100,000","-49,200,000","2,000,000","-28,400,000","1,200,000","1,000,000","1,200,000","-2,700,000","1,000,000","600,000","200,000","100,000","400,000","600,000","500,000","700,000","100,000","200,000","100,000","400,000","400,000","200,000","100,000","0",,,,,,,,,,,,,,,
	EarningsFromEquityInterest,"-36,000,000","-2,000,000","-14,000,000","-11,000,000","-9,000,000","-12,000,000","-16,000,000","-14,000,000","-26,000,000","-16,000,000","-14,000,000","-16,000,000","-9,000,000","-12,000,000","-9,000,000","-13,000,000","-7,000,000","-15,000,000","-8,000,000","-13,000,000","-32,000,000","-12,000,000","-9,000,000","-16,000,000","-7,000,000","-6,000,000","-9,000,000","-15,000,000","-8,000,000","-17,000,000","-14,000,000","-13,000,000","-9,000,000","-15,000,000","-3,000,000","-8,000,000","-8,000,000","-11,000,000","-17,000,000","-11,000,000","-7,000,000","-11,000,000","-7,000,000","-9,000,000","-4,000,000",,"-8,000,000",,,,,,,"0",,"-2,000,000","-2,000,000","10,000,000","1,000,000","-22,000,000","-24,000,000","-18,000,000","-20,000,000","10,000,000","-8,000,000","-28,000,000","-27,000,000","-26,000,000","-26,000,000","-28,000,000","-27,000,000","-24,000,000","-19,000,000",,,,,,,,,,,,,,,,,,,,,,,,,,,,,,,,,,,,,,,,,,,,,,,,,,,,,,,,,,,,,,,,,,,,
	SpecialIncomeCharges,"-212,000,000","-3,000,000","33,000,000","-224,000,000","-18,000,000","32,000,000","-66,000,000","-63,000,000","0","-37,000,000","-3,000,000","-91,000,000","-2,000,000","44,000,000","-29,000,000","38,000,000","1,000,000","20,000,000","-7,000,000","-5,000,000","2,000,000","-5,000,000","-106,000,000","-7,000,000","-2,000,000","-76,000,000","-4,000,000","-8,000,000","-564,000,000","168,000,000","-51,000,000","-36,000,000","-3,000,000","-940,000,000","-26,000,000","-13,000,000","-12,000,000","-28,000,000","-80,000,000","-4,000,000","-5,000,000","-16,000,000","-19,000,000","0","1,000,000","20,000,000","1,000,000","70,000,000","2,000,000","-37,000,000","-1,000,000","-7,000,000","-87,000,000","3,000,000","24,000,000","1,000,000",,"16,000,000","1,000,000","33,000,000","-9,000,000","-36,000,000","-18,000,000","27,000,000","3,000,000","-11,000,000","-113,000,000","7,000,000","23,000,000","-7,000,000","3,000,000","9,000,000","7,000,000","2,000,000","5,000,000","-12,000,000","-15,000,000","72,000,000","3,000,000","1,000,000","-29,000,000","-14,000,000","-353,000,000","-1,000,000","1,000,000","-72,071,000","-359,810,000","-204,132,000","-89,987,000","41,200,000","-703,200,000","-60,500,000","19,800,000","-407,600,000","-2,212,600,000","3,600,000","36,100,000","6,300,000","-124,800,000","4,800,000","5,000,000","4,500,000","-130,100,000","-49,200,000","2,000,000","-28,400,000","1,200,000","1,000,000","1,200,000","-2,700,000","1,000,000","600,000","200,000","100,000","400,000","600,000","500,000","700,000","100,000","200,000","100,000","400,000","400,000","200,000","100,000","0",,,,,,,,,,,,,,,
		RestructuringAndMergernAcquisition,"8,000,000","2,000,000","1,000,000","4,000,000","1,000,000","0","7,000,000","2,000,000","0","3,000,000","1,000,000","0","2,000,000","0","1,000,000","1,000,000","2,000,000",,"-2,000,000","1,000,000","1,000,000","0",,"2,000,000","2,000,000","8,000,000","2,000,000","4,000,000","1,000,000","13,000,000","67,000,000","1,000,000","1,000,000","5,000,000","3,000,000","2,000,000","8,000,000","16,000,000","44,000,000","3,000,000","4,000,000","4,000,000","15,000,000","0",,"-1,000,000","0","-1,000,000","0","4,000,000","3,000,000","5,000,000","38,000,000",,,,,"-59,000,000",,"1,000,000","9,000,000","64,000,000","3,000,000",,,"1,000,000","27,000,000",,,"0","-1,000,000",,,"1,000,000",,"23,000,000","20,000,000","0","1,000,000",,"37,000,000",,,,,,,,,,,,,,,,,,,,,,,,,,,,,,,,,,,,,,,,,,,,,,,,,,,,,,,,,,,,
		OtherSpecialCharges,"220,000,000","0",,"220,000,000",,"1,000,000","52,000,000",,,"0","1,000,000","84,000,000",,,,,,"6,000,000",,,,"0",,"3,000,000","1,000,000","3,000,000",,"2,000,000","550,000,000",,,,,,,,,,"36,000,000","1,000,000","1,000,000","12,000,000","4,000,000",,,"-19,000,000","-1,000,000","-69,000,000","-2,000,000","33,000,000","-2,000,000","2,000,000","49,000,000",,,,,"43,000,000",,"-34,000,000",,"-28,000,000","15,000,000",,,"10,000,000","86,000,000",,,"7,000,000","-2,000,000",,,"-3,000,000",,"-11,000,000","-5,000,000","-72,000,000","-4,000,000",,"-8,000,000",,,,,,,,,,,,,,,,,,,,,,,,,,,,,,,,,,,,,,,,,,,,,,,,,,,,,,,,,,,,
		GainOnSaleOfBusiness,"16,000,000","-1,000,000","34,000,000","0","-17,000,000","33,000,000","-7,000,000","-61,000,000",,"-34,000,000","-1,000,000","-7,000,000","0","44,000,000","-28,000,000","39,000,000","3,000,000","26,000,000","-9,000,000","-4,000,000","3,000,000","-5,000,000","-106,000,000","-2,000,000","1,000,000","-65,000,000","-2,000,000","-2,000,000","-13,000,000","191,000,000","16,000,000","-35,000,000","-2,000,000","-426,000,000","-23,000,000","-11,000,000","-4,000,000",,,,,,,,,,,,,,,,,,,,,,,,,,,,,,,,,,,,,,,,,,,,,,,,,,,,,,,,,,,,,,,,,,,,,,,,,,,,,,,,,,,,,,,,,,,,,,,,,,,,,,,,
	OtherNonOperatingIncomeExpenses,"5,000,000","9,000,000","1,000,000","-6,000,000","1,000,000","3,000,000","1,000,000","1,000,000",,"2,000,000","1,000,000","1,000,000","-54,000,000","1,000,000",,,"1,000,000","-8,000,000",,,,"-1,000,000",,"-40,000,000","-9,000,000","-5,000,000","-1,000,000","-1,000,000",,"-22,000,000","-2,000,000","-2,000,000","-3,000,000","-62,000,000","-3,000,000","2,000,000","-11,000,000",,,,,,,,,,,,,,,,,,,,,,,,,,,,,,,,,,,,,,,,,,,,,,,,,,,,,,,,,,,,,,,,,,,,,,,,,,,,,,,,,,,,,,,,,,,,,,,,,,,,,,,,
PretaxIncome,"2,349,000,000","642,000,000","706,000,000","456,000,000","545,000,000","547,000,000","516,000,000","395,000,000","435,000,000","531,000,000","615,000,000","497,000,000","462,000,000","659,000,000","597,000,000","609,000,000","511,000,000","584,000,000","603,000,000","570,000,000","434,000,000","510,000,000","457,000,000","459,000,000","396,000,000","397,000,000","496,000,000","389,000,000","-222,000,000","599,000,000","414,000,000","402,000,000","336,000,000","-603,000,000","452,000,000","383,000,000","262,000,000","349,000,000","348,000,000","334,000,000","272,000,000","412,000,000","421,000,000","381,000,000","306,000,000","454,000,000","411,000,000","464,000,000","302,000,000","347,000,000","425,000,000","430,000,000","271,000,000","343,000,000","511,000,000","517,000,000","385,000,000","456,000,000","436,000,000","480,000,000","331,000,000","325,000,000","413,000,000","447,000,000","289,000,000","341,000,000","226,000,000","305,000,000","220,000,000","338,000,000","337,000,000","297,000,000","206,000,000","337,000,000","329,000,000","282,000,000","175,000,000","322,000,000","352,000,000","352,000,000","221,000,000","272,000,000","-1,000,000","304,000,000","212,000,000","155,761,000","-59,758,000","105,144,000","119,853,000","-19,800,000","-1,283,600,000","545,900,000","624,900,000","231,400,000","-1,692,200,000","211,800,000","201,600,000","171,300,000","48,700,000","120,500,000","81,900,000","77,000,000","-58,400,000","-5,500,000","21,900,000","24,300,000","19,100,000","-27,000,000","7,600,000","8,500,000","7,200,000","1,500,000","3,600,000","4,200,000","3,500,000","3,300,000","3,100,000","3,100,000","3,000,000","3,000,000","2,400,000","1,500,000","1,000,000","800,000",,,,,,,,,,,,,,,,,
TaxProvision,"532,000,000","136,000,000","167,000,000","105,000,000","124,000,000","109,000,000","126,000,000","88,000,000","74,000,000","84,000,000","120,000,000","115,000,000","115,000,000","128,000,000","99,000,000","110,000,000","116,000,000","-319,000,000","215,000,000","209,000,000","137,000,000","176,000,000","153,000,000","173,000,000","140,000,000","124,000,000","159,000,000","116,000,000","-91,000,000","1,000,000","133,000,000","180,000,000","99,000,000","-4,000,000","155,000,000","127,000,000","86,000,000","114,000,000","125,000,000","115,000,000","89,000,000","134,000,000","136,000,000","131,000,000","110,000,000","160,000,000","153,000,000","206,000,000","110,000,000","16,000,000","133,000,000","163,000,000","101,000,000","125,000,000","201,000,000","199,000,000","144,000,000","147,000,000","158,000,000","142,000,000","109,000,000","79,000,000","113,000,000","30,000,000","103,000,000","51,000,000","11,000,000","-222,000,000","70,000,000","69,000,000","35,000,000","81,000,000","62,000,000","111,000,000","119,000,000","106,000,000","68,000,000","84,000,000","121,000,000","135,000,000","84,000,000","114,000,000","-32,000,000","113,000,000","89,000,000","117,237,000","131,084,000","104,829,000","64,850,000","92,500,000","-335,800,000","227,600,000","260,600,000","150,400,000","-424,700,000","84,700,000","80,600,000","68,500,000","23,500,000","48,200,000","32,800,000","30,800,000","-19,500,000","-15,400,000","1,400,000","-14,800,000","200,000","800,000","2,800,000","3,000,000","2,600,000","500,000","1,300,000","1,600,000","1,100,000","1,200,000","1,100,000","1,100,000","1,100,000","1,100,000","900,000","500,000","300,000","300,000",,,,,,,,,,,,,,,,,
NetIncomeCommonStockholders,"1,816,000,000","506,000,000","538,000,000","351,000,000","421,000,000","438,000,000","390,000,000","307,000,000","361,000,000","447,000,000","495,000,000","381,000,000","347,000,000","531,000,000","499,000,000","499,000,000","396,000,000","903,000,000","386,000,000","362,000,000","298,000,000","335,000,000","302,000,000","287,000,000","258,000,000","273,000,000","335,000,000","274,000,000","-129,000,000","590,000,000","270,000,000","210,000,000","228,000,000","-605,000,000","291,000,000","244,000,000","168,000,000","224,000,000","214,000,000","208,000,000","171,000,000","266,000,000","272,000,000","237,000,000","186,000,000","281,000,000","244,000,000","246,000,000","182,000,000","315,000,000","277,000,000","247,000,000","170,000,000","218,000,000","310,000,000","318,000,000","241,000,000","309,000,000","278,000,000","338,000,000","222,000,000","246,000,000","300,000,000","417,000,000","186,000,000","290,000,000","215,000,000","527,000,000","150,000,000","269,000,000","302,000,000","216,000,000","152,000,000","183,000,000","210,000,000","176,000,000","61,000,000","236,000,000","231,000,000","217,000,000","138,000,000","158,000,000","30,000,000","191,000,000","124,000,000","38,524,000","-190,842,000","315,000","55,003,000","-114,800,000","-947,800,000","318,300,000","364,300,000","81,000,000","-1,267,500,000","123,200,000","121,000,000","102,800,000","18,900,000","72,300,000","49,100,000","46,200,000","-38,900,000","9,900,000","20,500,000","39,100,000","18,900,000","-27,800,000","4,800,000","5,500,000","4,600,000","800,000","2,300,000","2,600,000","2,400,000","2,100,000","2,000,000","2,000,000","1,900,000","1,900,000","1,500,000","1,000,000","700,000","500,000","200,000","100,000","100,000","-100,000",,,,,,,,,,,,,
	NetIncome,"1,816,000,000","506,000,000","538,000,000","351,000,000","421,000,000","438,000,000","390,000,000","307,000,000","361,000,000","447,000,000","495,000,000","381,000,000","347,000,000","531,000,000","499,000,000","499,000,000","396,000,000","903,000,000","386,000,000","362,000,000","298,000,000","335,000,000","302,000,000","287,000,000","258,000,000","273,000,000","335,000,000","274,000,000","-129,000,000","590,000,000","270,000,000","210,000,000","228,000,000","-605,000,000","291,000,000","244,000,000","168,000,000","224,000,000","214,000,000","208,000,000","171,000,000","266,000,000","272,000,000","237,000,000","186,000,000","281,000,000","244,000,000","246,000,000","182,000,000","315,000,000","277,000,000","247,000,000","170,000,000","218,000,000","310,000,000","318,000,000","241,000,000","309,000,000","278,000,000","338,000,000","222,000,000","246,000,000","300,000,000","417,000,000","186,000,000","290,000,000","215,000,000","527,000,000","150,000,000","269,000,000","302,000,000","216,000,000","152,000,000","183,000,000","210,000,000","176,000,000","61,000,000","236,000,000","231,000,000","217,000,000","138,000,000","158,000,000","30,000,000","191,000,000","124,000,000","38,524,000","-190,842,000","315,000","55,003,000","-114,800,000","-947,800,000","318,300,000","364,300,000","81,000,000","-1,267,500,000","123,200,000","121,000,000","102,800,000","18,900,000","72,300,000","49,100,000","46,200,000","-38,900,000","9,900,000","20,500,000","39,100,000","18,900,000","-27,800,000","4,800,000","5,500,000","4,600,000","1,000,000","2,300,000","2,600,000","2,400,000","2,100,000","2,000,000","2,000,000","1,900,000","1,900,000","1,500,000","1,000,000","700,000","500,000","200,000","100,000","100,000","-100,000",,,,,,,,,,,,,
		NetIncomeIncludingNoncontrollingInterests,"1,817,000,000","506,000,000","539,000,000","351,000,000","421,000,000","438,000,000","390,000,000","307,000,000","361,000,000","447,000,000","495,000,000","382,000,000","347,000,000","531,000,000","498,000,000","499,000,000","395,000,000","903,000,000","388,000,000","361,000,000","297,000,000","334,000,000","304,000,000","286,000,000","256,000,000","273,000,000","337,000,000","273,000,000","-131,000,000","598,000,000","281,000,000","222,000,000","237,000,000","-599,000,000","297,000,000","256,000,000","176,000,000","235,000,000","223,000,000","219,000,000","183,000,000","278,000,000","285,000,000","250,000,000","196,000,000","294,000,000","258,000,000","258,000,000","192,000,000","331,000,000","292,000,000","267,000,000","185,000,000","226,000,000","323,000,000","331,000,000","248,000,000","322,000,000","290,000,000","349,000,000","232,000,000","257,000,000","311,000,000","427,000,000","198,000,000","305,000,000","227,000,000","538,000,000","160,000,000","279,000,000","312,000,000","225,000,000","159,000,000","184,000,000","212,000,000","178,000,000","62,000,000","239,000,000","232,000,000","219,000,000","139,000,000","160,000,000","30,000,000","193,000,000","125,000,000","43,336,000","-185,223,000","6,912,000","60,975,000","-108,300,000","-943,100,000","324,800,000","370,800,000","91,000,000","-1,291,400,000","123,200,000","121,000,000","102,800,000","18,900,000","72,300,000","49,100,000","46,200,000","-38,900,000","9,900,000","20,500,000","39,100,000","18,900,000","-27,800,000","4,800,000","5,500,000","4,600,000","1,000,000","2,300,000","2,600,000","2,400,000","2,100,000","2,000,000","2,000,000","2,000,000","2,000,000","1,600,000","1,000,000","700,000","500,000","200,000","100,000","100,000","-100,000",,,,,,"100,000","100,000",,,"100,000","100,000","100,000","100,000"
			NetIncomeContinuousOperations,"1,817,000,000","506,000,000","539,000,000","351,000,000","421,000,000","438,000,000","390,000,000","307,000,000","361,000,000","447,000,000","495,000,000","382,000,000","347,000,000","531,000,000","498,000,000","499,000,000","395,000,000","903,000,000","388,000,000","361,000,000","297,000,000","334,000,000","304,000,000","286,000,000","256,000,000","273,000,000","337,000,000","273,000,000","-131,000,000","598,000,000","281,000,000","222,000,000","237,000,000","-599,000,000","297,000,000","256,000,000","176,000,000","235,000,000","223,000,000","219,000,000","183,000,000","278,000,000","285,000,000","250,000,000","196,000,000","294,000,000","258,000,000","258,000,000","192,000,000","331,000,000","292,000,000","267,000,000","185,000,000","259,000,000","310,000,000","318,000,000","241,000,000","309,000,000","278,000,000","338,000,000","222,000,000","246,000,000","300,000,000","417,000,000","186,000,000","290,000,000","215,000,000","527,000,000","150,000,000","269,000,000","302,000,000","216,000,000","144,000,000","226,000,000","210,000,000","176,000,000","107,000,000","238,000,000","231,000,000","217,000,000","137,000,000","158,000,000","31,000,000","191,000,000","123,000,000","38,524,000","-190,842,000","315,000","55,003,000","-112,300,000","-947,800,000","318,300,000","364,300,000","81,000,000","-1,267,500,000","127,100,000","121,000,000","102,800,000","25,200,000","72,300,000","49,100,000","46,200,000","-38,900,000","9,900,000","20,500,000","39,100,000","18,900,000","-27,800,000","4,800,000","5,500,000","4,600,000","1,000,000","2,300,000","2,600,000","2,400,000","2,100,000","2,000,000","2,000,000","1,900,000","1,900,000","1,500,000","1,000,000","700,000","500,000","200,000","100,000","100,000","-100,000",,,,,,"100,000","100,000",,,"100,000","100,000","100,000","100,000"
			NetIncomeExtraordinary,,,,,,,,,,,,,,,,,,,,,,,,,,,,,,,,,,,,,,,,,,,,,,,,,,,,,,,,,,,,,,,,,,,,,,"0",,,"8,000,000","-43,000,000",,,"-46,000,000","0",,,"2,000,000","0",,,"2,000,000",,,,,,,,,,,,,,,,,,,,,,,,,,,,,,,,,,,,,,,,,,,,,,,,,,,,,,,,
			NetIncomeFromTaxLossCarryforward,,,,,,,,,,,,,,,,,,,,,,,,,,,,,,,,,,,,,,,,,,,,,,,,,,,,,,,,,,,,,,,,,,,,,,,,,,,,,,"-2,000,000",,,"-1,000,000","0","-1,000,000",,"-1,000,000",,,,,,,,,"0",,"-3,900,000",,"0","-6,300,000",,,,,,,,,,,,,,,,,,,,,,,,,,,,,,,,,,,,,,,,,,
		MinorityInterests,"-1,000,000","0","-1,000,000","0","0","0","0","0","0","0","0","-1,000,000","0","0","1,000,000","0","1,000,000","0","-2,000,000","1,000,000","1,000,000","1,000,000","-2,000,000","1,000,000","2,000,000","0","-2,000,000","1,000,000","2,000,000","-8,000,000","-11,000,000","-12,000,000","-9,000,000","-6,000,000","-6,000,000","-12,000,000","-8,000,000","-11,000,000","-9,000,000","-11,000,000","-12,000,000","-12,000,000","-13,000,000","-13,000,000","-10,000,000","-13,000,000","-14,000,000","-12,000,000","-10,000,000","-16,000,000","-15,000,000","-20,000,000","-15,000,000","-8,000,000","-13,000,000","-13,000,000","-7,000,000","-13,000,000","-12,000,000","-11,000,000","-10,000,000","-11,000,000","-11,000,000","-10,000,000","-12,000,000","-15,000,000","-12,000,000","-11,000,000","-10,000,000","-10,000,000","-10,000,000","-9,000,000","-7,000,000","-1,000,000","-2,000,000","-2,000,000","-1,000,000","-3,000,000","-1,000,000","-2,000,000","-1,000,000","-2,000,000",,"-2,000,000","-1,000,000","-4,812,000","-5,619,000","-6,597,000","-5,972,000","-6,500,000","-4,700,000","-6,500,000","-6,500,000","-10,000,000","23,900,000",,,,,,,,,,,,,,,,,,,,,,,"0","-100,000","-100,000","-100,000",,,,,,,,,,,,,,,,,,,,
	PreferredStockDividends,,,,,,,,,,,,,,,,,,,,,,,,,,,,,,,,,,,,,,,,,,,,,,,,,,,,,,,,,,,,,,,,,,,,,,,,,,,,,,,,,,,,,,,,,,,,,,,,,,,,,,,,,,,,,,"0",,"200,000",,,,,,,,,,,,,,,,,,,,,,,,,,,,,
DilutedNIAvailtoComStockholders,"1,816,000,000","506,000,000","538,000,000","351,000,000","421,000,000","438,000,000","390,000,000","307,000,000","361,000,000","447,000,000","495,000,000","381,000,000","347,000,000","531,000,000","499,000,000","499,000,000","396,000,000","903,000,000","386,000,000","362,000,000","298,000,000","335,000,000","302,000,000","287,000,000","258,000,000","273,000,000","335,000,000","274,000,000","-129,000,000","590,000,000","270,000,000","210,000,000","228,000,000","-605,000,000","291,000,000","244,000,000","168,000,000","224,000,000","214,000,000","208,000,000","171,000,000","266,000,000","272,000,000","237,000,000","186,000,000","281,000,000","244,000,000","246,000,000","182,000,000","315,000,000","277,000,000","247,000,000","170,000,000","218,000,000","310,000,000","318,000,000","241,000,000","309,000,000","278,000,000","338,000,000","222,000,000","246,000,000","300,000,000","417,000,000","186,000,000","290,000,000","215,000,000","527,000,000","150,000,000","269,000,000","302,000,000","216,000,000","152,000,000","183,000,000","210,000,000","176,000,000","61,000,000","236,000,000","231,000,000","217,000,000","138,000,000","158,000,000","30,000,000","191,000,000","124,000,000","38,524,000","-190,842,000","315,000","55,003,000","-114,800,000","-947,800,000","318,300,000","364,300,000","81,000,000","-1,267,500,000","123,200,000","121,000,000","102,800,000","18,900,000","72,300,000","49,100,000","46,200,000","-38,900,000","9,900,000","20,500,000","39,100,000","18,900,000","-27,800,000","4,800,000","5,500,000","4,600,000","800,000","2,300,000","2,600,000","2,400,000","2,100,000","2,000,000","2,000,000","1,900,000","1,900,000","1,500,000","1,000,000","700,000","500,000","200,000","100,000","100,000","-100,000",,,,,,,,,,,,,
BasicEPS,,"1.21","1.28","0.83","1","1.04","0.92","0.73","0.85","1.05","1.17","0.9","0.82","1.25","1.16","1.16","0.91","2.08","0.88","0.82","0.68","0.76","0.68","0.65","0.58","0.61","0.75","0.6","-0.28","1.29","0.59","0.45","0.49",,"0.62","0.52","0.36",,"0.46","0.45","0.37",,"0.58","0.5","0.39",,"0.51","0.51","0.37",,"0.56","0.5","0.31",,"0.63","0.65","0.49",,"0.54","0.65","0.42",,"0.56","0.77","0.34",,"0.39","0.93","0.26",,"0.52","0.37","0.26",,"0.36","0.3","0.1",,"0.38","0.35","0.22",,"0.05","0.31","0.2",,"-0.31","0","0.09",,"-1.53","0.52","0.6",,"-2.21","0.56","0.55",,"0.06","0.43","0.3",,"-0.16","0.03","0.2",,"0.35","-0.54","0.21",,"0.21","0.04","0.19",,"0.2","0.19","0.18",,"0.17","0.16","0.14",,"0.07","0.06","0.05",,"0.05","-0.03","0.01",,"0.01","0.01",,,"0.02","0.02","0.02",,"0.06","0.06","0.06"
DilutedEPS,,"1.2","1.28","0.83","0.99","1.03","0.92","0.72","0.85","1.05","1.16","0.89","0.81","1.24","1.16","1.15","0.91","2.06","0.87","0.81","0.67","0.75","0.68","0.64","0.58","0.61","0.74","0.6","-0.28","1.28","0.58","0.45","0.49",,"0.62","0.52","0.36",,"0.46","0.45","0.37",,"0.58","0.5","0.39",,"0.51","0.51","0.37",,"0.56","0.5","0.31",,"0.63","0.64","0.48",,"0.54","0.64","0.42",,"0.55","0.76","0.34",,"0.38","0.92","0.26",,"0.52","0.37","0.26",,"0.35","0.3","0.1",,"0.38","0.35","0.22",,"0.05","0.3","0.2",,"-0.31","0","0.09",,"-1.53","0.5","0.58",,"-2.21","0.52","0.52",,"0.06","0.4","0.29",,"-0.16","0.03","0.19",,"0.35","-0.54","0.21",,"0.21","0.04","0.19",,"0.2","0.19","0.18",,"0.17","0.16","0.14",,"0.07","0.06","0.05",,"0.05","-0.03","0.01",,"0.01","0.01",,,"0.02","0.02","0.02",,"0.06","0.06","0.06"
BasicAverageShares,,"417,900,000","419,500,000","421,600,000","422,900,000","422,900,000","422,700,000","422,300,000","424,200,000","424,500,000","424,500,000","424,800,000","424,500,000","425,300,000","427,900,000","429,900,000","433,300,000","434,400,000","437,800,000","441,900,000","441,300,000","441,100,000","442,900,000","444,000,000","446,100,000","447,300,000","449,600,000","455,500,000","458,500,000","458,500,000","460,800,000","465,900,000","465,200,000",,"469,300,000","467,900,000","465,700,000",,"464,100,000","463,400,000","462,100,000",,"468,300,000","474,200,000","475,700,000",,"477,300,000","482,100,000","485,600,000",,"492,200,000","492,400,000","491,800,000",,"490,800,000","490,700,000","496,000,000",,"514,814,815","520,000,000","528,571,429",,"535,714,286","541,558,442","547,058,824",,"551,282,051","566,666,667","576,923,077",,"580,769,231","583,783,784","584,615,385",,"583,333,333","586,666,667","610,000,000",,"607,894,737","620,000,000","627,272,727",,"600,000,000","616,129,032","620,000,000",,"621,505,000","621,065,000","620,633,000",,"619,477,124","612,115,385","607,166,667",,"573,529,412","220,000,000","220,000,000",,"166,301,370","168,139,535","163,666,667",,"138,343,000","91,699,000","65,938,000",,"54,000,000","51,481,481","22,857,143",,"21,904,762","20,000,000","12,105,263",,"12,000,000","11,052,632","11,111,111",,"11,176,471","11,875,000","10,714,286",,"10,000,000","8,333,333","4,000,000",,"2,878,000","3,333,333","2,808,000",,"2,808,000","2,808,000","2,808,000",,"1,757,000","1,757,000","1,757,000",,"1,757,000","1,757,000","1,757,000"
DilutedAverageShares,,"420,600,000","422,000,000","423,600,000","424,300,000","425,100,000","424,600,000","423,900,000","426,400,000","427,400,000","427,400,000","427,500,000","426,900,000","428,500,000","430,800,000","432,300,000","435,800,000","437,700,000","440,800,000","444,400,000","444,100,000","444,200,000","445,700,000","446,700,000","448,600,000","450,600,000","452,700,000","458,000,000","458,500,000","461,900,000","463,600,000","465,900,000","466,900,000",,"471,200,000","469,400,000","466,500,000",,"464,900,000","464,000,000","463,400,000",,"469,700,000","476,000,000","477,600,000",,"481,000,000","485,800,000","488,100,000",,"494,600,000","493,700,000","493,000,000",,"494,100,000","494,600,000","498,300,000",,"514,814,815","528,125,000","528,571,429",,"545,454,545","548,684,211","547,058,824",,"565,789,474","572,826,087","576,923,077",,"580,769,231","583,783,784","584,615,385",,"600,000,000","586,666,667","610,000,000",,"607,894,737","620,000,000","627,272,727",,"600,000,000","636,666,667","620,000,000",,"621,505,000","622,860,000","621,542,000",,"619,477,124","636,600,000","628,103,448",,"573,529,412","236,923,077","232,692,308",,"175,942,029","180,750,000","169,310,345",,"138,343,000","91,699,000","65,938,000",,"54,000,000","51,481,481","22,857,143",,"21,904,762","20,000,000","12,105,263",,"12,000,000","11,052,632","11,111,111",,"11,176,471","11,875,000","10,714,286",,"10,000,000","8,333,333","4,000,000",,"2,878,000","3,333,333","2,808,000",,"2,808,000","2,808,000","2,808,000",,"1,757,000","1,757,000","1,757,000",,"1,757,000","1,757,000","1,757,000"
TotalOperatingIncomeAsReported,"2,965,000,000","718,000,000","806,000,000","791,000,000","650,000,000","654,000,000","680,000,000","527,000,000","573,000,000","655,000,000","734,000,000","696,000,000","621,000,000","767,000,000","699,000,000","715,000,000","608,000,000","704,000,000","701,000,000","673,000,000","558,000,000","617,000,000","560,000,000","611,000,000","508,000,000","502,000,000","601,000,000","502,000,000","440,000,000","752,000,000","546,000,000","532,000,000","469,000,000","-410,000,000","577,000,000","510,000,000","402,000,000","484,000,000","500,000,000","466,000,000","401,000,000","552,000,000","543,000,000","506,000,000","427,000,000","574,000,000","544,000,000","586,000,000","412,000,000","456,000,000","525,000,000","534,000,000","372,000,000","459,000,000","632,000,000","632,000,000","511,000,000","575,000,000","565,000,000","633,000,000","481,000,000","472,000,000","557,000,000","565,000,000","435,000,000","499,000,000","382,000,000","463,000,000","366,000,000","448,000,000","465,000,000","442,000,000","344,000,000","441,000,000","435,000,000","385,000,000","279,000,000","383,000,000","465,000,000","464,000,000","332,000,000","383,000,000","115,000,000","441,000,000","344,000,000","384,596,000","475,801,000","509,430,000","417,173,000","155,700,000","-407,400,000","797,900,000","787,700,000","831,400,000","669,700,000","260,900,000","203,900,000","198,500,000","203,300,000","137,100,000","88,800,000","84,300,000","83,200,000","51,300,000","25,600,000","58,500,000","26,400,000","-12,700,000","9,500,000","13,100,000","9,200,000","4,000,000","5,400,000","5,700,000","4,900,000","4,000,000","3,900,000","3,800,000","3,800,000","3,700,000","3,100,000","1,900,000","1,400,000","800,000","200,000","0","100,000","-100,000",,,,,,,,,,,,,
TotalExpenses,"14,974,000,000","3,957,000,000","3,892,000,000","3,681,000,000","3,444,000,000","3,446,000,000","3,167,000,000","2,971,000,000","3,156,000,000","3,154,000,000","3,231,000,000","3,243,000,000","3,073,000,000","3,119,000,000","3,094,000,000","3,062,000,000","2,904,000,000","2,974,000,000","3,008,000,000","2,999,000,000","2,884,000,000","2,838,000,000","2,882,000,000","2,810,000,000","2,667,000,000","2,671,000,000","2,755,000,000","2,807,000,000","2,586,000,000","2,853,000,000","3,005,000,000","2,993,000,000","2,924,000,000","2,970,000,000","3,018,000,000","3,003,000,000","2,922,000,000","2,906,000,000","2,895,000,000","2,990,000,000","2,890,000,000","2,846,000,000","2,958,000,000","2,841,000,000","2,676,000,000","2,614,000,000","2,692,000,000","2,650,000,000","2,523,000,000","2,513,000,000","2,496,000,000","2,411,000,000","2,351,000,000","2,676,000,000","2,893,000,000","2,857,000,000","2,755,000,000","2,845,000,000","2,838,000,000","2,724,000,000","2,698,000,000","2,747,000,000","2,881,000,000","2,845,000,000","2,794,000,000","2,872,000,000","2,966,000,000","2,826,000,000","2,672,000,000","2,760,000,000","2,810,000,000","2,696,000,000","2,552,000,000","2,526,000,000","2,540,000,000","2,507,000,000","2,417,000,000","2,429,000,000","2,430,000,000","2,361,000,000","2,240,000,000","2,408,000,000","2,782,000,000","2,474,000,000","2,375,000,000","2,499,735,000","2,648,848,000","2,756,281,000","2,800,136,000","3,180,700,000","3,802,500,000","2,536,700,000","2,282,900,000","2,635,600,000","2,490,600,000","621,100,000","565,500,000","536,800,000","558,500,000","398,100,000","276,100,000","266,100,000","269,600,000","176,000,000","99,000,000","66,200,000","93,600,000","123,900,000","37,000,000","32,900,000","37,900,000","40,900,000","19,300,000","18,800,000","14,700,000","12,600,000","10,600,000","10,600,000","10,500,000","9,800,000","7,000,000","3,800,000","4,400,000","2,800,000","1,200,000","1,200,000","900,000","900,000","700,000",,,,,,,,,,,,
NetIncomeFromContinuingAndDiscontinuedOperation,"1,816,000,000","506,000,000","538,000,000","351,000,000","421,000,000","438,000,000","390,000,000","307,000,000","361,000,000","447,000,000","495,000,000","381,000,000","347,000,000","531,000,000","499,000,000","499,000,000","396,000,000","903,000,000","386,000,000","362,000,000","298,000,000","335,000,000","302,000,000","287,000,000","258,000,000","273,000,000","335,000,000","274,000,000","-129,000,000","590,000,000","270,000,000","210,000,000","228,000,000","-605,000,000","291,000,000","244,000,000","168,000,000","224,000,000","214,000,000","208,000,000","171,000,000","266,000,000","272,000,000","237,000,000","186,000,000","281,000,000","244,000,000","246,000,000","182,000,000","315,000,000","277,000,000","247,000,000","170,000,000","218,000,000","310,000,000","318,000,000","241,000,000","309,000,000","278,000,000","338,000,000","222,000,000","246,000,000","300,000,000","417,000,000","186,000,000","290,000,000","215,000,000","527,000,000","150,000,000","269,000,000","302,000,000","216,000,000","144,000,000","226,000,000","210,000,000","176,000,000","107,000,000","238,000,000","231,000,000","217,000,000","137,000,000","158,000,000","31,000,000","191,000,000","123,000,000","38,524,000","-190,842,000","315,000","55,003,000","-112,300,000","-947,800,000","318,300,000","364,300,000","81,000,000","-1,267,500,000","127,100,000","121,000,000","102,800,000","25,200,000","72,300,000","49,100,000","46,200,000","-38,900,000","9,900,000","20,500,000","39,100,000","18,900,000","-27,800,000","4,800,000","5,500,000","4,600,000","1,000,000","2,300,000","2,600,000","2,400,000","2,100,000","2,000,000","2,000,000","1,900,000","1,900,000","1,500,000","1,000,000","700,000","500,000","200,000","100,000","100,000","-100,000",,,,,,,,,,,,,
NormalizedIncome,"1,980,088,000","508,364,485.981","512,821,000","523,704,000","434,914,000","412,376,599.634","439,830,000","356,014,000","361,000,000","478,146,892.655","497,418,000","450,797,000","348,504,000","495,546,282.246","523,186,000","467,878,000","395,227,000","891,000,000","390,501,000","365,170,000","296,634,000","338,274,509.804","372,278,000","291,368,000","259,292,000","325,261,964.736","337,708,000","279,632,000","209,400,000","422,280,467.446","304,629,000","233,400,000","230,112,000","328,764,510.779","308,082,000","252,684,000","176,064,000","242,853,868.195","265,264,367.816","210,622,754.491","174,363,970.588","276,796,116.505","284,862,232.779","237,000,000","185,359,477.124","268,048,458.15","243,372,262.774","200,500,000","180,728,476.821","350,293,948.127","277,687,058.824","251,346,511.628","224,575,645.756","216,093,294.461","295,440,313.112","317,384,912.959","241,000,000","298,157,894.737","277,362,385.321","314,762,500","228,036,253.776","273,249,230.769","313,075,060.533","391,812,080.537","184,069,204.152","299,354,838.71","322,500,000","522,800,000","134,318,181.818","274,571,005.917","299,311,572.7","209,454,545.455","139,106,796.117","224,658,753.709","206,808,510.638","183,489,361.702","116,171,428.571","184,782,608.696","229,031,250","216,383,522.727","154,977,375.566","166,400,000","242,800,000","191,628,289.474","122,400,000","81,766,600","25,044,000","122,794,200","108,995,200","-137,020,000","-428,562,729.822","354,600,000","352,420,000","325,560,000","389,792,577.709","124,939,660.057","99,332,837.302","99,019,264.448","100,080,000","69,420,000","46,100,000","43,500,000","47,759,075.342","39,420,000","18,627,853.881","56,140,000","17,712,565.445","-28,400,000","4,042,105.263","7,247,058.824","3,961,111.111","600,000","2,172,222.222","2,538,095.238","2,125,714.286","1,718,181.818","1,677,419.355","1,548,387.097","1,836,666.667","1,773,333.333","1,437,500","733,333.333","420,000","375,000","140,000","100,000","100,000","-100,000",,,,,,,,,,,,,
InterestIncome,,,,,,,,,,,,,,,,,,,,,,,,,,,,,,"1,000,000",,,"1,000,000","2,000,000","0","1,000,000","1,000,000","0","2,000,000","1,000,000","1,000,000","2,000,000","1,000,000","2,000,000","3,000,000","1,000,000","1,000,000","2,000,000","0","3,000,000","3,000,000","3,000,000","4,000,000",,,,,,,,,,,,,,,,,,,,,,,,,,,,,,,,,,,,,,,,,,,,,,,,,,,,,,,,,,,,,,,,,,,,,,,,,,,,,,,,,,,,,,,,
InterestExpense,"365,000,000","83,000,000","87,000,000","98,000,000","97,000,000","97,000,000","97,000,000","119,000,000","112,000,000","110,000,000","105,000,000","100,000,000","96,000,000","97,000,000","93,000,000","93,000,000","91,000,000","91,000,000","90,000,000","90,000,000","92,000,000","94,000,000","94,000,000","93,000,000","95,000,000","91,000,000","95,000,000","95,000,000","104,000,000","114,000,000","116,000,000","115,000,000","121,000,000","118,000,000","119,000,000","122,000,000","122,000,000","122,000,000","123,000,000","121,000,000","122,000,000","123,000,000","118,000,000","119,000,000","121,000,000","119,000,000","126,000,000","116,000,000","112,000,000","110,000,000","104,000,000","107,000,000","105,000,000",,,,,,,,,,,,,,,,,,,,,,,,,,,,,,,,,,,,,,,,,,,,,,,,,,,,,,,,,,,,,,,,,,,,,,,,,,,,,,,,,,,,,,,,
NetInterestIncome,"-365,000,000","-83,000,000","-87,000,000","-98,000,000","-97,000,000","-97,000,000","-97,000,000","-119,000,000","-112,000,000","-110,000,000","-105,000,000","-100,000,000","-96,000,000","-97,000,000","-93,000,000","-93,000,000","-91,000,000","-91,000,000","-90,000,000","-90,000,000","-92,000,000","-94,000,000","-94,000,000","-93,000,000","-95,000,000","-91,000,000","-95,000,000","-95,000,000","-104,000,000","-114,000,000","-116,000,000","-115,000,000","-121,000,000","-116,000,000","-119,000,000","-121,000,000","-121,000,000","-122,000,000","-121,000,000","-120,000,000","-121,000,000","-121,000,000","-117,000,000","-117,000,000","-118,000,000","-118,000,000","-125,000,000","-114,000,000","-112,000,000","-107,000,000","-101,000,000","-104,000,000","-101,000,000",,,,,,,,,,,,,,,,,,,,,,,,,,,,,,,,,,,,,,,,,,,,,,,,,,,,,,,,,,,,,,,,,,,,,,,,,,,,,,,,,,,,,,,,
EBIT,"2,714,000,000","725,000,000","793,000,000","554,000,000","642,000,000","644,000,000","613,000,000","514,000,000","547,000,000","641,000,000","720,000,000","597,000,000","558,000,000","756,000,000","690,000,000","702,000,000","602,000,000","675,000,000","693,000,000","660,000,000","526,000,000","604,000,000","551,000,000","552,000,000","491,000,000","488,000,000","591,000,000","484,000,000","-118,000,000","713,000,000","530,000,000","517,000,000","457,000,000","-485,000,000","571,000,000","505,000,000","384,000,000","471,000,000","471,000,000","455,000,000","394,000,000","535,000,000","539,000,000","500,000,000","427,000,000","573,000,000","537,000,000","580,000,000","414,000,000","457,000,000","529,000,000","537,000,000","376,000,000","436,000,000","632,000,000","632,000,000","511,000,000","516,000,000","565,000,000","634,000,000","490,000,000","536,000,000","560,000,000","565,000,000","435,000,000","500,000,000","409,000,000","463,000,000","366,000,000","448,000,000","464,000,000","442,000,000","344,000,000","442,000,000","435,000,000","408,000,000","299,000,000","383,000,000","466,000,000","464,000,000","369,000,000","383,000,000","115,000,000","441,000,000","344,000,000","384,596,000","475,801,000","509,430,000","417,173,000","155,700,000","-407,400,000","797,900,000","787,700,000","831,400,000","669,700,000","260,900,000","203,900,000","198,500,000","203,300,000","137,100,000","88,800,000","84,300,000","83,200,000","51,300,000","25,600,000","58,500,000","26,400,000","-12,700,000","9,500,000","13,100,000","9,200,000","4,000,000","5,400,000","5,700,000","4,900,000","4,000,000","3,900,000","3,800,000","3,800,000","3,700,000","3,100,000","1,900,000","1,400,000","800,000","200,000","0","100,000","-100,000","0","-1,900,000","700,000","600,000","600,000","-1,200,000","500,000","500,000","400,000","-500,000","400,000","400,000","400,000"
EBITDA,"4,713,000,000"
ReconciledCostOfRevenue,"11,111,000,000","2,955,000,000","2,906,000,000","2,736,000,000","2,514,000,000","2,500,000,000","2,332,000,000","2,180,000,000","2,329,000,000","2,314,000,000","2,441,000,000","2,443,000,000","2,298,000,000","2,379,000,000","2,373,000,000","2,313,000,000","2,184,000,000","2,263,000,000","2,302,000,000","2,290,000,000","2,166,000,000","2,147,000,000","2,216,000,000","2,130,000,000","1,993,000,000","2,027,000,000","2,095,000,000","2,163,000,000","1,946,000,000","2,170,000,000","2,299,000,000","2,301,000,000","2,232,000,000","2,267,000,000","2,325,000,000","2,311,000,000","2,209,000,000","2,224,000,000","2,229,000,000","2,260,000,000","2,166,000,000","2,145,000,000","2,261,000,000","2,140,000,000","1,995,000,000","1,941,000,000","2,006,000,000","1,996,000,000","1,881,000,000","1,874,000,000","1,856,000,000","1,786,000,000","1,725,000,000","1,972,000,000","2,221,000,000","2,181,000,000","2,092,000,000","2,133,000,000","2,143,000,000","2,092,000,000","2,034,000,000","2,107,000,000","2,181,000,000","2,199,000,000","2,100,000,000","2,212,000,000","2,202,000,000","2,173,000,000","2,044,000,000","2,117,000,000","2,151,000,000","2,040,000,000","1,920,000,000","1,917,000,000","1,920,000,000","1,887,000,000","1,793,000,000","1,743,000,000","1,746,000,000","1,689,000,000","1,565,000,000","1,595,000,000","1,693,000,000","1,732,000,000","1,646,000,000","1,762,093,000","1,871,048,000","1,949,143,000","1,955,716,000","2,158,700,000","2,575,300,000","1,862,000,000","1,674,400,000","1,938,600,000","1,274,500,000","437,800,000","397,500,000","375,400,000","365,500,000","275,700,000","187,700,000","182,200,000","161,500,000","120,700,000","69,600,000","66,900,000","65,100,000","56,000,000","25,500,000","25,700,000","27,000,000","28,700,000","13,000,000","13,000,000","9,500,000","8,300,000","6,900,000","7,100,000","6,900,000","6,500,000","4,500,000","2,300,000","2,700,000","1,200,000","600,000","500,000","500,000","400,000","300,000",,,,,,,,,,,,
ReconciledDepreciation,"1,999,000,000","510,000,000","517,000,000","500,000,000","472,000,000","436,000,000","419,000,000","414,000,000","402,000,000","395,000,000","404,000,000","409,000,000","366,000,000","370,000,000","376,000,000","384,000,000","347,000,000","342,000,000","350,000,000","356,000,000","328,000,000","313,000,000","336,000,000","340,000,000","312,000,000","301,000,000","330,000,000","322,000,000","292,000,000","307,000,000","329,000,000","339,000,000","317,000,000","327,000,000","344,000,000","339,000,000","323,000,000","326,000,000","331,000,000","323,000,000","317,000,000","294,000,000","317,000,000","319,000,000","299,000,000","277,000,000","317,000,000","309,000,000","291,000,000","274,000,000","301,000,000","302,000,000","289,000,000","297,000,000","326,000,000","318,000,000","297,000,000","296,000,000","331,000,000","322,000,000","310,000,000","321,000,000","340,000,000","345,000,000","328,000,000","325,000,000","369,000,000","346,000,000","321,000,000","318,000,000","345,000,000","348,000,000","325,000,000","313,000,000","325,000,000","325,000,000","302,000,000","304,000,000","311,000,000","313,000,000","294,000,000","343,000,000","352,000,000","341,000,000","335,000,000","349,668,000","366,615,000","362,308,000","350,409,000","411,500,000","462,000,000","390,400,000","350,300,000","391,600,000","921,400,000","99,600,000","86,100,000","83,900,000","111,100,000","62,600,000","45,600,000","42,000,000","66,400,000","29,900,000","14,900,000","14,600,000","14,600,000","21,800,000","5,400,000","4,800,000","5,000,000","6,200,000","2,800,000","2,600,000","2,300,000","1,800,000","1,500,000","1,300,000","1,300,000","1,400,000","800,000","500,000","500,000","400,000","200,000","200,000","200,000","100,000","200,000",,,,,,,,,,,,
NetIncomeFromContinuingOperationNetMinorityInterest,"1,816,000,000","506,000,000","538,000,000","351,000,000","421,000,000","438,000,000","390,000,000","307,000,000","361,000,000","447,000,000","495,000,000","381,000,000","347,000,000","531,000,000","499,000,000","499,000,000","396,000,000","903,000,000","386,000,000","362,000,000","298,000,000","335,000,000","302,000,000","287,000,000","258,000,000","273,000,000","335,000,000","274,000,000","-129,000,000","590,000,000","270,000,000","210,000,000","228,000,000","-605,000,000","291,000,000","244,000,000","168,000,000","224,000,000","214,000,000","208,000,000","171,000,000","266,000,000","272,000,000","237,000,000","186,000,000","281,000,000","244,000,000","246,000,000","182,000,000","315,000,000","277,000,000","247,000,000","170,000,000","218,000,000","310,000,000","318,000,000","241,000,000","309,000,000","278,000,000","338,000,000","222,000,000","246,000,000","300,000,000","417,000,000","186,000,000","290,000,000","215,000,000","527,000,000","150,000,000","269,000,000","302,000,000","216,000,000","144,000,000","226,000,000","210,000,000","176,000,000","107,000,000","238,000,000","231,000,000","217,000,000","137,000,000","158,000,000","31,000,000","191,000,000","123,000,000","38,524,000","-190,842,000","315,000","55,003,000","-112,300,000","-947,800,000","318,300,000","364,300,000","81,000,000","-1,267,500,000","127,100,000","121,000,000","102,800,000","25,200,000","72,300,000","49,100,000","46,200,000","-38,900,000","9,900,000","20,500,000","39,100,000","18,900,000","-27,800,000","4,800,000","5,500,000","4,600,000","1,000,000","2,300,000","2,600,000","2,400,000","2,100,000","2,000,000","2,000,000","1,900,000","1,900,000","1,500,000","1,000,000","700,000","500,000","200,000","100,000","100,000","-100,000",,,,,,,,,,,,,
TotalUnusualItemsExcludingGoodwill,"-212,000,000","-3,000,000","33,000,000","-224,000,000","-18,000,000","32,000,000","-66,000,000","-63,000,000","0","-37,000,000","-3,000,000","-91,000,000","-2,000,000","44,000,000","-29,000,000","38,000,000","1,000,000","20,000,000","-7,000,000","-5,000,000","2,000,000","-5,000,000","-106,000,000","-7,000,000","-2,000,000","-76,000,000","-4,000,000","-8,000,000","-564,000,000","168,000,000","-51,000,000","-36,000,000","-3,000,000","-940,000,000","-26,000,000","-13,000,000","-12,000,000","-28,000,000","-80,000,000","-4,000,000","-5,000,000","-16,000,000","-19,000,000","0","1,000,000","20,000,000","1,000,000","70,000,000","2,000,000","-37,000,000","-1,000,000","-7,000,000","-87,000,000","3,000,000","24,000,000","1,000,000",,"16,000,000","1,000,000","33,000,000","-9,000,000","-36,000,000","-18,000,000","27,000,000","3,000,000","-11,000,000","-113,000,000","7,000,000","23,000,000","-7,000,000","3,000,000","9,000,000","7,000,000","2,000,000","5,000,000","-12,000,000","-15,000,000","72,000,000","3,000,000","1,000,000","-29,000,000","-14,000,000","-353,000,000","-1,000,000","1,000,000","-72,071,000","-359,810,000","-204,132,000","-89,987,000","41,200,000","-703,200,000","-60,500,000","19,800,000","-407,600,000","-2,212,600,000","3,600,000","36,100,000","6,300,000","-124,800,000","4,800,000","5,000,000","4,500,000","-130,100,000","-49,200,000","2,000,000","-28,400,000","1,200,000","1,000,000","1,200,000","-2,700,000","1,000,000","600,000","200,000","100,000","400,000","600,000","500,000","700,000","100,000","200,000","100,000","400,000","400,000","200,000","100,000","0",,,,,,,,,,,,,,,
TotalUnusualItems,"-212,000,000","-3,000,000","33,000,000","-224,000,000","-18,000,000","32,000,000","-66,000,000","-63,000,000","0","-37,000,000","-3,000,000","-91,000,000","-2,000,000","44,000,000","-29,000,000","38,000,000","1,000,000","20,000,000","-7,000,000","-5,000,000","2,000,000","-5,000,000","-106,000,000","-7,000,000","-2,000,000","-76,000,000","-4,000,000","-8,000,000","-564,000,000","168,000,000","-51,000,000","-36,000,000","-3,000,000","-940,000,000","-26,000,000","-13,000,000","-12,000,000","-28,000,000","-80,000,000","-4,000,000","-5,000,000","-16,000,000","-19,000,000","0","1,000,000","20,000,000","1,000,000","70,000,000","2,000,000","-37,000,000","-1,000,000","-7,000,000","-87,000,000","3,000,000","24,000,000","1,000,000",,"16,000,000","1,000,000","33,000,000","-9,000,000","-36,000,000","-18,000,000","27,000,000","3,000,000","-11,000,000","-113,000,000","7,000,000","23,000,000","-7,000,000","3,000,000","9,000,000","7,000,000","2,000,000","5,000,000","-12,000,000","-15,000,000","72,000,000","3,000,000","1,000,000","-29,000,000","-14,000,000","-353,000,000","-1,000,000","1,000,000","-72,071,000","-359,810,000","-204,132,000","-89,987,000","41,200,000","-703,200,000","-60,500,000","19,800,000","-407,600,000","-2,212,600,000","3,600,000","36,100,000","6,300,000","-124,800,000","4,800,000","5,000,000","4,500,000","-130,100,000","-49,200,000","2,000,000","-28,400,000","1,200,000","1,000,000","1,200,000","-2,700,000","1,000,000","600,000","200,000","100,000","400,000","600,000","500,000","700,000","100,000","200,000","100,000","400,000","400,000","200,000","100,000","0",,,,,,,,,,,,,,,
NormalizedEBITDA,"4,925,000,000","1,238,000,000","1,277,000,000","1,278,000,000","1,132,000,000","1,048,000,000","1,098,000,000","991,000,000","949,000,000","1,073,000,000","1,127,000,000","1,097,000,000","926,000,000","1,082,000,000","1,095,000,000","1,048,000,000","948,000,000","997,000,000","1,050,000,000","1,021,000,000","852,000,000","922,000,000","993,000,000","899,000,000","805,000,000","865,000,000","925,000,000","814,000,000","738,000,000","852,000,000","910,000,000","892,000,000","777,000,000","782,000,000","941,000,000","857,000,000","719,000,000","825,000,000","882,000,000","782,000,000","716,000,000","845,000,000","875,000,000","819,000,000","725,000,000","830,000,000","853,000,000","819,000,000","703,000,000","768,000,000","831,000,000","846,000,000","752,000,000","730,000,000","934,000,000","949,000,000","808,000,000","796,000,000","895,000,000","923,000,000","809,000,000","893,000,000","918,000,000","883,000,000","760,000,000","836,000,000","891,000,000","802,000,000","664,000,000","773,000,000","806,000,000","781,000,000","662,000,000","753,000,000","755,000,000","745,000,000","616,000,000","615,000,000","774,000,000","776,000,000","692,000,000","740,000,000","820,000,000","783,000,000","678,000,000","806,335,000","1,202,226,000","1,075,870,000","857,569,000","526,000,000","757,800,000","1,248,800,000","1,118,200,000","1,630,600,000","3,803,700,000","356,900,000","253,900,000","276,100,000","439,200,000","194,900,000","129,400,000","121,800,000","279,700,000","130,400,000","38,500,000","101,500,000","39,800,000","8,100,000","13,700,000","20,600,000","13,200,000","9,600,000","8,000,000","8,200,000","6,800,000","5,200,000","4,900,000","4,400,000","5,000,000","4,900,000","3,800,000","2,000,000","1,500,000","1,000,000","300,000","200,000","300,000","100,000","200,000","-1,900,000","700,000","600,000","600,000","-1,200,000","500,000","500,000","400,000","-500,000","400,000","400,000","400,000"
TaxRateForCalcs,"0.226","0.212","0.237","0.229","0.227","0.199","0.245","0.222","0.17","0.158","0.194","0.233","0.248","0.194","0.166","0.181","0.227","0.4","0.357","0.366","0.317","0.345","0.337","0.376","0.354","0.312","0.323","0.296","0.4","0.002","0.321","0.35","0.296","0.007","0.343","0.332","0.328","0.327","0.359","0.344","0.327","0.325","0.323","0.344","0.359","0.352","0.372","0.35","0.364","0.046","0.313","0.379","0.373","0.364","0.393","0.385","0.374","0.322","0.362","0.296","0.329","0.243","0.274","0.067","0.356","0.15","0.049","0.4","0.318","0.204","0.104","0.273","0.301","0.329","0.362","0.376","0.389","0.261","0.344","0.384","0.38","0.4","0.4","0.372","0.4","0.4","0.4","0.4","0.4","0.4","0.262","0.4","0.4","0.4","0.251","0.4","0.4","0.4","0.4","0.4","0.4","0.4","0.334","0.4","0.064","0.4","0.01","0.4","0.368","0.353","0.361","0.333","0.361","0.381","0.314","0.364","0.355","0.355","0.367","0.367","0.375","0.333","0.3","0.375","0.4","0.4","0.4","0.4",,,,,,,,,,,,,
TaxEffectOfUnusualItems,"-47,912,000","-635,514.019","7,821,000","-51,296,000","-4,086,000","6,376,599.634","-16,170,000","-13,986,000","0","-5,853,107.345","-582,000","-21,203,000","-496,000","8,546,282.246","-4,814,000","6,878,000","227,000","8,000,000","-2,499,000","-1,830,000","634,000","-1,725,490.196","-35,722,000","-2,632,000","-708,000","-23,738,035.264","-1,292,000","-2,368,000","-225,600,000","280,467.446","-16,371,000","-12,600,000","-888,000","-6,235,489.221","-8,918,000","-4,316,000","-3,936,000","-9,146,131.805","-28,735,632.184","-1,377,245.509","-1,636,029.412","-5,203,883.495","-6,137,767.221","0","359,477.124","7,048,458.15","372,262.774","24,500,000","728,476.821","-1,706,051.873","-312,941.176","-2,653,488.372","-32,424,354.244","1,093,294.461","9,440,313.112","384,912.959","0","5,157,894.737","362,385.321","9,762,500","-2,963,746.224","-8,750,769.231","-4,924,939.467","1,812,080.537","1,069,204.152","-1,645,161.29","-5,500,000","2,800,000","7,318,181.818","-1,428,994.083","311,572.7","2,454,545.455","2,106,796.117","658,753.709","1,808,510.638","-4,510,638.298","-5,828,571.429","18,782,608.696","1,031,250","383,522.727","-11,022,624.434","-5,600,000","-141,200,000","-371,710.526","400,000","-28,828,400","-143,924,000","-81,652,800","-35,994,800","16,480,000","-183,962,729.822","-24,200,000","7,920,000","-163,040,000","-555,307,422.291","1,439,660.057","14,432,837.302","2,519,264.448","-49,920,000","1,920,000","2,000,000","1,800,000","-43,440,924.658","-19,680,000","127,853.881","-11,360,000","12,565.445","400,000","442,105.263","-952,941.176","361,111.111","200,000","72,222.222","38,095.238","125,714.286","218,181.818","177,419.355","248,387.097","36,666.667","73,333.333","37,500","133,333.333","120,000","75,000","40,000","0","0","0",,,,,,,,,,,,,