name,ttm,12/31/2021,09/30/2021,06/30/2021,03/31/2021,12/31/2020,09/30/2020,06/30/2020,03/31/2020,12/31/2019,09/30/2019,06/30/2019,03/31/2019,12/31/2018,09/30/2018,06/30/2018,03/31/2018,12/31/2017,09/30/2017,06/30/2017,03/31/2017,12/31/2016,09/30/2016,06/30/2016,03/31/2016,12/31/2015,09/30/2015,06/30/2015,03/31/2015,12/31/2014,09/30/2014,06/30/2014,03/31/2014,12/31/2013,09/30/2013,06/30/2013,03/31/2013,12/31/2012,09/30/2012,06/30/2012,03/31/2012,12/31/2011,09/30/2011,06/30/2011,03/31/2011,12/31/2010,09/30/2010,06/30/2010,03/31/2010,12/31/2009,09/30/2009,06/30/2009,03/31/2009,12/31/2008,09/30/2008,06/30/2008,03/31/2008,12/31/2007,09/30/2007,06/30/2007,03/31/2007,12/31/2006,09/30/2006,06/30/2006,03/31/2006,12/31/2005,09/30/2005,06/30/2005,03/31/2005,12/31/2004,09/30/2004,06/30/2004,03/31/2004,12/31/2003,09/30/2003,06/30/2003,03/31/2003,12/31/2002,09/30/2002,06/30/2002,03/31/2002,12/31/2001,09/30/2001,06/30/2001,03/31/2001,12/31/2000,09/30/2000,06/30/2000,03/31/2000,12/31/1999,09/30/1999,06/30/1999,03/31/1999,12/31/1998,09/30/1998,06/30/1998,03/31/1998,12/31/1997,09/30/1997,06/30/1997,03/31/1997,12/31/1996,09/30/1996,06/30/1996,03/31/1996,12/31/1995,09/30/1995,06/30/1995,03/31/1995,12/31/1994,09/30/1994,06/30/1994,03/31/1994,12/31/1993,09/30/1993,06/30/1993,03/31/1993,12/31/1992,09/30/1992,06/30/1992,03/31/1992,12/31/1991,09/30/1991,06/30/1991,03/31/1991,12/31/1990,09/30/1990,06/30/1990,03/31/1990,12/31/1989,09/30/1989,06/30/1989,03/31/1989,12/31/1988,09/30/1988,06/30/1988,03/31/1988,12/31/1987,09/30/1987,06/30/1987,03/31/1987,12/31/1986,09/30/1986,06/30/1986,03/31/1986,12/31/1985,09/30/1985
TotalRevenue,"10,627,000,000","3,257,000,000","2,475,000,000","2,283,000,000","2,612,000,000","2,092,000,000","1,933,000,000","1,781,000,000","1,913,000,000","2,107,000,000","1,999,000,000","2,041,000,000","2,054,000,000","2,204,000,000","2,303,000,000","2,091,000,000","2,088,000,000","2,228,000,000","1,891,000,000","1,924,000,000","1,988,000,000","2,198,000,000","1,905,000,000","1,736,000,000","1,660,000,000","2,006,000,000","1,799,000,000","1,839,000,000","1,716,000,000","2,141,000,000","2,069,000,000","1,678,000,000","1,749,000,000","1,660,000,000","1,623,000,000","1,767,000,000","1,810,000,000","1,869,000,000","1,752,000,000","1,846,000,000","2,019,000,000","-17,000,000","2,703,000,000","2,669,000,000","2,575,000,000","2,424,000,000","2,304,000,000","2,292,000,000","2,596,000,000","2,326,000,000","2,098,000,000","1,909,000,000","2,128,000,000","2,132,000,000","3,267,000,000","3,729,000,000","3,224,000,000","2,506,200,000","2,860,100,000","2,823,400,000","2,852,100,000","2,770,300,000","3,300,000,000","2,715,100,000","3,027,500,000","3,676,100,000","3,082,300,000","2,871,200,000","2,954,000,000","2,974,300,000","3,372,800,000","3,048,700,000","3,114,200,000","3,549,200,000","4,795,300,000","3,763,800,000","5,360,200,000","-909,800,000","2,103,900,000","2,155,600,000","2,184,800,000","2,315,700,000","2,810,400,000","2,820,600,000","3,088,000,000","2,252,400,000","2,858,800,000","2,859,100,000","2,394,300,000","2,410,100,000","2,212,700,000","1,986,300,000","1,984,000,000","2,016,900,000","1,901,000,000","1,780,600,000","1,959,800,000","1,266,600,000","1,121,000,000","1,020,600,000","1,001,400,000","957,800,000","842,200,000","837,500,000","893,700,000","837,000,000","712,400,000","947,400,000","958,000,000","477,300,000","467,300,000","633,900,000","582,000,000","573,300,000","572,200,000","541,900,000","750,800,000","763,600,000","554,900,000","546,400,000","583,200,000","619,100,000","430,000,000","448,000,000","607,600,000","542,000,000","348,900,000","383,000,000","548,200,000","538,800,000","325,500,000","338,000,000","515,000,000","449,700,000","292,000,000","304,000,000","627,400,000","559,700,000","335,700,000","340,800,000","543,600,000","130,200,000","425,000,000","507,000,000","796,400,000","816,000,000","552,500,000"
	OperatingRevenue,"10,775,000,000","2,964,000,000","2,866,000,000","2,283,000,000","2,612,000,000","2,092,000,000","1,933,000,000","1,781,000,000","1,913,000,000","2,107,000,000","1,999,000,000","2,041,000,000","2,054,000,000","2,204,000,000","2,303,000,000","2,091,000,000","2,088,000,000","2,228,000,000","1,891,000,000","1,924,000,000","1,988,000,000","2,198,000,000","1,905,000,000","1,736,000,000","1,660,000,000","2,006,000,000","1,799,000,000","1,839,000,000","1,716,000,000","2,141,000,000","2,069,000,000","1,678,000,000","1,749,000,000","1,660,000,000","1,623,000,000","1,767,000,000","1,810,000,000","1,869,000,000","1,752,000,000","1,846,000,000","2,019,000,000","-17,000,000","2,703,000,000","2,669,000,000","2,575,000,000","2,424,000,000","2,304,000,000","2,292,000,000","2,596,000,000","2,326,000,000","2,098,000,000","1,909,000,000","2,128,000,000","2,132,000,000","3,267,000,000","3,729,000,000","3,224,000,000","2,506,200,000","2,860,100,000","2,823,400,000","2,852,100,000","2,770,300,000","3,300,000,000","2,715,100,000","3,027,500,000","3,676,100,000","3,082,300,000","2,871,200,000","2,954,000,000","2,974,300,000","3,372,800,000","3,048,700,000","3,114,200,000","3,549,200,000","4,795,300,000","3,763,800,000","5,360,200,000","-909,800,000","2,103,900,000","2,155,600,000","2,184,800,000","2,315,700,000","2,810,400,000","2,820,600,000","3,088,000,000","2,252,400,000","2,858,800,000","2,859,100,000","2,394,300,000","2,410,100,000","2,212,700,000","1,986,300,000","1,984,000,000","2,016,900,000","1,901,000,000","1,780,600,000","1,959,800,000","1,266,600,000","1,121,000,000","1,020,600,000","1,001,400,000","957,800,000","842,200,000","837,500,000","893,700,000","837,000,000","712,400,000","947,400,000","958,000,000","477,300,000","467,300,000","633,900,000","582,000,000","573,300,000","572,200,000","541,900,000","750,800,000","763,600,000","554,900,000","546,400,000","583,200,000","619,100,000","430,000,000","448,000,000","607,600,000","542,000,000","348,900,000","383,000,000","548,200,000","538,800,000","325,500,000","338,000,000","515,000,000","449,700,000","292,000,000","304,000,000","627,400,000","559,700,000","335,700,000","340,800,000","543,600,000","130,200,000","425,000,000","507,000,000","796,400,000","816,000,000","552,500,000"
CostOfRevenue,"5,874,000,000","1,747,000,000","1,558,000,000","1,178,000,000","1,391,000,000","953,000,000","827,000,000","716,000,000","838,000,000","980,000,000","888,000,000","931,000,000","981,000,000","1,149,000,000","1,245,000,000","1,096,000,000","1,079,000,000","1,108,000,000","937,000,000","970,000,000","1,021,000,000","982,000,000","896,000,000","847,000,000","763,000,000","848,000,000","858,000,000","922,000,000","889,000,000","1,095,000,000","1,176,000,000","938,000,000","983,000,000","935,000,000","917,000,000","999,000,000","1,000,000,000","325,000,000","1,226,000,000","1,350,000,000","1,348,000,000","-321,000,000","2,025,000,000","1,938,000,000","1,908,000,000","1,788,000,000","1,752,000,000","1,723,000,000","1,922,000,000","1,708,000,000","1,537,000,000","1,392,000,000","1,668,000,000",,,,,,,,,,,,,,,,,,,,,,,,,,,,,,,,,,,,,,,,,,,,,,,,,,,,,,,,,,,,,,,,,,,,,,,,,,,,,,,,,,,,,,,,,,,,,,
GrossProfit,"4,753,000,000","1,510,000,000","917,000,000","1,105,000,000","1,221,000,000","1,139,000,000","1,106,000,000","1,065,000,000","1,075,000,000","1,127,000,000","1,111,000,000","1,110,000,000","1,073,000,000","1,055,000,000","1,058,000,000","995,000,000","1,009,000,000","1,120,000,000","954,000,000","954,000,000","967,000,000","1,216,000,000","1,009,000,000","889,000,000","897,000,000","1,158,000,000","941,000,000","917,000,000","827,000,000","1,046,000,000","893,000,000","740,000,000","766,000,000","725,000,000","706,000,000","768,000,000","810,000,000","1,544,000,000","526,000,000","496,000,000","671,000,000","304,000,000","678,000,000","731,000,000","667,000,000","636,000,000","552,000,000","569,000,000","674,000,000","618,000,000","561,000,000","517,000,000","460,000,000",,,,,,,,,,,,,,,,,,,,,,,,,,,,,,,,,,,,,,,,,,,,,,,,,,,,,,,,,,,,,,,,,,,,,,,,,,,,,,,,,,,,,,,,,,,,,,
OperatingExpense,"2,120,000,000","571,000,000","562,000,000","505,000,000","482,000,000","439,000,000","465,000,000","453,000,000","457,000,000","503,000,000","483,000,000","548,000,000","512,000,000","549,000,000","557,000,000","519,000,000","518,000,000","630,000,000","562,000,000","548,000,000","534,000,000","580,000,000","663,000,000","575,000,000","635,000,000","809,000,000","585,000,000","651,000,000","600,000,000","586,000,000","586,000,000","471,000,000","465,000,000","462,000,000","370,000,000","418,000,000","384,000,000","1,195,000,000","139,000,000","155,000,000","136,000,000","-41,000,000","184,000,000","181,000,000","188,000,000","183,000,000","162,000,000","154,000,000","196,000,000","162,000,000","167,000,000","166,000,000","483,000,000","-7,346,000,000","2,553,000,000","2,920,000,000","2,526,000,000","-6,045,900,000","2,369,300,000","2,323,400,000","2,519,600,000","2,584,100,000","2,953,800,000","2,581,900,000","2,669,200,000","3,310,100,000","2,959,600,000","2,589,800,000","2,491,800,000","2,685,600,000","2,966,600,000","2,768,500,000","2,852,900,000","3,298,800,000","4,549,800,000","3,082,400,000","5,133,100,000","-1,240,400,000","2,107,700,000","2,133,500,000","1,733,700,000","2,086,900,000","2,107,100,000","2,111,700,000","2,296,900,000","1,565,300,000","2,531,200,000","2,385,200,000","2,159,900,000","2,178,700,000","2,016,300,000","1,771,400,000","1,764,200,000","1,847,400,000","1,669,400,000","1,522,700,000","1,697,800,000","1,000,500,000","921,900,000","778,200,000","750,400,000","743,200,000","658,900,000","643,000,000","645,900,000","698,900,000","565,400,000","811,100,000","792,300,000","398,700,000","396,800,000","524,200,000","483,600,000",,,,,,,,,,,,,,,,,,,,,,,,,,,,,,,,,,
	SellingGeneralAndAdministration,"558,000,000","169,000,000","152,000,000","114,000,000","123,000,000","112,000,000","114,000,000","127,000,000","113,000,000","148,000,000","130,000,000","152,000,000","128,000,000","133,000,000","174,000,000","130,000,000","132,000,000","156,000,000","138,000,000","153,000,000","161,000,000","167,000,000","177,000,000","158,000,000","221,000,000","194,000,000","177,000,000","174,000,000","196,000,000","204,000,000","171,000,000","136,000,000","150,000,000","127,000,000","130,000,000","123,000,000","132,000,000","144,000,000","139,000,000","155,000,000","136,000,000","-41,000,000","184,000,000","181,000,000","188,000,000","190,000,000","166,000,000","167,000,000","196,000,000","14,000,000","166,000,000","167,000,000","163,000,000","160,000,000","167,000,000","173,000,000","153,000,000","198,900,000","148,000,000","143,200,000","156,900,000","273,000,000","128,000,000","143,000,000","80,500,000","147,200,000","133,400,000","98,200,000","101,500,000","136,600,000","112,100,000","110,200,000","117,400,000","115,100,000","115,100,000","138,600,000","172,300,000","109,900,000","262,800,000","267,400,000","196,500,000","180,100,000","276,100,000","223,200,000","255,500,000","5,300,000","361,000,000","414,700,000","357,300,000","386,700,000","323,900,000","340,400,000","321,600,000","374,400,000","292,200,000","263,600,000","274,700,000","247,700,000","216,600,000","197,600,000","169,100,000","181,700,000","149,600,000","149,100,000","146,500,000","146,900,000","126,500,000","127,500,000","125,600,000","68,900,000","61,400,000","95,400,000","93,100,000",,,,,,,,,,,,,,,,,,,,,,,,,,,,,,,,,,
	DepreciationAmortizationDepletionIncomeStatement,,,,,,,,,,,,,,,,,,,,,,,,,,,,,,,,,,,,,,,,,,,,,,,,,,,,,,,,,,,,,,,,,,,,,,,,,,,,,,,,,,,,,,,,,,"196,900,000","194,100,000","178,100,000","172,900,000","174,500,000","166,000,000","150,500,000","155,300,000","129,900,000","124,500,000","129,200,000","115,900,000","85,000,000","107,400,000","106,200,000","112,800,000","96,600,000","99,400,000","89,900,000","83,500,000","39,500,000","1,200,000","54,100,000","55,500,000",,,,,,,,,,,,,,,,,,,,,,,,,,,,,,,,,,
	ProvisionForDoubtfulAccounts,,,,,,,,,,,,,,,,,,,,,,,,,,,,,,,,,,,,,,,,,,,,,,,,,,,,,"50,000,000",,,,,,,,,,,,,,,,,,,,,,,,,,,,,,,,,,,,,,,,,,,,,,,,,,,,,,,,,,,,,,,,,,,,,,,,,,,,,,,,,,,,,,,,,,,,,,
	OtherOperatingExpenses,"14,000,000","2,000,000","1,000,000","12,000,000","-1,000,000","-6,000,000","15,000,000","6,000,000","7,000,000","-22,000,000","-11,000,000","9,000,000","44,000,000","43,000,000","-6,000,000","1,000,000","29,000,000","46,000,000","24,000,000","6,000,000","5,000,000","12,000,000","92,000,000","23,000,000","23,000,000","187,000,000","5,000,000","40,000,000","17,000,000","-92,000,000","3,000,000","27,000,000","17,000,000","58,000,000","-29,000,000","4,000,000","-8,000,000","-7,000,000",,"-9,000,000","-32,000,000",,,,,"-7,000,000","-4,000,000","-13,000,000",,"148,000,000","1,000,000","-1,000,000","270,000,000",,"2,386,000,000","2,747,000,000","2,373,000,000",,"2,221,300,000","2,180,200,000","2,362,700,000","2,311,100,000","2,825,800,000","2,438,900,000","2,588,700,000","3,162,900,000","2,826,200,000","2,491,600,000","2,390,300,000","2,549,000,000","2,854,500,000","2,658,300,000","2,735,500,000","3,183,700,000","4,434,700,000","2,943,800,000","4,960,800,000","-1,350,300,000","1,844,900,000","1,866,100,000","1,537,200,000","1,906,800,000","1,831,000,000","1,888,500,000","2,041,400,000","1,560,000,000","2,170,200,000","1,970,500,000","1,802,600,000","1,595,100,000","1,498,300,000","1,252,900,000","1,269,700,000","1,298,500,000","1,211,200,000","1,108,600,000","1,267,800,000","622,900,000","580,800,000","451,400,000","465,400,000","476,500,000","401,900,000","387,700,000","386,600,000","455,400,000","339,500,000","593,700,000","583,200,000","290,300,000","334,200,000","374,700,000","335,000,000",,,,,,,,,,,,,,,,,,,,,,,,,,,,,,,,,,
OperatingIncome,"2,633,000,000","939,000,000","355,000,000","600,000,000","739,000,000","700,000,000","641,000,000","612,000,000","618,000,000","624,000,000","628,000,000","562,000,000","561,000,000","506,000,000","501,000,000","476,000,000","491,000,000","490,000,000","392,000,000","406,000,000","433,000,000","636,000,000","346,000,000","314,000,000","262,000,000","349,000,000","356,000,000","266,000,000","227,000,000","460,000,000","307,000,000","269,000,000","301,000,000","263,000,000","336,000,000","350,000,000","426,000,000","349,000,000","387,000,000","341,000,000","535,000,000","345,000,000","494,000,000","550,000,000","479,000,000","453,000,000","390,000,000","415,000,000","478,000,000","456,000,000","394,000,000","351,000,000","-23,000,000","322,000,000","714,000,000","809,000,000","698,000,000","473,100,000","490,800,000","500,000,000","332,500,000","186,200,000","346,200,000","133,200,000","358,300,000","366,000,000","122,700,000","281,400,000","462,200,000","288,700,000","406,200,000","280,200,000","261,300,000","250,400,000","245,500,000","681,400,000","227,100,000","330,600,000","-3,800,000","22,100,000","451,100,000","228,800,000","703,300,000","708,900,000","791,100,000","687,100,000","327,600,000","473,900,000","234,400,000","231,400,000","196,400,000","214,900,000","219,800,000","169,500,000","231,600,000","257,900,000","262,000,000","266,100,000","199,100,000","242,400,000","251,000,000","214,600,000","183,300,000","194,500,000","247,800,000","138,100,000","147,000,000","136,300,000","165,700,000","78,600,000","70,500,000","109,700,000","98,400,000","573,300,000","572,200,000","541,900,000","750,800,000","763,600,000","554,900,000","546,400,000","583,200,000","619,100,000","430,000,000","448,000,000","607,600,000","542,000,000","348,900,000","383,000,000","548,200,000","538,800,000","325,500,000","338,000,000","515,000,000","449,700,000","292,000,000","304,000,000","627,400,000","559,700,000","335,700,000","340,800,000","543,600,000","130,200,000","425,000,000","507,000,000","796,400,000","816,000,000","552,500,000"
NetNonOperatingInterestIncomeExpense,"-1,179,000,000","-295,000,000","-292,000,000","-298,000,000","-294,000,000","-290,000,000","-292,000,000","-294,000,000","-296,000,000","-298,000,000","-296,000,000","-296,000,000","-296,000,000","-294,000,000","-270,000,000","-275,000,000","-273,000,000","-265,000,000","-267,000,000","-271,000,000","-280,000,000","-293,000,000","-297,000,000","-298,000,000","-291,000,000","-268,000,000","-263,000,000","-262,000,000","-251,000,000","-234,000,000","-210,000,000","-163,000,000","-140,000,000","-131,000,000","-124,000,000","-127,000,000","-128,000,000","-121,000,000","-129,000,000","-128,000,000","-131,000,000","-136,000,000","-141,000,000","-147,000,000","-149,000,000","-148,000,000","-145,000,000","-141,000,000","-147,000,000","-88,000,000","-168,000,000","-121,000,000","-146,000,000",,,,,,,,,,,,,,,,,,,,,,,,,,,,,,,,,,,,,,,,,,,,,,,,,,,,,,,,,,,,,,,,,,,,,,,,,,,,,,,,,,,,,,,,,,,,,,
	InterestIncomeNonOperating,,,,,,,,,,,,,,,,,,,,,,,,,,,,,,,,,,,,,,,,"12,000,000","10,000,000","-4,000,000","11,000,000","9,000,000","9,000,000","8,000,000","13,000,000",,,,,"46,000,000",,,,,,,,,,,,,,,,,,,,,,,,,,,,,,,,,,,,,,,,,,,,,,,,,,,,,,,,,,,,,,,,,,,,,,,,,,,,,,,,,,,,,,,,,,,,,,,
	InterestExpenseNonOperating,"1,179,000,000","295,000,000","292,000,000","298,000,000","294,000,000","290,000,000","292,000,000","294,000,000","296,000,000","298,000,000","296,000,000","296,000,000","296,000,000","294,000,000","270,000,000","275,000,000","273,000,000","265,000,000","267,000,000","271,000,000","280,000,000","293,000,000","297,000,000","298,000,000","291,000,000","268,000,000","263,000,000","262,000,000","251,000,000","234,000,000","210,000,000","163,000,000","140,000,000","131,000,000","124,000,000","127,000,000","128,000,000","121,000,000","129,000,000","140,000,000","141,000,000","132,000,000","152,000,000","156,000,000","158,000,000","156,000,000","158,000,000","141,000,000","147,000,000","88,000,000","168,000,000","167,000,000","146,000,000",,,,,,,,,,,,,,,,,,,,,,,,,,,,,,,,,,,,,,,,,,,,,,,,,,,,,,,,,,,,,,,,,,,,,,,,,,,,,,,,,,,,,,,,,,,,,,
OtherIncomeExpense,"619,000,000","186,000,000","163,000,000","139,000,000","131,000,000","-225,000,000","85,000,000","114,000,000","-1,096,000,000","-286,000,000","-13,000,000","156,000,000","18,000,000","-917,000,000","159,000,000","120,000,000","107,000,000","-703,000,000","24,000,000","123,000,000","453,000,000","-257,000,000","151,000,000","-666,000,000","18,000,000","-1,865,000,000","-331,000,000","262,000,000","67,000,000","198,000,000","2,609,000,000","101,000,000","86,000,000","59,000,000","48,000,000","79,000,000","29,000,000","55,000,000","19,000,000","24,000,000","88,000,000","-240,000,000","49,000,000","42,000,000","56,000,000","36,000,000","-1,617,000,000","54,000,000","-574,000,000",,"38,000,000","1,000,000","-63,000,000","-236,000,000","67,000,000","90,000,000","177,000,000","-69,300,000","87,200,000","86,800,000","20,100,000","67,700,000","34,300,000","-10,400,000","28,000,000","-93,200,000","51,400,000","-13,800,000","38,300,000","72,400,000","-136,200,000","-99,600,000","11,300,000","-190,400,000","69,100,000","-35,200,000","67,700,000","290,300,000","-246,700,000","-242,700,000","-22,500,000","-129,100,000","-82,200,000","27,800,000","31,300,000","247,100,000","35,300,000","281,600,000","37,300,000","56,600,000","13,000,000","-28,600,000","10,500,000","-67,700,000","-57,000,000","-32,900,000","-31,500,000","-48,300,000","11,100,000","2,600,000","7,100,000","43,700,000","11,700,000","4,400,000","-1,600,000","13,500,000","20,900,000","8,800,000","34,500,000","11,100,000","11,700,000","41,200,000","17,200,000",,,,,,,,,,,,,,,,,,,,,,,,,,,,,,,,,,
	GainOnSaleOfSecurity,"7,000,000","1,000,000","2,000,000","2,000,000","2,000,000","2,000,000","2,000,000","1,000,000","3,000,000","2,000,000","7,000,000","2,000,000","1,000,000","145,000,000","2,000,000","68,000,000","4,000,000","4,000,000","4,000,000","2,000,000","272,000,000","-1,000,000","28,000,000","18,000,000","18,000,000","0","18,000,000","9,000,000",,"0","11,000,000","18,000,000","14,000,000","19,000,000","10,000,000","39,000,000","13,000,000","2,000,000",,,,,,,,,,,,,,,,,,,,,,,,,,,,,,,,,,,,,,,,,,,,,,,,,,,,,,,,,,,,,,,,,,,,,,,,,,,,,,,,,,,,,,,,,,,,,,,,,,,,,,,,,,,,,
	EarningsFromEquityInterest,"608,000,000","185,000,000","157,000,000","135,000,000","131,000,000","92,000,000","106,000,000","108,000,000","22,000,000","115,000,000","93,000,000","87,000,000","80,000,000","117,000,000","105,000,000","92,000,000","82,000,000","87,000,000","115,000,000","125,000,000","107,000,000","95,000,000","104,000,000","101,000,000","97,000,000","99,000,000","92,000,000","93,000,000","51,000,000","111,000,000","2,588,000,000","37,000,000","-48,000,000","41,000,000","37,000,000","38,000,000","18,000,000","23,000,000",,"27,000,000",,,,,,,,,,,,,,,,,,,,,,,,,,,,,,,,,,,,,,,,,,,,,,,,,,,,,,,,,,,,,,,,,,,,,,,,,,,,,,,,,,,,,,,,,,,,,,,,,,,,,,,,,,,
	SpecialIncomeCharges,"-2,000,000","-2,000,000","0","0","0","-290,000,000","0","0","-1,125,000,000","-417,000,000","-114,000,000","60,000,000","-74,000,000","-1,172,000,000","0","-66,000,000",,"-677,000,000","-115,000,000","-25,000,000","0","-373,000,000","-1,000,000","-802,000,000","-112,000,000","-1,996,000,000","-461,000,000","126,000,000","0","71,000,000","0","42,000,000","119,000,000",,,,,"-131,000,000","19,000,000","24,000,000","88,000,000","-240,000,000","49,000,000","42,000,000","56,000,000","36,000,000","-1,617,000,000","54,000,000","-574,000,000","47,000,000","38,000,000","1,000,000","-63,000,000","-253,000,000","67,000,000","90,000,000","177,000,000","-236,300,000","87,200,000","86,800,000","20,100,000","67,700,000","34,300,000","-10,400,000","28,000,000","-93,200,000","51,400,000","-13,800,000","38,300,000","72,400,000","-136,200,000","-99,600,000","11,300,000","-190,400,000","69,100,000","-35,200,000","67,700,000","290,300,000","-246,700,000","-242,700,000","-22,500,000","-129,100,000","-82,200,000","27,800,000","31,300,000","247,100,000","35,300,000","281,600,000","37,300,000","56,600,000","13,000,000","-28,600,000","10,500,000","-67,700,000","-57,000,000","-32,900,000","-31,500,000","-48,300,000","11,100,000","2,600,000","7,100,000","43,700,000","11,700,000","4,400,000","-1,600,000","13,500,000","20,900,000","8,800,000","34,500,000","11,100,000","11,700,000","41,200,000","17,200,000",,,,,,,,,,,,,,,,,,,,,,,,,,,,,,,,,,
		ImpairmentOfCapitalAssets,"2,000,000","2,000,000","0","0","0","182,000,000","0","0","187,000,000","388,000,000","0","64,000,000",,"1,849,000,000","0","66,000,000",,"12,000,000","1,210,000,000","25,000,000",,"62,000,000","1,000,000","802,000,000","0","1,098,000,000",,,,,,,,,,,,,,,,,"0",,,"11,000,000","1,681,000,000",,,,,,,,,,,,,,,,,,,,,,,,,,,,,,,,,,,,,,,,,,,,,,,,,,,,,,,,,,,,,,,,,,,,,,,,,,,,,,,,,,,,,,,,,,,,,,,,,,,,
		WriteOff,"0","0","0","0","0","108,000,000","0","0","938,000,000","0","114,000,000","-2,000,000","74,000,000","1,881,000,000","0","66,000,000",,"0","0","0","0","318,000,000",,"0","112,000,000","898,000,000","461,000,000",,,,,,,,,,,,,,,,,,,,,,,,,,,,,,,,,,,,,,,,,,,,,,,,,,,,,,,,,,,,,,,,,,,,,,,,,,,,,,,,,,,,,,,,,,,,,,,,,,,,,,,,,,,,,,,,,,,,,,,,
		OtherSpecialCharges,,,,,,,,,,,,,,"-17,000,000",,,,"674,000,000",,"2,000,000",,"-7,000,000",,,,"0",,"-126,000,000",,"-71,000,000",,"-42,000,000","-119,000,000",,,,,,,,,,"-49,000,000",,,"-47,000,000","-64,000,000",,,,,,,,,,,,,,,,,,,,,,,,,,,,,,,,,,,,,,,,,,,,,,,,,,,,,,,,,,,,,,,,,,,,,,,,,,,,,,,,,,,,,,,,,,,,,,,,,,,,
		GainOnSaleOfBusiness,"0",,,,,,,"0",,"-27,000,000","0","122,000,000",,"692,000,000","0",,,"0","1,095,000,000",,,,,,,,,,,,,,,,,,,,,,,,,,,,,,,,,,,,,,,,,,,,,,,,,,,,,,,,,,,,,,,,,,,,,,,,,,,,,,,,,,,,,,,,,,,,,,,,,,,,,,,,,,,,,,,,,,,,,,,,,,,,,,,,
	OtherNonOperatingIncomeExpenses,"6,000,000","2,000,000","4,000,000","2,000,000","-2,000,000","-29,000,000","-23,000,000","5,000,000","4,000,000","14,000,000","1,000,000","7,000,000","11,000,000","-7,000,000","52,000,000","26,000,000","21,000,000","-117,000,000","20,000,000","21,000,000","74,000,000","22,000,000","20,000,000","17,000,000","15,000,000","32,000,000","20,000,000","34,000,000","16,000,000","16,000,000","10,000,000","4,000,000","1,000,000","-1,000,000","1,000,000","2,000,000","-2,000,000","-1,000,000",,,,,,,,,,,,,,,,,,,,,,,,,,,,,,,,,,,,,,,,,,,,,,,,,,,,,,,,,,,,,,,,,,,,,,,,,,,,,,,,,,,,,,,,,,,,,,,,,,,,,,,,,,,,,
PretaxIncome,"2,073,000,000","830,000,000","226,000,000","441,000,000","576,000,000","185,000,000","434,000,000","432,000,000","-774,000,000","40,000,000","319,000,000","422,000,000","283,000,000","-705,000,000","390,000,000","321,000,000","325,000,000","-478,000,000","149,000,000","258,000,000","606,000,000","86,000,000","200,000,000","-650,000,000","-11,000,000","-1,784,000,000","-238,000,000","266,000,000","43,000,000","424,000,000","2,706,000,000","207,000,000","247,000,000","191,000,000","260,000,000","302,000,000","327,000,000","283,000,000","277,000,000","237,000,000","492,000,000","-31,000,000","402,000,000","445,000,000","386,000,000","341,000,000","-1,372,000,000","328,000,000","-243,000,000","358,000,000","279,000,000","231,000,000","-232,000,000","105,000,000","576,000,000","687,000,000","679,000,000","312,600,000","388,100,000","396,000,000","213,900,000","172,200,000","210,500,000","-63,000,000","219,400,000","114,100,000","3,100,000","82,400,000","331,700,000","185,500,000","64,500,000","-35,300,000","20,400,000","-186,900,000","46,600,000","245,400,000","-82,000,000","250,500,000","-640,500,000","-513,700,000","210,300,000","-127,800,000","419,000,000","556,500,000","617,900,000","458,600,000","184,000,000","589,100,000","195,500,000","112,900,000","48,500,000","65,800,000","95,800,000","-20,200,000","55,800,000","103,000,000","118,400,000","115,900,000","106,700,000","142,700,000","163,200,000","166,400,000","103,600,000","109,500,000","165,900,000","81,900,000","105,200,000","81,400,000","132,900,000","50,600,000","48,600,000","117,000,000","77,600,000",,,,,,,,,,,,,,,,,,,,,,,,,,,,,,,,,,
TaxProvision,"511,000,000","198,000,000","53,000,000","119,000,000","141,000,000","55,000,000","111,000,000","117,000,000","-204,000,000","91,000,000","77,000,000","98,000,000","69,000,000","-159,000,000","190,000,000","52,000,000","55,000,000","-2,100,000,000","24,000,000","65,000,000","37,000,000","49,000,000","69,000,000","-145,000,000","2,000,000","-447,000,000","-65,000,000","83,000,000","30,000,000","116,000,000","998,000,000","84,000,000","51,000,000","141,000,000","62,000,000","102,000,000","96,000,000","79,000,000","77,000,000","71,000,000","133,000,000","-70,000,000","55,000,000","145,000,000","-6,000,000","112,000,000","-151,000,000","104,000,000","-95,000,000","136,000,000","87,000,000","80,000,000","-15,000,000","-25,000,000","207,000,000","268,000,000","263,000,000","107,100,000","160,200,000","152,100,000","82,100,000","16,700,000","100,400,000","900,000","88,300,000","45,300,000","-2,600,000","41,700,000","129,500,000","88,900,000","48,400,000","-17,300,000","15,000,000","-102,400,000","23,800,000","127,400,000","-24,300,000","118,000,000","-231,800,000","-164,600,000","87,100,000","-24,100,000","197,700,000","217,000,000","239,600,000","179,600,000","62,900,000","237,300,000","74,200,000","39,700,000","32,800,000","48,800,000","39,900,000","-1,100,000","23,700,000","42,300,000","45,500,000","44,400,000","41,400,000","34,900,000","57,300,000","60,400,000","32,600,000","29,100,000","61,000,000","17,500,000","36,700,000","-1,900,000","49,700,000","16,400,000","16,400,000","43,000,000","24,800,000",,,,,,,,,,,,,,,,,,,,,,,,,,,,,,,,,,
NetIncomeCommonStockholders,"1,514,000,000","621,000,000","164,000,000","304,000,000","425,000,000","115,000,000","308,000,000","303,000,000","-518,000,000","123,000,000","220,000,000","310,000,000","194,000,000","-572,000,000","129,000,000","135,000,000","152,000,000","1,687,000,000","33,000,000","81,000,000","373,000,000","-15,000,000","61,000,000","-405,000,000","-65,000,000","-715,000,000","-40,000,000","114,000,000","70,000,000","193,000,000","1,678,000,000","103,000,000","140,000,000","-189,000,000","197,000,000","142,000,000","230,000,000","149,000,000","155,000,000","132,000,000","423,000,000","-444,000,000","272,000,000","227,000,000","321,000,000","174,000,000","-1,263,000,000","185,000,000","-193,000,000","172,000,000","143,000,000","142,000,000","-172,000,000","115,000,000","366,000,000","437,000,000","500,000,000","224,900,000","198,000,000","433,100,000","134,000,000","146,400,000","106,200,000","-76,000,000","131,900,000","66,800,000","4,400,000","41,300,000","201,100,000","73,400,000","98,600,000","-18,200,000","9,900,000","-53,700,000","106,300,000","247,000,000","-60,000,000","-226,000,000","-300,900,000","-355,900,000","38,000,000","-1,237,700,000","221,300,000","339,500,000","199,200,000","-48,300,000","121,100,000","351,800,000","99,700,000","138,000,000","14,600,000","16,100,000","48,700,000","-34,800,000","30,200,000","59,100,000","65,900,000","63,900,000","-10,800,000","105,200,000","103,300,000","103,400,000","68,400,000","77,800,000","102,300,000","74,800,000","61,400,000","79,900,000","1,086,800,000","73,200,000","53,400,000","60,700,000","50,600,000","49,800,000","15,800,000","33,900,000","120,500,000","58,900,000","15,000,000","13,200,000","36,600,000","44,600,000","2,800,000","11,100,000","39,900,000","49,300,000","-18,200,000","5,200,000","29,100,000",,,,,,,,,,,,,,,,,,
	NetIncome,"1,517,000,000","622,000,000","165,000,000","304,000,000","426,000,000","116,000,000","309,000,000","303,000,000","-517,000,000","124,000,000","221,000,000","310,000,000","195,000,000","-571,000,000","129,000,000","135,000,000","152,000,000","1,687,000,000","33,000,000","81,000,000","373,000,000","-15,000,000","61,000,000","-405,000,000","-65,000,000","-715,000,000","-40,000,000","114,000,000","70,000,000","193,000,000","1,678,000,000","103,000,000","140,000,000","-189,000,000","197,000,000","142,000,000","230,000,000","149,000,000","155,000,000","132,000,000","423,000,000","-444,000,000","272,000,000","227,000,000","321,000,000","174,000,000","-1,263,000,000","185,000,000","-193,000,000","172,000,000","143,000,000","142,000,000","-172,000,000","115,000,000","366,000,000","437,000,000","500,000,000","224,900,000","198,000,000","433,100,000","134,000,000","146,400,000","106,200,000","-76,000,000","131,900,000","66,800,000","4,400,000","41,300,000","201,100,000","73,400,000","98,600,000","-18,200,000","9,900,000","-53,700,000","106,300,000","269,700,000","-53,200,000","-219,200,000","-294,100,000","-349,100,000","107,700,000","-1,237,700,000","221,300,000","339,500,000","199,200,000","-48,300,000","121,100,000","351,800,000","99,700,000","138,400,000","15,700,000","17,000,000","50,300,000","-33,400,000","32,100,000","60,700,000","68,100,000","66,100,000","-8,400,000","107,800,000","105,900,000","106,000,000","71,000,000","80,400,000","104,900,000","77,500,000","68,500,000","83,300,000","1,088,900,000","75,400,000","55,600,000","62,900,000","52,800,000","52,100,000","18,000,000","36,100,000","125,600,000","64,000,000","18,600,000","16,100,000","39,500,000","47,500,000","5,700,000","14,000,000","42,800,000","52,200,000","-15,300,000","8,100,000","32,000,000",,,,,,,,,,,,,,,,,,
		NetIncomeIncludingNoncontrollingInterests,"1,562,000,000","632,000,000","173,000,000","322,000,000","435,000,000","130,000,000","323,000,000","315,000,000","-570,000,000","-66,000,000","242,000,000","324,000,000","214,000,000","-546,000,000","200,000,000","269,000,000","270,000,000","1,622,000,000","125,000,000","193,000,000","569,000,000","37,000,000","131,000,000","-505,000,000","-13,000,000","-1,337,000,000","-173,000,000","183,000,000","13,000,000","308,000,000","1,708,000,000","127,000,000","196,000,000","49,000,000","197,000,000","192,000,000","230,000,000","202,000,000","203,000,000","165,000,000","495,000,000","-362,000,000","342,000,000","297,000,000","384,000,000","228,000,000","-1,226,000,000","222,000,000","-146,000,000","222,000,000","194,000,000","169,000,000","-224,000,000","-42,000,000","421,000,000","500,000,000","539,000,000","157,200,000","226,300,000","458,500,000","148,000,000","158,900,000","118,300,000","-67,700,000","139,000,000","75,700,000","11,200,000","46,100,000","206,300,000","78,800,000","103,800,000","-12,200,000","14,700,000","-49,400,000","111,900,000","275,700,000","-37,100,000","-200,500,000","-270,400,000","-327,300,000","122,900,000","-1,235,200,000","241,700,000","359,900,000","223,400,000","-29,400,000","103,200,000","352,600,000","85,900,000","124,300,000","18,600,000","20,400,000","50,900,000","-48,500,000","32,000,000","64,000,000","70,400,000","70,600,000","-4,000,000","112,900,000","105,900,000","106,000,000","71,000,000","80,400,000","104,900,000","77,500,000","68,500,000","83,300,000","1,088,900,000","75,400,000","55,600,000","62,900,000","52,800,000","52,100,000","18,000,000","36,100,000","125,600,000","64,000,000","18,600,000","16,100,000","39,500,000","47,500,000","5,700,000","14,000,000","42,800,000","52,200,000","-15,300,000","8,100,000","32,000,000","23,400,000","5,000,000","-5,900,000","30,000,000","-16,100,000","-12,300,000","-2,200,000","128,600,000","20,500,000","5,100,000","13,000,000","51,700,000","-241,900,000","-30,300,000","8,700,000","14,200,000","10,700,000","-26,000,000"
			NetIncomeContinuousOperations,"1,562,000,000","632,000,000","173,000,000","322,000,000","435,000,000","130,000,000","323,000,000","315,000,000","-570,000,000","-51,000,000","242,000,000","324,000,000","214,000,000","-546,000,000","200,000,000","269,000,000","270,000,000","1,622,000,000","125,000,000","193,000,000","569,000,000","37,000,000","131,000,000","-505,000,000","-13,000,000","-1,337,000,000","-173,000,000","183,000,000","13,000,000","308,000,000","1,708,000,000","123,000,000","196,000,000","50,000,000","198,000,000","200,000,000","231,000,000","204,000,000","200,000,000","166,000,000","359,000,000","39,000,000","347,000,000","300,000,000","392,000,000","229,000,000","-1,221,000,000","224,000,000","-148,000,000","222,000,000","192,000,000","151,000,000","-217,000,000","130,000,000","369,000,000","419,000,000","416,000,000","205,500,000","227,900,000","243,900,000","131,800,000","155,500,000","110,100,000","-63,900,000","131,100,000","68,800,000","5,700,000","40,700,000","202,200,000","96,600,000","16,100,000","-18,000,000","5,400,000","-84,500,000","22,800,000","118,000,000","-57,700,000","132,500,000","-408,700,000","-349,100,000","123,200,000","-103,700,000","221,300,000","339,500,000","378,300,000","279,000,000","121,100,000","351,800,000","121,300,000","73,200,000","15,700,000","17,000,000","55,900,000","-19,100,000","32,100,000","60,700,000","72,900,000","71,500,000","65,300,000","107,800,000","105,900,000","106,000,000","71,000,000","80,400,000","104,900,000","64,400,000","68,500,000","83,300,000","83,200,000","34,200,000","32,200,000","74,000,000","52,800,000","52,100,000","18,000,000","36,100,000","125,600,000","64,000,000","18,600,000","6,200,000","39,500,000","47,500,000","5,700,000","14,000,000","42,800,000","52,200,000","-15,300,000","8,100,000","32,000,000","23,400,000","5,000,000","-5,900,000","30,000,000","-16,100,000","-20,300,000","-2,200,000","33,700,000","-15,800,000","5,100,000","13,000,000","22,000,000","-126,100,000","-30,300,000","8,700,000","14,200,000","10,700,000","-26,000,000"
			NetIncomeDiscontinuousOperations,"0",,,,,,,,,,,,,,,,,,,,,,,,,,"0","0","0","0","0","4,000,000","0","-1,000,000","-1,000,000","-8,000,000","-1,000,000","-2,000,000","3,000,000","-1,000,000","136,000,000","-401,000,000","-5,000,000","-3,000,000","-8,000,000","-1,000,000","-5,000,000","-2,000,000","2,000,000","0","2,000,000","18,000,000","-7,000,000","-15,000,000","-3,000,000","18,000,000","84,000,000","19,400,000","-29,900,000","189,200,000","2,200,000","-9,100,000","-3,900,000","-12,100,000","800,000","-300,000","-1,300,000","600,000","-1,100,000","-23,200,000","82,500,000","-200,000","4,500,000","30,800,000","83,500,000","151,700,000","4,500,000","-351,700,000","114,600,000",,"-15,500,000","-1,134,000,000",,,"-179,100,000",,,,,,,,,,,,,,,,,,,,,"13,100,000",,,"1,005,700,000","42,300,000","23,400,000",,,,,,,,,,,,,,,,,,,,,,,"0","8,000,000",,"94,900,000","36,300,000",,,"29,700,000",,,,,,
			NetIncomeExtraordinary,,,,,,,,,,,,,,,,,,,,,,,,,,,,,,,,,,,,,,,,,,,,,,,,,,,,,,,,,,,,,,,,,,,,,,,,,,"0",,,,,,,,,,,,,,,"-21,600,000","0",,,"-5,600,000",,,,,,,,,,,,,,,,,,,,,,,,,,,,,,,,,,,,,,,,,,,,,,,,,,,,,,
			NetIncomeFromTaxLossCarryforward,,,,,,,,,,,,,,,,,,,,,,,,,,,,,,,,,,,,,,,,,,,,,,,,,,,,,,,,,,,,,,,,,,,,,,,,,,,,,,,,,,,,,,,,,,,,,,"0",,,"-4,800,000","-5,400,000","-73,700,000",,,,,,,,,,,"-1,100,000",,"-11,100,000",,,,,,"0",,"9,900,000",,,,,,,,,,,,,,,,,,,,,,,,,,,
		MinorityInterests,"-45,000,000","-10,000,000","-8,000,000","-18,000,000","-9,000,000","-14,000,000","-14,000,000","-12,000,000","53,000,000","190,000,000","-21,000,000","-14,000,000","-19,000,000","-25,000,000","-71,000,000","-134,000,000","-118,000,000","65,000,000","-92,000,000","-112,000,000","-196,000,000","-52,000,000","-70,000,000","100,000,000","-52,000,000","622,000,000","133,000,000","-69,000,000","57,000,000","-115,000,000","-30,000,000","-24,000,000","-56,000,000","-63,000,000",,"-50,000,000","-69,000,000","-53,000,000","-48,000,000","-33,000,000","-72,000,000","-82,000,000","-70,000,000","-70,000,000","-63,000,000","-54,000,000","-37,000,000","-37,000,000","-47,000,000","-50,000,000","-51,000,000","-27,000,000","52,000,000",,"-55,000,000","-63,000,000","-39,000,000",,"-28,300,000","-25,400,000","-14,000,000","-12,500,000","-12,100,000","-8,300,000","-7,100,000","-8,900,000","-6,800,000","-4,800,000","-5,200,000","-5,400,000","-5,200,000","-6,000,000","-4,800,000","-4,300,000","-5,600,000","-6,000,000","-16,100,000","-18,700,000","-23,700,000","-21,800,000","-15,200,000","-2,500,000","-20,400,000","-20,400,000","-24,200,000","-18,900,000","17,900,000","-800,000","13,800,000","14,100,000","-2,900,000","-3,400,000","-600,000","15,100,000","100,000","-3,300,000","-2,300,000","-4,500,000","-4,400,000","-5,100,000",,,,,,,,,,,,,,,,,,,,,,,,,,,,,,,,,,,,,,,,,,,,,,,
	PreferredStockDividends,"3,000,000","1,000,000","1,000,000",,"1,000,000","1,000,000","1,000,000",,"1,000,000","1,000,000","1,000,000",,"1,000,000","1,000,000",,,,,,,,,,,,,,,,,,,,,,,,,,,,,,,,,,,,,,,,,,,,,,,,,,,,,,,,,,,,"0",,"22,700,000","6,800,000","6,800,000","6,800,000","6,800,000","69,700,000",,,,,,,,,"400,000","1,100,000","900,000","1,600,000","1,400,000","1,900,000","1,600,000","2,200,000","2,200,000","2,400,000","2,600,000","2,600,000","2,600,000","2,600,000","2,600,000","2,600,000","2,700,000","7,100,000","3,400,000","2,100,000","2,200,000","2,200,000","2,200,000","2,200,000",,,,,,,,,,,,,,,,,,,,,,,,,,,,,,,,,,
	OtherunderPreferredStockDividend,,,,,,,,,,,,,,,,,,,,,,,,,,,,,,,,,,,,,,,,,,,,,,,,,,,,,,,,,,,,,,,,,,,,,,,,,,,,,,,,,,,,,,,,,,,,,,,,,,,,,,,,,,,,,,,,,,"2,300,000","2,200,000","2,200,000","5,100,000","5,100,000","3,600,000","2,900,000","2,900,000","2,900,000","2,900,000","2,900,000","2,900,000","2,900,000","2,900,000","2,900,000","2,900,000",,,,,,,,,,,,,,,,,,
DilutedNIAvailtoComStockholders,"1,514,000,000","621,000,000","164,000,000","304,000,000","425,000,000","115,000,000","308,000,000","303,000,000","-518,000,000","123,000,000","220,000,000","310,000,000","194,000,000","-572,000,000","129,000,000","135,000,000","152,000,000","1,687,000,000","33,000,000","81,000,000","373,000,000","-15,000,000","61,000,000","-405,000,000","-65,000,000","-715,000,000","-40,000,000","114,000,000","70,000,000","193,000,000","1,678,000,000","103,000,000","140,000,000","-189,000,000","197,000,000","142,000,000","230,000,000","149,000,000","155,000,000","132,000,000","423,000,000","-444,000,000","272,000,000","227,000,000","321,000,000","174,000,000","-1,263,000,000","185,000,000","-193,000,000","172,000,000","143,000,000","142,000,000","-172,000,000","115,000,000","366,000,000","437,000,000","500,000,000","224,900,000","198,000,000","433,100,000","134,000,000","146,400,000","106,200,000","-76,000,000","131,900,000","66,800,000","4,400,000","41,300,000","201,100,000","73,400,000","98,600,000","-18,200,000","9,900,000","-53,700,000","106,300,000","247,000,000","-60,000,000","-226,000,000","-300,900,000","-355,900,000","38,000,000","-1,237,700,000","221,300,000","339,500,000","199,200,000","-48,300,000","121,100,000","351,800,000","99,700,000","138,000,000","14,600,000","16,100,000","48,700,000","-34,800,000","30,200,000","59,100,000","65,900,000","63,900,000","-10,800,000","105,200,000","103,300,000","103,400,000","68,400,000","77,800,000","102,300,000","74,800,000","61,400,000","79,900,000","1,086,800,000","73,200,000","53,400,000","60,700,000","50,600,000","49,800,000","15,800,000","33,900,000","120,500,000","58,900,000","15,000,000","13,200,000","36,600,000","44,600,000","2,800,000","11,100,000","39,900,000","49,300,000","-18,200,000","5,200,000","29,100,000",,,,,,,,,,,,,,,,,,
BasicEPS,,,"0.14","0.25","0.35",,"0.25","0.25","-0.43",,"0.18","0.26","0.16","-0.473","0.107","0.163","0.184","2.042","0.04","0.098","0.45","-0.02","0.08","-0.54","-0.087","-0.936","-0.053","0.152","0.094","0.258","2.246","0.15","0.204","-0.02","0.21","0.208","0.236","0.219","0.25","0.211","0.711",,"0.46","0.39","0.55",,"-2.16","0.32","-0.33",,"0.24","0.24","-0.3",,"0.63","0.75","0.85",,"0.33","0.72","0.22",,"0.18","-0.13","0.22",,"0.01","0.07","0.36",,"0.19","-0.03","0.02",,"0.21","0.48","-1.59",,"-0.58","-0.68","0.07",,"0.44","0.7","0.42",,"0.27","0.79","0.22",,"0.03","0.04","0.12",,"0.07","0.14","0.16",,"-0.03","0.33","0.32",,"0.21","0.24","0.32",,"0.2","0.27","3.86",,"0.18","0.19","0.16",,"0.05","0.11","0.43",,"0.06","0.05","0.15",,"0.02","0.05","0.16",,"-0.08","0.02","0.12",,"0.01","-0.03","0.13",,"-0.05","-0.01","0.57",,"0.03","0.07","0.26",,"-0.15","0.05","0.07",,"-0.13"
DilutedEPS,,,"0.13","0.25","0.35",,"0.25","0.25","-0.43",,"0.18","0.26","0.16","-0.473","0.107","0.16","0.18","2.03","0.04","0.098","0.45","-0.02","0.08","-0.54","-0.09","-0.94","-0.053","0.15","0.09","0.258","2.22","0.15","0.2","-0.02","0.2","0.208","0.23","0.219","0.25","0.21","0.7",,"0.46","0.38","0.54",,"-2.16","0.31","-0.33",,"0.24","0.24","-0.3",,"0.62","0.73","0.84",,"0.33","0.71","0.22",,"0.18","-0.13","0.22",,"0.01","0.07","0.34",,"0.19","-0.03","0.02",,"0.2","0.46","-1.59",,"-0.58","-0.68","0.07",,"0.44","0.69","0.41",,"0.27","0.78","0.22",,"0.03","0.04","0.12",,"0.07","0.14","0.16",,"-0.03","0.32","0.32",,"0.21","0.24","0.32",,"0.2","0.26","3.86",,"0.18","0.19","0.16",,"0.05","0.11","0.41",,"0.06","0.05","0.15",,"0.02","0.05","0.16",,"-0.08","0.02","0.12",,"0.01","-0.03","0.13",,"-0.05","-0.01","0.57",,"0.03","0.07","0.26",,"-0.15","0.05","0.07",,"-0.13"
BasicAverageShares,,,"1,215,434,000","1,215,250,000","1,214,646,000",,"1,213,912,000","1,213,601,000","1,213,019,000",,"1,212,270,000","1,212,045,000","1,211,489,000","1,210,000,000","1,210,525,000","827,733,303","827,000,000","826,000,000","826,000,000","826,000,000","824,548,000","750,000,000","750,754,000","750,000,000","750,000,000","749,000,000","749,000,000","749,000,000","748,000,000","747,000,000","747,000,000","696,553,000","685,000,000","683,000,000","683,274,000","683,000,000","682,000,000","681,000,000","626,809,000","626,467,362","595,000,000",,"588,950,000","588,310,000","586,977,000",,"584,744,000","584,414,000","584,000,000",,"583,103,000","580,726,000","579,495,000",,"577,448,000","583,400,000","585,518,000",,"596,836,000","599,518,000","598,031,000",,"596,199,000","595,561,000","591,407,000",,"572,543,000","571,208,000","564,437,000",,"523,111,000","521,698,000","519,485,000",,"518,292,000","518,090,000","517,652,000",,"516,901,000","520,427,000","519,224,000",,"502,877,000","487,211,000","479,090,000",,"445,066,000","443,778,000","442,884,000",,"486,666,667","402,500,000","405,833,333",,"431,428,571","422,142,857","411,875,000",,"360,000,000","318,787,879","322,812,500",,"325,714,286","324,166,667","319,687,500",,"307,000,000","295,925,926","281,554,404",,"296,666,667","319,473,684","316,250,000",,"316,000,000","308,181,818","280,232,558",,"250,000,000","264,000,000","244,000,000",,"242,857,143","222,000,000","249,375,000",,"227,500,000","260,000,000","242,500,000",,"228,846,000","228,090,000","227,982,000",,"227,760,000","227,622,000","227,610,000",,"225,068,000","211,094,000","206,044,000",,"206,032,000","206,008,000","205,854,000",,"205,764,000"
DilutedAverageShares,,,"1,217,979,000","1,217,476,000","1,217,211,000",,"1,215,335,000","1,214,581,000","1,213,019,000",,"1,214,165,000","1,214,065,000","1,213,592,000","1,210,780,000","1,210,525,000","830,107,000","830,197,000","829,607,000","829,368,000","828,575,000","826,476,000","750,954,000","751,858,000","750,649,000","750,322,000","749,902,000","749,824,000","752,775,000","752,028,000","751,898,000","752,064,000","700,696,000","688,904,000","683,552,000","687,306,000","686,924,000","687,143,000","681,000,000","632,019,000","626,620,000","600,520,000",,"597,550,000","597,633,000","596,567,000",,"584,744,000","592,498,000","584,000,000",,"590,059,000","588,780,000","579,495,000",,"589,138,000","596,187,000","598,627,000",,"610,651,000","613,172,000","611,470,000",,"609,062,000","595,561,000","607,073,000",,"580,735,000","578,902,000","599,422,000",,"529,525,000","521,698,000","525,752,000",,"524,711,000","534,839,000","517,652,000",,"516,901,000","520,427,000","521,240,000",,"506,165,000","491,698,000","483,310,000",,"450,294,000","448,617,000","448,105,000",,"486,666,667","402,500,000","405,833,333",,"431,428,571","422,142,857","411,875,000",,"360,000,000","328,750,000","322,812,500",,"325,714,286","324,166,667","319,687,500",,"307,000,000","307,307,692","281,554,404",,"296,666,667","319,473,684","316,250,000",,"316,000,000","308,181,818","293,902,439",,"250,000,000","264,000,000","244,000,000",,"242,857,143","222,000,000","249,375,000",,"227,500,000","260,000,000","242,500,000",,"228,846,000","228,090,000","227,982,000",,"227,760,000","227,622,000","227,610,000",,"225,068,000","211,094,000","206,044,000",,"206,032,000","206,008,000","205,854,000",,"205,764,000"
TotalOperatingIncomeAsReported,"2,631,000,000","937,000,000","355,000,000","600,000,000","739,000,000","518,000,000","641,000,000","612,000,000","431,000,000","234,000,000","628,000,000","498,000,000","561,000,000","-634,000,000","501,000,000","410,000,000","491,000,000","-187,000,000","277,000,000","381,000,000","433,000,000","581,000,000","345,000,000","-488,000,000","262,000,000","-749,000,000","356,000,000","392,000,000","227,000,000","531,000,000","307,000,000","311,000,000","420,000,000","263,000,000","336,000,000","350,000,000","426,000,000","380,000,000","373,000,000","332,000,000","527,000,000","346,000,000","494,000,000","547,000,000","480,000,000","442,000,000","-1,291,000,000","415,000,000","478,000,000","456,000,000","394,000,000","351,000,000","-23,000,000","404,000,000","714,000,000","809,000,000","698,000,000","491,100,000","490,800,000","500,000,000","332,500,000","186,200,000","346,200,000","133,200,000","358,300,000","366,000,000","122,700,000","281,400,000","462,200,000","288,700,000","406,200,000","280,200,000","261,300,000","250,400,000","245,500,000","681,400,000","227,100,000","330,600,000","-3,800,000","22,100,000","451,100,000","228,800,000","703,300,000","708,900,000","791,100,000","687,100,000","327,600,000","473,900,000","234,400,000","231,400,000","196,400,000","214,900,000","219,800,000","169,500,000","231,600,000","257,900,000","262,000,000","266,100,000","199,100,000","242,400,000","251,000,000","214,600,000","183,300,000","194,500,000","247,800,000","138,100,000","147,000,000","136,300,000","165,700,000","78,600,000","70,500,000","109,700,000","98,400,000",,,,,,,,,,,,,,,,,,,,,,,,,,,,,,,,,,
TotalExpenses,"7,994,000,000","2,318,000,000","2,120,000,000","1,683,000,000","1,873,000,000","1,392,000,000","1,292,000,000","1,169,000,000","1,295,000,000","1,483,000,000","1,371,000,000","1,479,000,000","1,493,000,000","1,698,000,000","1,802,000,000","1,615,000,000","1,597,000,000","1,738,000,000","1,499,000,000","1,518,000,000","1,555,000,000","1,562,000,000","1,559,000,000","1,422,000,000","1,398,000,000","1,657,000,000","1,443,000,000","1,573,000,000","1,489,000,000","1,681,000,000","1,762,000,000","1,409,000,000","1,448,000,000","1,397,000,000","1,287,000,000","1,417,000,000","1,384,000,000","1,520,000,000","1,365,000,000","1,505,000,000","1,484,000,000","-362,000,000","2,209,000,000","2,119,000,000","2,096,000,000","1,971,000,000","1,914,000,000","1,877,000,000","2,118,000,000","1,870,000,000","1,704,000,000","1,558,000,000","2,151,000,000","1,810,000,000","2,553,000,000","2,920,000,000","2,526,000,000","2,033,100,000","2,369,300,000","2,323,400,000","2,519,600,000","2,584,100,000","2,953,800,000","2,581,900,000","2,669,200,000","3,310,100,000","2,959,600,000","2,589,800,000","2,491,800,000","2,685,600,000","2,966,600,000","2,768,500,000","2,852,900,000","3,298,800,000","4,549,800,000","3,082,400,000","5,133,100,000","-1,240,400,000","2,107,700,000","2,133,500,000","1,733,700,000","2,086,900,000","2,107,100,000","2,111,700,000","2,296,900,000","1,565,300,000","2,531,200,000","2,385,200,000","2,159,900,000","2,178,700,000","2,016,300,000","1,771,400,000","1,764,200,000","1,847,400,000","1,669,400,000","1,522,700,000","1,697,800,000","1,000,500,000","921,900,000","778,200,000","750,400,000","743,200,000","658,900,000","643,000,000","645,900,000","698,900,000","565,400,000","811,100,000","792,300,000","398,700,000","396,800,000","524,200,000","483,600,000",,,,,,,,,,,,,,,,,,,,,,,,,,,,,,,,,,
NetIncomeFromContinuingAndDiscontinuedOperation,"1,517,000,000","622,000,000","165,000,000","304,000,000","426,000,000","116,000,000","309,000,000","303,000,000","-517,000,000","124,000,000","221,000,000","310,000,000","195,000,000","-571,000,000","129,000,000","135,000,000","152,000,000","1,687,000,000","33,000,000","81,000,000","373,000,000","-15,000,000","61,000,000","-405,000,000","-65,000,000","-715,000,000","-40,000,000","114,000,000","70,000,000","193,000,000","1,678,000,000","103,000,000","140,000,000","-189,000,000","197,000,000","142,000,000","230,000,000","149,000,000","155,000,000","132,000,000","423,000,000","-444,000,000","272,000,000","227,000,000","321,000,000","174,000,000","-1,263,000,000","185,000,000","-193,000,000","172,000,000","143,000,000","142,000,000","-172,000,000","115,000,000","366,000,000","437,000,000","500,000,000","224,900,000","198,000,000","433,100,000","134,000,000","146,400,000","106,200,000","-76,000,000","131,900,000","68,500,000","4,400,000","41,300,000","201,100,000","73,400,000","98,600,000","-18,200,000","9,900,000","-53,700,000","106,300,000","269,700,000","-53,200,000","-219,200,000","-294,100,000","-349,100,000","107,700,000","-1,237,700,000","221,300,000","339,500,000","199,200,000","-69,900,000","121,100,000","351,800,000","121,300,000","73,200,000","15,700,000","17,000,000","55,900,000","-33,400,000","32,100,000","60,700,000","72,900,000","71,500,000","65,300,000","107,800,000","105,900,000","106,000,000","71,000,000","80,400,000","104,900,000","77,500,000","68,500,000","83,300,000","1,088,900,000","76,500,000","55,600,000","74,000,000","52,800,000","52,100,000","18,000,000","36,100,000","125,600,000","64,000,000","18,600,000","6,200,000","39,500,000","47,500,000","5,700,000","14,000,000","42,800,000","52,200,000","-15,300,000","8,100,000","32,000,000",,,,,,,,,,,,,,,,,,
NormalizedIncome,"1,513,232,513.266","622,761,445.783","163,469,026.549","302,539,682.54","424,489,583.333","318,378,378.378","307,511,520.737","302,270,833.333","309,279,069.767","441,950,000","302,172,413.793","262,398,104.265","250,201,413.428","224,378,723.404","127,540,000","133,323,987.539","148,676,923.077","2,090,800,000","126,120,805.369","98,205,426.357","117,607,260.726","209,400,000","43,315,000","204,107,692.308","-8,600,000","780,881,165.919","282,012,605.042","21,124,060.15","70,000,000","141,424,528.302","1,671,056,910.569","60,000,000","34,461,538.462","-200,350,000","190,384,615.385","124,172,185.43","221,816,513.761","189,925,795.053","138,281,588.448","116,189,873.418","222,788,617.886","113,000,000","234,703,980.1","201,685,393.258","292,600,000","150,824,046.921","181,035,714.286","150,121,951.22","154,596,707.819","142,854,748.603","114,849,462.366","123,346,320.346","-106,073,275.862","170,300,000","326,078,125","364,109,170.306","307,558,173.785","191,892,034.549","171,220,000","190,439,090.909","119,414,866.76","94,365,563.298","89,520,000","-57,660,000","114,300,000","124,997,721.297","-25,140,000","48,980,000","178,852,818.812","53,160,000","97,820,000","41,760,000","-1,380,000","29,740,000","-18,660,000","139,120,000","-105,337,682.927","-41,680,000","-251,281,904.762","-184,166,050.224","136,700,000","1,054,851.33","270,620,000","322,540,251.572","359,137,044.829","128,670,955.081","97,867,228.261","182,840,000","98,156,828.645","36,502,745.793","7,900,000","34,160,000","49,600,000","44,913,366.337","66,300,000","80,440,000","92,294,847.973","101,296,807.593","58,506,841.612","105,835,879.467","101,292,830.882","78,162,259.615","62,981,660.232","77,169,315.068","105,911,693.791","53,784,615.385","54,891,159.696","78,020,000","61,601,805.869","26,697,628.458","24,448,148.148","47,941,880.342","41,096,907.216","52,100,000","18,000,000","36,100,000","125,600,000","64,000,000","18,600,000","6,200,000","39,500,000","47,500,000","5,700,000","14,000,000","42,800,000","52,200,000","-15,300,000","8,100,000","32,000,000",,,,,,,,,,,,,,,,,,
InterestIncome,,,,,,,,,,,,,,,,,,,,,,,,,,,,,,,,,,,,,,,,"12,000,000","10,000,000","-4,000,000","11,000,000","9,000,000","9,000,000","8,000,000","13,000,000",,,,,"46,000,000",,,,,,,,,,,,,,,,,,,,,,,,,,,,,,,,,,,,,,,,,,,,,,,,,,,,,,,,,,,,,,,,,,,,,,,,,,,,,,,,,,,,,,,,,,,,,,,
InterestExpense,"1,179,000,000","295,000,000","292,000,000","298,000,000","294,000,000","290,000,000","292,000,000","294,000,000","296,000,000","298,000,000","296,000,000","296,000,000","296,000,000","294,000,000","270,000,000","275,000,000","273,000,000","265,000,000","267,000,000","271,000,000","280,000,000","293,000,000","297,000,000","298,000,000","291,000,000","268,000,000","263,000,000","262,000,000","251,000,000","234,000,000","210,000,000","163,000,000","140,000,000","131,000,000","124,000,000","127,000,000","128,000,000","121,000,000","129,000,000","140,000,000","141,000,000","132,000,000","152,000,000","156,000,000","158,000,000","156,000,000","158,000,000","141,000,000","147,000,000","88,000,000","168,000,000","167,000,000","146,000,000",,,,,,,,,,,,,,,,,,,,,,,,,,,,,,,,,,,,,,,,,,,,,,,,,,,,,,,,,,,,,,,,,,,,,,,,,,,,,,,,,,,,,,,,,,,,,,
NetInterestIncome,"-1,179,000,000","-295,000,000","-292,000,000","-298,000,000","-294,000,000","-290,000,000","-292,000,000","-294,000,000","-296,000,000","-298,000,000","-296,000,000","-296,000,000","-296,000,000","-294,000,000","-270,000,000","-275,000,000","-273,000,000","-265,000,000","-267,000,000","-271,000,000","-280,000,000","-293,000,000","-297,000,000","-298,000,000","-291,000,000","-268,000,000","-263,000,000","-262,000,000","-251,000,000","-234,000,000","-210,000,000","-163,000,000","-140,000,000","-131,000,000","-124,000,000","-127,000,000","-128,000,000","-121,000,000","-129,000,000","-128,000,000","-131,000,000","-136,000,000","-141,000,000","-147,000,000","-149,000,000","-148,000,000","-145,000,000","-141,000,000","-147,000,000","-88,000,000","-168,000,000","-121,000,000","-146,000,000",,,,,,,,,,,,,,,,,,,,,,,,,,,,,,,,,,,,,,,,,,,,,,,,,,,,,,,,,,,,,,,,,,,,,,,,,,,,,,,,,,,,,,,,,,,,,,
EBIT,"3,252,000,000","1,125,000,000","518,000,000","739,000,000","870,000,000","475,000,000","726,000,000","726,000,000","-478,000,000","338,000,000","615,000,000","718,000,000","579,000,000","-411,000,000","660,000,000","596,000,000","598,000,000","-213,000,000","416,000,000","529,000,000","886,000,000","379,000,000","497,000,000","-352,000,000","280,000,000","-1,516,000,000","25,000,000","528,000,000","294,000,000","658,000,000","2,916,000,000","370,000,000","387,000,000","322,000,000","384,000,000","429,000,000","455,000,000","404,000,000","406,000,000","377,000,000","633,000,000","101,000,000","554,000,000","601,000,000","544,000,000","497,000,000","-1,214,000,000","469,000,000","-96,000,000","446,000,000","447,000,000","398,000,000","-86,000,000","420,000,000","714,000,000","809,000,000","698,000,000","650,100,000","490,800,000","500,000,000","332,500,000","186,200,000","346,200,000","133,200,000","358,300,000","366,000,000","122,700,000","281,400,000","462,200,000","288,700,000","406,200,000","280,200,000","261,300,000","250,400,000","245,500,000","681,400,000","227,100,000","330,600,000","-3,800,000","22,100,000","451,100,000","228,800,000","703,300,000","708,900,000","791,100,000","687,100,000","327,600,000","473,900,000","234,400,000","231,400,000","196,400,000","214,900,000","219,800,000","169,500,000","231,600,000","257,900,000","262,000,000","266,100,000","199,100,000","242,400,000","251,000,000","214,600,000","183,300,000","194,500,000","247,800,000","138,100,000","147,000,000","136,300,000","165,700,000","78,600,000","70,500,000","109,700,000","98,400,000","573,300,000","572,200,000","541,900,000","750,800,000","763,600,000","554,900,000","546,400,000","583,200,000","619,100,000","430,000,000","448,000,000","607,600,000","542,000,000","348,900,000","383,000,000","548,200,000","538,800,000","325,500,000","338,000,000","515,000,000","449,700,000","292,000,000","304,000,000","627,400,000","559,700,000","335,700,000","340,800,000","543,600,000","130,200,000","425,000,000","507,000,000","796,400,000","816,000,000","552,500,000"
EBITDA,"5,094,000,000"
ReconciledCostOfRevenue,"5,874,000,000","1,747,000,000","1,558,000,000","1,178,000,000","1,391,000,000","953,000,000","827,000,000","716,000,000","838,000,000","980,000,000","888,000,000","931,000,000","981,000,000","1,149,000,000","1,245,000,000","1,096,000,000","1,079,000,000","1,108,000,000","937,000,000","970,000,000","1,021,000,000","982,000,000","896,000,000","847,000,000","763,000,000","848,000,000","858,000,000","922,000,000","889,000,000","1,095,000,000","1,176,000,000","938,000,000","983,000,000","935,000,000","917,000,000","999,000,000","1,000,000,000","325,000,000","1,226,000,000","1,350,000,000","1,348,000,000","-321,000,000","2,025,000,000","1,938,000,000","1,908,000,000","1,788,000,000","1,752,000,000","1,723,000,000","1,922,000,000","1,708,000,000","1,537,000,000","1,392,000,000","1,668,000,000",,,,,,,,,,,,,,,,,,,,,,,,,,,,,,,,,,,,,,,,,,,,,,,,,,,,,,,,,,,,,,,,,,,,,,,,,,,,,,,,,,,,,,,,,,,,,,
ReconciledDepreciation,"1,842,000,000","454,000,000","487,000,000","463,000,000","438,000,000","436,000,000","426,000,000","430,000,000","429,000,000","439,000,000","435,000,000","424,000,000","416,000,000","435,000,000","425,000,000","434,000,000","431,000,000","428,000,000","433,000,000","433,000,000","442,000,000","437,000,000","435,000,000","446,000,000","445,000,000","451,000,000","432,000,000","428,000,000","427,000,000","379,000,000","369,000,000","214,000,000","214,000,000","209,000,000","207,000,000","189,000,000","210,000,000","184,000,000","205,000,000","190,000,000","177,000,000","412,000,000","418,000,000","403,000,000","381,000,000","406,000,000","374,000,000","366,000,000","361,000,000","382,000,000","361,000,000","359,000,000","367,000,000","324,000,000","332,000,000","367,000,000","287,000,000","231,700,000","333,300,000","252,000,000","265,000,000","249,000,000","252,900,000","210,500,000","197,000,000","206,800,000","189,600,000","178,100,000","178,200,000","173,700,000","168,300,000","168,300,000","167,700,000","339,600,000","-4,500,000","235,000,000","273,800,000","278,200,000","168,200,000","228,000,000","211,600,000","235,500,000","204,100,000","179,500,000","178,600,000","200,400,000","221,700,000","210,100,000","199,700,000",,,,,,,,,,,,,,,,,,,,,,,,,,,,,,,,,,,,,,,,,,,,,,,,,,,,,,,,,,
NetIncomeFromContinuingOperationNetMinorityInterest,"1,517,000,000","622,000,000","165,000,000","304,000,000","426,000,000","116,000,000","309,000,000","303,000,000","-517,000,000","139,000,000","221,000,000","310,000,000","195,000,000","-571,000,000","129,000,000","135,000,000","152,000,000","1,687,000,000","33,000,000","81,000,000","373,000,000","-15,000,000","61,000,000","-405,000,000","-65,000,000","-715,000,000","-40,000,000","114,000,000","70,000,000","193,000,000","1,678,000,000","99,000,000","140,000,000","-188,000,000","198,000,000","150,000,000","231,000,000","151,000,000","152,000,000","133,000,000","287,000,000","-43,000,000","277,000,000","230,000,000","329,000,000","175,000,000","-1,258,000,000","187,000,000","-195,000,000","172,000,000","141,000,000","124,000,000","-165,000,000","130,000,000","369,000,000","419,000,000","416,000,000","205,500,000","227,900,000","243,900,000","131,800,000","155,500,000","110,100,000","-63,900,000","131,100,000","68,800,000","5,700,000","40,700,000","202,200,000","96,600,000","16,100,000","-18,000,000","5,400,000","-84,500,000","22,800,000","118,000,000","-57,700,000","132,500,000","-408,700,000","-349,100,000","123,200,000","-103,700,000","221,300,000","339,500,000","378,300,000","279,000,000","121,100,000","351,800,000","121,300,000","73,200,000","15,700,000","17,000,000","55,900,000","-19,100,000","32,100,000","60,700,000","72,900,000","71,500,000","65,300,000","107,800,000","105,900,000","106,000,000","71,000,000","80,400,000","104,900,000","64,400,000","68,500,000","83,300,000","83,200,000","34,200,000","32,200,000","74,000,000","52,800,000","52,100,000","18,000,000","36,100,000","125,600,000","64,000,000","18,600,000","6,200,000","39,500,000","47,500,000","5,700,000","14,000,000","42,800,000","52,200,000","-15,300,000","8,100,000","32,000,000",,,,,,,,,,,,,,,,,,
TotalUnusualItemsExcludingGoodwill,"5,000,000","-1,000,000","2,000,000","2,000,000","2,000,000","-288,000,000","2,000,000","1,000,000","-1,122,000,000","-415,000,000","-107,000,000","62,000,000","-73,000,000","-1,027,000,000","2,000,000","2,000,000","4,000,000","-673,000,000","-111,000,000","-23,000,000","272,000,000","-374,000,000","27,000,000","-784,000,000","-94,000,000","-1,996,000,000","-443,000,000","135,000,000","0","71,000,000","11,000,000","60,000,000","133,000,000","19,000,000","10,000,000","39,000,000","13,000,000","-54,000,000","19,000,000","24,000,000","88,000,000","-240,000,000","49,000,000","42,000,000","56,000,000","36,000,000","-1,617,000,000","54,000,000","-574,000,000","47,000,000","38,000,000","1,000,000","-63,000,000","-62,000,000","67,000,000","90,000,000","177,000,000","20,700,000","87,200,000","86,800,000","20,100,000","67,700,000","34,300,000","-10,400,000","28,000,000","-93,200,000","51,400,000","-13,800,000","38,300,000","72,400,000","-136,200,000","-99,600,000","11,300,000","-190,400,000","69,100,000","-35,200,000","67,700,000","290,300,000","-246,700,000","-242,700,000","-22,500,000","-129,100,000","-82,200,000","27,800,000","31,300,000","247,100,000","35,300,000","281,600,000","37,300,000","56,600,000","13,000,000","-28,600,000","10,500,000","-67,700,000","-57,000,000","-32,900,000","-31,500,000","-48,300,000","11,100,000","2,600,000","7,100,000","43,700,000","11,700,000","4,400,000","-1,600,000","13,500,000","20,900,000","8,800,000","34,500,000","11,100,000","11,700,000","41,200,000","17,200,000",,,,,,,,,,,,,,,,,,,,,,,,,,,,,,,,,,
TotalUnusualItems,"5,000,000","-1,000,000","2,000,000","2,000,000","2,000,000","-288,000,000","2,000,000","1,000,000","-1,122,000,000","-415,000,000","-107,000,000","62,000,000","-73,000,000","-1,027,000,000","2,000,000","2,000,000","4,000,000","-673,000,000","-111,000,000","-23,000,000","272,000,000","-374,000,000","27,000,000","-784,000,000","-94,000,000","-1,996,000,000","-443,000,000","135,000,000","0","71,000,000","11,000,000","60,000,000","133,000,000","19,000,000","10,000,000","39,000,000","13,000,000","-54,000,000","19,000,000","24,000,000","88,000,000","-240,000,000","49,000,000","42,000,000","56,000,000","36,000,000","-1,617,000,000","54,000,000","-574,000,000","47,000,000","38,000,000","1,000,000","-63,000,000","-62,000,000","67,000,000","90,000,000","177,000,000","20,700,000","87,200,000","86,800,000","20,100,000","67,700,000","34,300,000","-10,400,000","28,000,000","-93,200,000","51,400,000","-13,800,000","38,300,000","72,400,000","-136,200,000","-99,600,000","11,300,000","-190,400,000","69,100,000","-35,200,000","67,700,000","290,300,000","-246,700,000","-242,700,000","-22,500,000","-129,100,000","-82,200,000","27,800,000","31,300,000","247,100,000","35,300,000","281,600,000","37,300,000","56,600,000","13,000,000","-28,600,000","10,500,000","-67,700,000","-57,000,000","-32,900,000","-31,500,000","-48,300,000","11,100,000","2,600,000","7,100,000","43,700,000","11,700,000","4,400,000","-1,600,000","13,500,000","20,900,000","8,800,000","34,500,000","11,100,000","11,700,000","41,200,000","17,200,000",,,,,,,,,,,,,,,,,,,,,,,,,,,,,,,,,,
NormalizedEBITDA,"5,089,000,000","1,580,000,000","1,003,000,000","1,200,000,000","1,306,000,000","1,199,000,000","1,150,000,000","1,155,000,000","1,073,000,000","1,192,000,000","1,157,000,000","1,080,000,000","1,068,000,000","1,051,000,000","1,083,000,000","1,028,000,000","1,025,000,000","888,000,000","960,000,000","985,000,000","1,056,000,000","1,190,000,000","905,000,000","878,000,000","819,000,000","931,000,000","900,000,000","821,000,000","721,000,000","966,000,000","3,274,000,000","524,000,000","468,000,000","512,000,000","581,000,000","579,000,000","652,000,000","642,000,000","592,000,000","543,000,000","722,000,000","753,000,000","923,000,000","962,000,000","869,000,000","867,000,000","777,000,000","781,000,000","839,000,000","781,000,000","770,000,000","756,000,000","344,000,000","806,000,000","979,000,000","1,086,000,000","808,000,000","861,100,000","736,900,000","665,200,000","577,400,000","367,500,000","564,800,000","354,100,000","527,300,000","666,000,000","260,900,000","473,300,000","602,100,000","390,000,000","710,700,000","548,100,000","417,700,000","780,400,000","176,400,000","951,600,000","433,200,000","318,500,000","411,100,000","492,800,000","685,200,000","593,400,000","989,600,000","860,600,000","938,400,000","640,400,000","514,000,000","402,400,000","396,800,000","371,700,000","377,500,000","421,600,000","382,200,000","411,700,000","454,600,000","441,300,000","448,800,000","444,300,000","312,500,000","369,000,000","359,800,000","255,900,000","279,000,000","296,300,000","362,200,000","221,200,000","225,500,000","217,400,000","214,700,000","107,000,000","60,000,000","122,600,000","136,700,000","573,300,000","572,200,000","541,900,000","750,800,000","763,600,000","554,900,000","546,400,000","583,200,000","619,100,000","430,000,000","448,000,000","607,600,000","542,000,000","348,900,000","383,000,000","548,200,000","538,800,000","325,500,000","338,000,000","515,000,000","449,700,000","292,000,000","304,000,000","627,400,000","559,700,000","335,700,000","340,800,000","543,600,000","130,200,000","425,000,000","507,000,000","796,400,000","816,000,000","552,500,000"
TaxRateForCalcs,"0.247","0.239","0.235","0.27","0.245","0.297","0.256","0.271","0.264","0.27","0.241","0.232","0.244","0.226","0.27","0.162","0.169","0.4","0.161","0.252","0.061","0.4","0.345","0.223","0.4","0.251","0.273","0.312","0.4","0.274","0.369","0.35","0.206","0.35","0.238","0.338","0.294","0.279","0.278","0.3","0.27","0.35","0.137","0.326","0.35","0.328","0.11","0.317","0.391","0.38","0.312","0.346","0.065","0.35","0.359","0.39","0.387","0.343","0.35","0.384","0.384","0.097","0.4","0.4","0.4","0.397","0.4","0.4","0.39","0.4","0.4","0.4","0.4","0.4","0.4","0.4","0.296","0.4","0.362","0.32","0.4","0.189","0.4","0.39","0.388","0.392","0.342","0.4","0.38","0.352","0.4","0.4","0.4","0.054","0.4","0.4","0.384","0.383","0.388","0.245","0.351","0.363","0.315","0.266","0.368","0.214","0.349","0.4","0.374","0.324","0.337","0.368","0.32","0.4","0.4","0.4","0.4","0.4","0.4","0.4","0.4","0.4","0.4","0.4","0.4","0.4","0.4","0.4","0.4",,,,,,,,,,,,,,,,,,
TaxEffectOfUnusualItems,"1,232,513.266","-238,554.217","469,026.549","539,682.54","489,583.333","-85,621,621.622","511,520.737","270,833.333","-295,720,930.233","-112,050,000","-25,827,586.207","14,398,104.265","-17,798,586.572","-231,621,276.596","540,000","323,987.539","676,923.077","-269,200,000","-17,879,194.631","-5,794,573.643","16,607,260.726","-149,600,000","9,315,000","-174,892,307.692","-37,600,000","-500,118,834.081","-120,987,394.958","42,124,060.15","0","19,424,528.302","4,056,910.569","21,000,000","27,461,538.462","6,650,000","2,384,615.385","13,172,185.43","3,816,513.761","-15,074,204.947","5,281,588.448","7,189,873.418","23,788,617.886","-84,000,000","6,703,980.1","13,685,393.258","19,600,000","11,824,046.921","-177,964,285.714","17,121,951.22","-224,403,292.181","17,854,748.603","11,849,462.366","346,320.346","-4,073,275.862","-21,700,000","24,078,125","35,109,170.306","68,558,173.785","7,092,034.549","30,520,000","33,339,090.909","7,714,866.76","6,565,563.298","13,720,000","-4,160,000","11,200,000","-37,002,278.703","20,560,000","-5,520,000","14,952,818.812","28,960,000","-54,480,000","-39,840,000","4,520,000","-76,160,000","27,640,000","-14,080,000","20,062,317.073","116,120,000","-89,281,904.762","-77,766,050.224","-9,000,000","-24,345,148.67","-32,880,000","10,840,251.572","12,137,044.829","96,770,955.081","12,067,228.261","112,640,000","14,156,828.645","19,902,745.793","5,200,000","-11,440,000","4,200,000","-3,686,633.663","-22,800,000","-13,160,000","-12,105,152.027","-18,503,192.407","4,306,841.612","635,879.467","2,492,830.882","15,862,259.615","3,681,660.232","1,169,315.068","-588,306.209","2,884,615.385","7,291,159.696","3,520,000","12,901,805.869","3,597,628.458","3,948,148.148","15,141,880.342","5,496,907.216","0","0","0","0","0","0","0","0","0","0","0","0","0","0","0","0",,,,,,,,,,,,,,,,,,