name,ttm,12/31/2021,09/30/2021,06/30/2021,03/31/2021,12/31/2020,09/30/2020,06/30/2020,03/31/2020,12/31/2019,09/30/2019,06/30/2019,03/31/2019,12/31/2018,09/30/2018,06/30/2018,03/31/2018,12/31/2017,09/30/2017,06/30/2017,03/31/2017,12/31/2016,09/30/2016,06/30/2016,03/31/2016,12/31/2015,09/30/2015,06/30/2015,03/31/2015,12/31/2014,09/30/2014,06/30/2014,03/31/2014,12/31/2013,09/30/2013,06/30/2013,03/31/2013,12/31/2012,09/30/2012,06/30/2012,03/31/2012,12/31/2011,09/30/2011,06/30/2011,03/31/2011,12/31/2010,09/30/2010,06/30/2010,03/31/2010,12/31/2009,09/30/2009,06/30/2009,03/31/2009,12/31/2008,09/30/2008,06/30/2008,03/31/2008,12/31/2007,09/30/2007,06/30/2007,03/31/2007,12/31/2006,09/30/2006,06/30/2006,03/31/2006,12/31/2005,09/30/2005,06/30/2005,03/31/2005,12/31/2004,09/30/2004,06/30/2004,03/31/2004,12/31/2003,09/30/2003,06/30/2003,03/31/2003,12/31/2002,09/30/2002,06/30/2002,03/31/2002,12/31/2001,09/30/2001,06/30/2001,03/31/2001,12/31/2000,09/30/2000,06/30/2000,03/31/2000,12/31/1999,09/30/1999,06/30/1999,03/31/1999,12/31/1998,09/30/1998,06/30/1998,03/31/1998,12/31/1997,09/30/1997,06/30/1997,03/31/1997,12/31/1996,09/30/1996,06/30/1996,03/31/1996,12/31/1995,09/30/1995,06/30/1995,03/31/1995,12/31/1994,09/30/1994,06/30/1994,03/31/1994,12/31/1993,09/30/1993,06/30/1993,03/31/1993,12/31/1992,09/30/1992,06/30/1992,03/31/1992,12/31/1991
TotalRevenue,"19,296,800,000","4,952,200,000","5,090,500,000","4,816,300,000","4,437,800,000","4,401,500,000","4,471,500,000","4,236,300,000","4,447,300,000","4,423,700,000","4,651,600,000","4,690,000,000","4,620,000,000","4,327,400,000","4,236,600,000","4,137,500,000","4,017,000,000","3,894,000,000","4,060,600,000","3,695,600,000","3,656,300,000","3,447,200,000","3,611,700,000","3,596,500,000","3,696,600,000","3,680,700,000","3,872,600,000","2,538,900,000","2,455,600,000","2,514,200,000","2,608,000,000","2,530,900,000","2,393,600,000","2,362,600,000","2,485,100,000","2,448,300,000","2,324,900,000","2,287,100,000","2,353,800,000","2,303,200,000","2,282,900,000","2,267,700,000","2,463,500,000","1,382,100,000","792,900,000","761,100,000","806,800,000","771,900,000","731,900,000","690,800,000","729,000,000","703,900,000","676,300,000","703,100,000","785,700,000","771,000,000","685,900,000","596,300,000","604,800,000","591,400,000","585,700,000","533,900,000","569,700,000","548,300,000","529,700,000","490,448,000","528,647,000","424,679,000","394,338,000","385,817,000","417,870,000","397,281,000","400,000,000","366,110,000","331,996,000","386,367,000","367,427,000","347,556,000","380,719,000","357,142,000","348,119,000","350,567,000","371,988,000","357,065,000","367,410,000","345,169,000","375,982,000","370,545,000","368,918,000","346,821,000","357,800,000","329,600,000","312,200,000","310,800,000","329,200,000","320,100,000","327,900,000","316,500,000","325,700,000","300,300,000","275,400,000","208,300,000","224,000,000","216,200,000","216,500,000","219,400,000","242,300,000","243,800,000","224,700,000","192,100,000","192,400,000","181,600,000","173,100,000","158,700,000","162,700,000","162,700,000","162,700,000","162,600,000","163,900,000","163,900,000","163,900,000","163,800,000"
	OperatingRevenue,"19,296,800,000","4,952,200,000","5,090,500,000","4,816,300,000","4,437,800,000","4,401,500,000","4,471,500,000","4,236,300,000","4,447,300,000","4,423,700,000","4,651,600,000","4,690,000,000","4,620,000,000","4,327,400,000","4,236,600,000","4,137,500,000","4,017,000,000","3,894,000,000","4,060,600,000","3,695,600,000","3,656,300,000","3,447,200,000","3,611,700,000","3,596,500,000","3,696,600,000","3,680,700,000","3,872,600,000","2,538,900,000","2,455,600,000","2,514,200,000","2,608,000,000","2,530,900,000","2,393,600,000","2,362,600,000","2,485,100,000","2,448,300,000","2,324,900,000","2,287,100,000","2,353,800,000","2,303,200,000","2,282,900,000","2,267,700,000","2,463,500,000","1,382,100,000","792,900,000","761,100,000","806,800,000","771,900,000","731,900,000","690,800,000","729,000,000","703,900,000","676,300,000","703,100,000","785,700,000","771,000,000","685,900,000","596,300,000","604,800,000","591,400,000","585,700,000","533,900,000","569,700,000","548,300,000","529,700,000","490,448,000","528,647,000","424,679,000","394,338,000","385,817,000","417,870,000","397,281,000","400,000,000","366,110,000","331,996,000","386,367,000","367,427,000","347,556,000","380,719,000","357,142,000","348,119,000","350,567,000","371,988,000","357,065,000","367,410,000","345,169,000","375,982,000","370,545,000","368,918,000","346,821,000","357,800,000","329,600,000","312,200,000","310,800,000","329,200,000","320,100,000","327,900,000","316,500,000","325,700,000","300,300,000","275,400,000","208,300,000","224,000,000","216,200,000","216,500,000","219,400,000","242,300,000","243,800,000","224,700,000","192,100,000","192,400,000","181,600,000","173,100,000","158,700,000","162,700,000","162,700,000","162,700,000","162,600,000","163,900,000","163,900,000","163,900,000","163,800,000"
CostOfRevenue,"15,822,800,000","4,155,600,000","4,092,600,000","3,886,400,000","3,688,200,000","3,648,600,000","3,658,100,000","3,466,300,000","3,642,500,000","3,614,700,000","3,572,900,000","3,701,100,000","3,720,400,000","3,545,600,000","3,294,900,000","3,264,300,000","3,220,400,000","3,111,600,000","3,282,600,000","3,000,100,000","2,980,900,000","2,855,900,000","2,892,400,000","2,869,200,000","2,975,800,000","2,979,500,000","3,114,700,000","2,012,600,000","1,998,500,000","2,044,700,000","2,039,000,000","2,041,300,000","1,966,400,000","1,914,800,000","1,930,000,000","1,951,600,000","1,939,700,000","1,877,600,000","1,933,900,000","1,943,400,000","1,922,100,000","1,875,500,000","2,029,100,000","1,169,700,000","626,600,000","582,300,000","602,600,000","595,800,000","570,600,000","512,300,000","525,700,000","480,800,000","504,800,000","538,300,000","621,200,000","626,300,000","560,000,000","489,300,000","488,400,000","472,200,000","473,300,000","436,300,000","461,400,000","456,300,000","440,500,000","430,840,000","442,138,000","351,927,000","335,159,000","329,993,000","343,043,000","331,517,000","331,594,000","304,344,000","266,020,000","316,965,000","301,861,000","283,443,000","316,049,000","280,433,000","275,585,000","273,457,000","348,197,000","262,054,000","274,613,000","262,080,000","286,075,000","283,583,000","258,922,000","257,905,000","257,200,000","221,300,000","209,600,000","206,600,000","223,000,000","213,500,000","225,500,000","217,800,000","241,200,000","208,200,000","194,300,000","142,600,000","148,200,000","129,700,000","144,500,000","149,300,000","175,200,000","176,500,000","159,800,000","134,400,000","137,600,000","127,100,000","119,900,000","110,700,000",,,,,,,,
GrossProfit,"3,474,000,000","796,600,000","997,900,000","929,900,000","749,600,000","752,900,000","813,400,000","770,000,000","804,800,000","809,000,000","1,078,700,000","988,900,000","899,600,000","781,800,000","941,700,000","873,200,000","796,600,000","782,400,000","778,000,000","695,500,000","675,400,000","591,300,000","719,300,000","727,300,000","720,800,000","701,200,000","757,900,000","526,300,000","457,100,000","469,500,000","569,000,000","489,600,000","427,200,000","447,800,000","555,100,000","496,700,000","385,200,000","409,500,000","419,900,000","359,800,000","360,800,000","392,200,000","434,400,000","212,400,000","166,300,000","178,800,000","204,200,000","176,100,000","161,300,000","178,500,000","203,300,000","223,100,000","171,500,000","164,800,000","164,500,000","144,700,000","125,900,000","107,000,000","116,400,000","119,200,000","112,400,000","97,600,000","108,300,000","92,000,000","89,200,000","59,608,000","86,509,000","72,752,000","59,179,000","55,824,000","74,827,000","65,764,000","68,406,000","61,766,000","65,976,000","69,402,000","65,566,000","64,113,000","64,670,000","76,709,000","72,534,000","77,110,000","23,791,000","95,011,000","92,797,000","83,089,000","89,907,000","86,962,000","109,996,000","88,916,000","100,600,000","108,300,000","102,600,000","104,200,000","106,200,000","106,600,000","102,400,000","98,700,000","84,500,000","92,100,000","81,100,000","65,700,000","75,800,000","86,500,000","72,000,000","70,100,000","67,100,000","67,300,000","64,900,000","57,700,000","54,800,000","54,500,000","53,200,000","48,000,000",,,,,,,,
OperatingExpense,"2,147,600,000","540,900,000","520,000,000","539,700,000","547,000,000","509,700,000","487,900,000","489,700,000","519,600,000","527,500,000","525,700,000","543,100,000","546,500,000","493,800,000","451,000,000","448,000,000","456,400,000","618,700,000","442,800,000","402,700,000","427,400,000","388,900,000","783,100,000","394,800,000","432,800,000","427,900,000","429,300,000","246,400,000","252,600,000","255,600,000","298,000,000","245,300,000","245,500,000","234,800,000","250,000,000","243,900,000","237,400,000","223,000,000","242,400,000","229,600,000","229,600,000","225,900,000","224,400,000","145,300,000","88,300,000","83,200,000","87,800,000","84,900,000","87,200,000","80,000,000","84,400,000","81,400,000","83,500,000","81,500,000","84,600,000","85,400,000","75,300,000","65,200,000","68,600,000","65,700,000","63,500,000","61,300,000","63,100,000","62,000,000","62,000,000","57,178,000","59,346,000","50,605,000","48,509,000","46,458,000","51,803,000","48,469,000","51,094,000","47,989,000","42,052,000","48,519,000","45,070,000","49,001,000","51,772,000","60,535,000","46,919,000","48,747,000","58,207,000","50,324,000","50,481,000","61,984,000","127,354,000","66,327,000","137,089,000","61,945,000","76,300,000","78,900,000","76,500,000","76,800,000","75,800,000","76,500,000","74,400,000","73,000,000","73,500,000","69,800,000","64,300,000","51,600,000","51,900,000","62,300,000","49,700,000","48,400,000","48,100,000","47,200,000","45,000,000","40,700,000","39,200,000","36,900,000","36,500,000","34,700,000",,,,,,,,
	SellingGeneralAndAdministration,"1,794,400,000","452,900,000","432,200,000","450,900,000","458,400,000","417,800,000","388,900,000","390,100,000","419,500,000","425,700,000","423,200,000","440,700,000","444,100,000","400,900,000","377,700,000","372,400,000","381,200,000","546,200,000","370,000,000","348,100,000","377,800,000","336,300,000","730,700,000","341,500,000","368,000,000","363,700,000","298,900,000","246,400,000","252,600,000","255,600,000","298,000,000","245,300,000","245,500,000","234,800,000","250,000,000","243,900,000","237,400,000","223,000,000","242,400,000","229,600,000","229,600,000","225,900,000","224,400,000","145,300,000","88,300,000","83,200,000","87,800,000","84,900,000","87,200,000","80,000,000","84,400,000","81,400,000","83,500,000","81,500,000","84,600,000","85,400,000","75,300,000","65,200,000","68,600,000","65,700,000","63,500,000","61,300,000","63,100,000","62,000,000","62,000,000","57,178,000","59,346,000","50,605,000","48,509,000","46,458,000","51,803,000","48,469,000","51,094,000","47,989,000","42,052,000","48,519,000","45,070,000","49,001,000","43,216,000","50,854,000","46,919,000","48,747,000","46,736,000","45,658,000","45,164,000","42,722,000","108,257,000","46,816,000","117,736,000","42,870,000","58,000,000","60,900,000","58,300,000","58,800,000","57,800,000","58,700,000","56,700,000","55,700,000","55,700,000","53,000,000","48,900,000","39,500,000","39,000,000","38,400,000","37,900,000","36,500,000","36,000,000","36,800,000","35,200,000","31,500,000","30,000,000","28,500,000","28,200,000","26,800,000",,,,,,,,
		GeneralAndAdministrativeExpense,,"452,900,000","432,200,000","450,900,000","458,400,000","417,800,000","388,900,000","390,100,000","419,500,000",,"423,200,000","440,700,000","444,100,000","400,900,000","377,700,000","372,400,000","381,200,000","546,200,000","370,000,000","348,100,000","377,800,000","336,300,000","730,700,000","341,500,000","368,000,000","363,700,000","298,900,000","246,400,000","252,600,000","255,600,000","298,000,000","245,300,000","245,500,000","234,800,000","250,000,000","243,900,000","237,400,000","223,000,000",,,,,,,,,,,,,,,,,,,,,,,,,,,,,,,,,,,,,,,,,,,,,,,,,,,,,,,,,,,,,,,,,,,,,,,,,,,,,,,,,,,,
			SalariesAndWages,"-5,400,000",,,"0","0",,"0","-2,000,000","900,000",,"-4,600,000","-1,700,000","0","0","0","4,200,000","0","180,000,000","3,900,000","0","28,700,000",,"370,700,000","0","0","0","0","-400,000","0","11,900,000","47,900,000",,,,,,,,,,,,,,,,,,,,,,,,,,,,,,,,,,,,,,,,,,,,,,,,,,,,,,,,,,,,,,,,,,,,,,,,,,,,,,,,,,,,,,,,,,,
			OtherGandA,,"452,900,000","432,200,000","450,900,000","458,400,000","417,800,000","390,000,000","390,100,000","418,600,000",,"427,800,000","442,400,000","444,100,000","400,900,000","377,700,000","368,200,000","381,200,000","366,200,000","366,100,000","348,100,000","349,100,000","336,300,000","360,000,000","341,500,000","368,000,000","363,700,000","298,900,000","246,800,000","252,600,000","243,700,000","250,100,000","245,300,000","245,500,000","234,800,000","250,000,000","243,900,000","237,400,000","223,000,000",,,,,,,,,,,,,,,,,,,,,,,,,,,,,,,,,,,,,,,,,,,,,,,,,,,,,,,,,,,,,,,,,,,,,,,,,,,,,,,,,,,,
	DepreciationAmortizationDepletionIncomeStatement,"353,200,000","88,000,000","87,800,000","88,800,000","88,600,000","91,900,000","99,000,000","99,600,000","100,100,000","101,800,000","102,500,000","102,400,000","102,400,000","92,900,000","73,300,000","75,600,000","75,200,000","72,500,000","72,800,000","54,600,000","49,600,000","52,600,000","52,400,000","53,300,000","64,800,000","64,200,000","63,800,000",,,,,,,,,,,,,,,,,,,,,,,,,,,,,,,,,,,,,,,,,,,,,,,,,,,,,,,,"-55,785,000","21,805,000","21,144,000","19,262,000","19,097,000","19,511,000","19,353,000","19,075,000","18,300,000","18,000,000","18,200,000","18,000,000","18,000,000","17,800,000","17,700,000","17,300,000","17,800,000","16,800,000","15,400,000","12,100,000","12,900,000","23,900,000","11,800,000","11,900,000","12,100,000","10,400,000","9,800,000","9,200,000","9,200,000","8,400,000","8,300,000","7,900,000",,,,,,,,
		DepreciationAndAmortizationInIncomeStatement,"353,200,000","88,000,000","87,800,000","88,800,000","88,600,000","91,900,000","99,000,000","99,600,000","100,100,000","101,800,000","102,500,000","102,400,000","102,400,000","92,900,000","73,300,000","75,600,000","75,200,000","72,500,000","72,800,000","54,600,000","49,600,000","52,600,000","52,400,000","53,300,000","64,800,000","64,200,000","63,800,000",,,,,,,,,,,,,,,,,,,,,,,,,,,,,,,,,,,,,,,,,,,,,,,,,,,,,,,,"-55,785,000","21,805,000","21,144,000","19,262,000","19,097,000","19,511,000","19,353,000","19,075,000","18,300,000","18,000,000","18,200,000","18,000,000","18,000,000","17,800,000","17,700,000","17,300,000","17,800,000","16,800,000","15,400,000","12,100,000","12,900,000","23,900,000","11,800,000","11,900,000","12,100,000","10,400,000","9,800,000","9,200,000","9,200,000","8,400,000","8,300,000","7,900,000",,,,,,,,
			DepreciationIncomeStatement,,,,,,,,,,,,,,,,,,,,,,,,,,,,,,,,,,,,,,,,,,,,,,,,,,,,,,,,,,,,,,,,,,,,,,,,,,,,,,,,,,,,"19,662,000","19,002,000",,,,,,,,,,,,,,,,,,,,,,,,,,,,,,,,,,,,,
			Amortization,"353,200,000","88,000,000","87,800,000","88,800,000","88,600,000","91,900,000","99,000,000","99,600,000","100,100,000","101,800,000","102,500,000","102,400,000","102,400,000","92,900,000","73,300,000","75,600,000","75,200,000","72,500,000","72,800,000","54,600,000","49,600,000","52,600,000","52,400,000","53,300,000","64,800,000","64,200,000","63,800,000",,,,,,,,,,,,,,,,,,,,,,,,,,,,,,,,,,,,,,,,,,,,,,,,,,,,,,,,"2,141,000","2,143,000","2,142,000",,,,,,,,,,,,,,,,,,,,,,,,,,,,,,,,,,,,,
				AmortizationOfIntangiblesIncomeStatement,"353,200,000","88,000,000","87,800,000","88,800,000","88,600,000","91,900,000","99,000,000","99,600,000","100,100,000","101,800,000","102,500,000","102,400,000","102,400,000","92,900,000","73,300,000","75,600,000","75,200,000","72,500,000","72,800,000","54,600,000","49,600,000","52,600,000","52,400,000","53,300,000","64,800,000","64,200,000","63,800,000",,,,,,,,,,,,,,,,,,,,,,,,,,,,,,,,,,,,,,,,,,,,,,,,,,,,,,,,"2,141,000","2,143,000","2,142,000",,,,,,,,,,,,,,,,,,,,,,,,,,,,,,,,,,,,,
	OtherOperatingExpenses,,,,,,,,,,,,,,,,,,,,,,,,,,,,,,,,,,,,,,,,,,,,,,,,,,,,,,,,,,,,,,,,,,,,,,,,,,,,,,,"8,556,000","9,681,000",,,"67,256,000","-17,139,000","-15,827,000",,,,,,,,,,,,,,,,,,,,,,,,,,,,,,,,,,,,,
OperatingIncome,"1,326,400,000","255,700,000","477,900,000","390,200,000","202,600,000","243,200,000","325,500,000","280,300,000","285,200,000","281,500,000","553,000,000","445,800,000","353,100,000","288,000,000","490,700,000","425,200,000","340,200,000","163,700,000","335,200,000","292,800,000","248,000,000","202,400,000","-63,800,000","332,500,000","288,000,000","273,300,000","328,600,000","279,900,000","204,500,000","213,900,000","271,000,000","244,300,000","181,700,000","213,000,000","305,100,000","252,800,000","147,800,000","186,500,000","177,500,000","130,200,000","131,200,000","166,300,000","210,000,000","67,100,000","78,000,000","95,600,000","116,400,000","91,200,000","74,100,000","98,500,000","118,900,000","141,700,000","88,000,000","83,300,000","79,900,000","59,300,000","50,600,000","41,800,000","47,800,000","53,500,000","48,900,000","36,300,000","45,200,000","30,000,000","27,200,000","2,430,000","27,163,000","22,147,000","10,670,000","9,366,000","23,024,000","17,295,000","17,312,000","13,777,000","23,924,000","20,883,000","20,496,000","15,112,000","12,898,000","16,174,000","25,615,000","28,363,000","-34,416,000","44,687,000","42,316,000","21,105,000","-37,447,000","20,635,000","-27,093,000","26,971,000","24,300,000","29,400,000","26,100,000","27,400,000","30,400,000","30,100,000","28,000,000","25,700,000","11,000,000","22,300,000","16,800,000","14,100,000","23,900,000","24,200,000","22,300,000","21,700,000","19,000,000","20,100,000","19,900,000","17,000,000","15,600,000","17,600,000","16,700,000","13,300,000","-431,900,000","162,700,000","162,700,000","162,600,000","-432,500,000","163,900,000","163,900,000","163,800,000"
NetNonOperatingInterestIncomeExpense,"-365,200,000","-86,700,000","-92,500,000","-102,500,000","-83,500,000","-93,800,000","-110,300,000","-92,400,000","-97,300,000","-93,500,000","-114,000,000","-111,100,000","-111,800,000","-94,400,000","-74,000,000","-76,700,000","-78,300,000","-64,800,000","-59,400,000","-55,400,000","-51,600,000","-53,000,000","-48,100,000","-43,100,000","-56,300,000","-50,700,000","-52,800,000","-22,600,000","-23,000,000","-23,100,000","-21,800,000","-23,800,000","-23,200,000","-24,000,000","-25,000,000","-25,600,000","-27,200,000","-29,100,000","-29,100,000","-26,600,000","-32,200,000","-32,300,000","-37,300,000","-18,700,000","-16,200,000","-16,700,000","-17,300,000","-17,700,000","-19,200,000","-21,300,000","-22,500,000","-23,200,000","-24,100,000",,,,,,,,,,,,,,,,,,,,,,,,,,,,,,,,,,,,,,,,,,,,,,,,,,,,,,,,,,,,,,,,,,,,,
	InterestIncomeNonOperating,"46,500,000","11,600,000","12,000,000","11,500,000","11,400,000","11,700,000",,,,,,,,,,,,,"25,400,000","15,000,000","14,200,000","12,100,000","15,400,000","20,900,000","6,600,000","14,500,000","12,000,000","-700,000","-500,000","200,000","3,300,000","100,000","-200,000","-800,000","1,000,000","-1,800,000","-100,000","0",,"200,000","500,000","400,000",,"4,100,000","0","0","-300,000","100,000","100,000","200,000",,"0","500,000",,,,,,,,,,,,,,,,,,,,,,,,,,,,,,,,,,,,,,,,,,,,,,,,,,,,,,,,,,,,,,,,,,,,,
	InterestExpenseNonOperating,"411,700,000","98,300,000","104,500,000","114,000,000","94,900,000","105,500,000","110,300,000","92,400,000","97,300,000","93,500,000","114,000,000","111,100,000","111,800,000","94,400,000","74,000,000","76,700,000","78,300,000","64,800,000","59,400,000","70,400,000","65,800,000","65,100,000","63,500,000","64,000,000","62,900,000","65,200,000","63,800,000","22,600,000","23,000,000","23,300,000","24,200,000","23,900,000","23,200,000","24,000,000","25,000,000","25,600,000","27,200,000","29,100,000","28,000,000","26,800,000","32,200,000","32,700,000","33,200,000","22,800,000","16,200,000","16,700,000","17,000,000","17,800,000","19,200,000","21,500,000","22,500,000","23,200,000","24,600,000",,,,,,,,,,,,,,,,,,,,,,,,,,,,,,,,,,,,,,,,,,,,,,,,,,,,,,,,,,,,,,,,,,,,,
	TotalOtherFinanceCost,"430,400,000",,,,,,,,,"93,500,000","114,000,000",,,,,,,,,,,,,,,,,,,,,,,,,,,,,,,,,,,,,,,,,,,,,,,,,,,,,,,,,,,,,,,,,,,,,,,,,,,,,,,,,,,,,,,,,,,,,,,,,,,,,,,,,,,,,,,
OtherIncomeExpense,"164,300,000","73,400,000","24,400,000","40,700,000","25,800,000","53,400,000","-1,329,700,000","11,300,000","18,800,000","-2,000,000","-37,300,000","-3,300,000","-32,200,000","8,900,000","-41,300,000","7,300,000","-18,600,000","-38,600,000","-29,400,000","149,900,000","-54,600,000","-67,300,000","-43,800,000","-37,300,000","-131,500,000","-648,100,000","-113,500,000","-11,100,000","-15,300,000","-3,200,000","-8,100,000","-9,200,000","-12,900,000","-16,700,000","-23,300,000","-24,100,000","-11,500,000","-15,700,000","-27,600,000","-13,000,000","-45,700,000","-9,600,000","-45,600,000","-94,400,000","-6,000,000","-300,000","-2,700,000","500,000","-4,800,000","-2,300,000","-2,200,000","-2,700,000","-3,400,000","-9,300,000","-6,600,000","-2,700,000","-600,000","-3,300,000","-1,500,000","-1,300,000","-800,000","-200,000","-100,000","-2,700,000","-3,700,000","582,000","-3,458,000","-2,168,000","-2,524,000","-333,000","-5,852,000","-21,029,000","-6,126,000","-182,000","-620,000","-763,000","-1,219,000","519,000","-8,180,000","-9,681,000","172,000","-866,000","-11,334,000","-2,523,000","-3,175,000","-1,865,000",,"-4,876,000",,"-2,474,000",,"-2,700,000","-1,000,000","-2,000,000","100,000","700,000","100,000","100,000","15,500,000","-2,600,000","-12,700,000","500,000","500,000","400,000","200,000","200,000","100,000",,,"100,000","100,000","100,000","100,000","300,000",,,,,,,,
	EarningsFromEquityInterest,"50,300,000","18,400,000","11,500,000","10,700,000","9,700,000","9,000,000","7,100,000","0","4,900,000","3,800,000","1,800,000","1,700,000","-200,000","6,800,000","2,300,000","15,500,000","11,900,000","3,800,000","2,100,000","16,700,000","6,500,000","13,700,000","2,900,000","5,800,000","-300,000","1,300,000","-200,000","2,700,000","2,400,000","2,200,000","1,500,000","4,100,000","1,500,000","1,700,000","1,700,000","1,200,000","1,100,000","600,000","500,000","800,000","1,400,000","700,000","300,000","600,000","300,000","300,000","600,000","300,000","-300,000","200,000","400,000","300,000","-200,000","-400,000","1,500,000","1,000,000","200,000","-300,000","-200,000","600,000","400,000","300,000","500,000",,"-200,000",,,,"200,000",,,,,,,,,,,,,,,,,,,,,,,,,,,,,,,,,,,,,,,,,,,,,,,,,,,,,
	SpecialIncomeCharges,"-16,200,000","14,900,000","-17,700,000","-7,900,000","-5,500,000","-11,300,000","-1,380,800,000","-9,300,000","-11,300,000","-28,800,000","-63,100,000","-27,600,000","-47,400,000","-12,500,000","-43,000,000","-17,900,000","-31,600,000","-44,900,000","-39,900,000","133,200,000","-61,100,000","-81,000,000","-46,700,000","-43,100,000","-131,200,000","-649,400,000","-114,300,000","-13,100,000","-17,200,000","-5,400,000","-10,500,000","-13,300,000","-14,200,000","-17,600,000","-26,000,000","-23,500,000","-12,500,000","-16,300,000","-28,100,000","-13,800,000","-47,100,000","-10,300,000","-45,900,000","-95,000,000","-6,300,000","-600,000","-3,300,000","200,000","-4,500,000","-2,500,000","-2,600,000","-3,000,000","-3,200,000","-8,900,000","-8,100,000","-3,700,000","-800,000","-3,000,000","-1,300,000","-1,900,000","-1,200,000","-500,000","-600,000","-2,700,000","-3,500,000","582,000","-3,458,000","-2,168,000","-2,724,000","-333,000","-5,852,000","-21,029,000","-6,126,000","-182,000","-620,000","-763,000","-1,219,000","519,000","-8,180,000","-9,681,000","172,000","-866,000","-11,334,000","-2,523,000","-3,175,000","-1,865,000",,"-4,876,000",,"-2,474,000",,"-2,700,000","-1,000,000","-2,000,000","100,000","700,000","100,000","100,000","15,500,000","-2,600,000","-12,700,000","500,000","500,000","400,000","200,000","200,000","100,000",,,"100,000","100,000","100,000","100,000","300,000",,,,,,,,
		RestructuringAndMergernAcquisition,"23,100,000","2,300,000","9,300,000","6,500,000","4,100,000","6,600,000","53,600,000","7,400,000","16,400,000","30,100,000","66,600,000","17,900,000","34,800,000","54,400,000","40,300,000","17,100,000","31,700,000","16,300,000","38,000,000","59,400,000","18,300,000","81,000,000","49,400,000","43,100,000","131,200,000","171,100,000","111,700,000","13,100,000","17,200,000","5,400,000","10,500,000","13,300,000","14,200,000","17,600,000","26,000,000","23,500,000","12,400,000","16,100,000","23,100,000","13,700,000","28,100,000","10,300,000","30,900,000","55,500,000","6,300,000","600,000","3,300,000","-200,000","1,300,000","3,000,000","2,600,000","1,100,000","3,200,000","6,500,000","8,100,000","3,700,000","800,000","3,000,000","2,400,000","600,000","1,200,000","500,000","600,000","2,700,000","3,500,000","970,000","3,548,000","777,000","2,724,000","476,000","5,673,000","21,317,000","6,043,000","132,000","597,000","671,000","935,000","-519,000",,,,,,,,,,,,,,,,,,,,,,,,,,,,,,,,,,,,,,,,,,,,
		ImpairmentOfCapitalAssets,"0",,"0",,,,"1,333,200,000","0","0",,"0","0","13,000,000","0","2,600,000","1,700,000","0","27,600,000","4,000,000","0","42,700,000",,,,"0","478,300,000",,,,,,,,,,,,,,,,,,,,,,,,,,,,,,,,,,,,,,,,,,,,,,,,,,,,,,,,,,,,,,,,,,,,,,,,,,,,,,,,,,,,,,,,,,,,,,,,
		OtherSpecialCharges,"5,400,000","-3,300,000","8,700,000",,"1,100,000","2,200,000","4,400,000","900,000","500,000",,"400,000","3,200,000","-400,000","1,900,000","100,000","-900,000","-100,000","1,000,000","100,000","-2,000,000","100,000",,"-2,700,000",,,,"2,600,000",,,,,,,,"0",,"100,000","200,000","5,000,000","100,000","19,000,000",,"19,100,000","39,500,000",,,"0",,"3,200,000","-500,000","0","1,900,000",,"2,400,000",,,,,,"1,300,000",,,,,,"-1,552,000","-90,000","1,391,000",,"-143,000","179,000","-288,000","83,000","50,000","23,000","92,000","284,000",,,,,,,,,,,,,,,,,,,,,,,,,,,,,,,,,,,,,,,,,,,,,
		GainOnSaleOfBusiness,,,,"-400,000",,,,,,,,,,,"0","0",,,"2,200,000","190,600,000",,,,,,,,,,,,,,,,,,,,,,,,,,,,,,,,,,,,,,,,,,,,,,,,,,,,,,,,,,,,,,,,,,,,,,,,,,,,,,,,,,,,,,,,,,,,,,,,,,,,,,
		GainOnSaleOfPPE,"12,300,000","13,900,000","-300,000","-1,000,000","-300,000","-2,500,000","10,400,000","-1,000,000","5,600,000","1,300,000","3,900,000","-6,500,000","0","43,800,000",,,,,,,,,,,,,,,,,,,,,,,,,,,,,,,,,,,,,,,,,,,,,,,,,,,,,,,,,,,,,,,,,,,,,,,,,,,,,,,,,,,,,,,,,,,,,,,,,,,,,,,,,,,,
	OtherNonOperatingIncomeExpenses,"130,200,000","40,100,000","30,600,000","37,900,000","21,600,000","55,700,000","44,000,000","20,600,000","25,200,000","23,000,000","24,000,000","22,600,000","15,400,000","14,600,000","-600,000","9,700,000","1,100,000","2,500,000","8,400,000",,,,,,,,,"-700,000","-500,000",,,,"-200,000","-800,000","1,000,000","-1,800,000","-100,000",,,,,,,,,,,,,,,,,,,,,,,,,,,,,,,,,,,,,,,,,,,,,,,,,,,,,,,,,,,,,,,,,,,,,,,,,,,,,,,,,,,,,
PretaxIncome,"1,125,500,000","242,400,000","409,800,000","328,400,000","144,900,000","202,800,000","-1,114,500,000","199,200,000","206,700,000","186,000,000","401,700,000","331,400,000","209,100,000","202,500,000","375,400,000","355,800,000","243,300,000","60,300,000","246,400,000","387,300,000","141,800,000","82,100,000","-155,700,000","252,100,000","100,200,000","-425,500,000","162,300,000","246,200,000","166,200,000","187,600,000","241,100,000","211,300,000","145,600,000","172,300,000","256,800,000","203,100,000","109,100,000","141,700,000","120,800,000","90,600,000","53,300,000","124,400,000","127,100,000","-46,000,000","55,800,000","78,600,000","96,400,000","74,000,000","50,100,000","74,900,000","92,900,000","114,400,000","59,300,000","47,300,000","45,000,000","28,100,000","27,300,000","25,700,000","31,300,000","39,600,000","34,700,000","21,400,000","30,300,000","12,000,000","8,400,000","12,094,000","7,606,000","9,758,000","596,000","1,896,000","10,655,000","-11,155,000","4,857,000","6,878,000","15,979,000","11,842,000","11,983,000","8,482,000","5,991,000","8,791,000","18,933,000","20,103,000","13,971,000","16,230,000","13,268,000","8,665,000","11,372,000","5,584,000","-36,749,000","15,447,000","21,300,000","17,500,000","15,800,000","15,700,000","20,500,000","20,600,000","17,700,000","15,800,000","17,300,000","11,000,000","-2,600,000","12,100,000","21,800,000","21,800,000","19,800,000","19,000,000","16,100,000","17,800,000","17,800,000","16,200,000","15,000,000","17,000,000","16,100,000","12,900,000",,,,,,,,
TaxProvision,"251,700,000","58,600,000","85,200,000","77,400,000","30,500,000","50,300,000","40,000,000","19,200,000","57,800,000","46,500,000","89,300,000","77,600,000","47,200,000","62,700,000","95,400,000","84,500,000","18,800,000","-1,073,200,000","51,100,000","60,700,000","43,600,000","3,600,000","-69,300,000","99,700,000","40,400,000","26,200,000","44,400,000","88,300,000","55,800,000","62,000,000","85,800,000","76,900,000","62,100,000","61,700,000","78,500,000","61,400,000","-216,500,000","54,800,000","37,400,000","31,300,000","20,600,000","47,600,000","42,300,000","-17,600,000","17,500,000","27,300,000","4,000,000","27,000,000","16,400,000","17,300,000","25,600,000","27,400,000","21,900,000","16,700,000","16,600,000","9,300,000","10,200,000","8,200,000","11,600,000","14,400,000","13,000,000","6,300,000","8,800,000","1,000,000","3,200,000","-3,118,000","2,696,000","-2,224,000","356,000","1,414,000","4,103,000","-7,079,000","1,848,000","2,712,000","6,050,000","4,630,000","4,653,000","3,412,000","2,775,000","3,320,000","7,349,000","7,904,000","4,677,000","7,110,000","5,950,000","4,160,000","5,247,000","2,979,000","-3,493,000","6,837,000","9,100,000","7,600,000","7,000,000","6,900,000","8,800,000","8,800,000","7,900,000","7,100,000","7,600,000","4,800,000","4,600,000","4,700,000","8,300,000","8,300,000","7,500,000","7,200,000","6,300,000","6,900,000","7,000,000","6,200,000","5,800,000","6,500,000","6,200,000","5,100,000",,,,,,,,
EarningsFromEquityInterestNetOfTax,,,,,,,,,,,,,,,,,,,,,,,,,,,,,,,,,,,,,,,,,,,,,,,,,,,,"300,000",,,,,,,,,,,,,,,,,,,,,,,,,,,,,,,,,,,,,,,,,,,,,,,,,,,,,,,,,,,,,,,,,,,,,,
NetIncomeCommonStockholders,"868,400,000","182,300,000","323,600,000","250,100,000","112,400,000","152,000,000","-1,156,000,000","178,500,000","148,000,000","138,500,000","310,700,000","252,600,000","160,400,000","139,100,000","279,600,000","268,200,000","223,200,000","1,134,900,000","196,100,000","328,000,000","103,100,000","80,900,000","-92,000,000","92,300,000","56,900,000","-453,500,000","115,700,000","156,400,000","109,800,000","125,000,000","153,900,000","133,300,000","82,800,000","109,600,000","176,400,000","140,100,000","324,700,000","86,000,000","82,300,000","58,200,000","31,900,000","76,300,000","83,900,000","-30,100,000","37,000,000","50,300,000","91,400,000","45,100,000","32,800,000","56,300,000","67,300,000","87,000,000","37,400,000","30,600,000","28,400,000","18,800,000","17,100,000","17,500,000","19,700,000","25,200,000","21,700,000","15,100,000","21,500,000","11,000,000","5,200,000","-8,976,000","4,910,000","11,982,000","240,000","482,000","6,585,000","-3,726,000","2,910,000","11,879,000","9,964,000","7,212,000","7,330,000","5,070,000","3,216,000","5,471,000","11,584,000","12,199,000","9,294,000","9,120,000","7,318,000","4,791,000","6,125,000","2,605,000","-33,256,000","8,610,000","12,200,000","9,900,000","8,800,000","8,800,000","11,700,000","11,800,000","9,800,000","8,700,000","9,700,000","6,200,000","-7,200,000","7,400,000","13,500,000","13,500,000","12,300,000","11,800,000","9,800,000","10,900,000","10,800,000","10,000,000","9,200,000","10,500,000","9,800,000","7,700,000","6,000,000","6,400,000","6,400,000","6,300,000","8,000,000","8,300,000","8,300,000","8,300,000"
	NetIncome,"868,600,000","182,300,000","323,700,000","250,100,000","112,500,000","152,000,000","-1,156,000,000","178,500,000","148,100,000","138,500,000","310,800,000","252,600,000","160,400,000","139,100,000","279,600,000","268,200,000","223,200,000","1,135,100,000","196,100,000","328,100,000","103,100,000","80,900,000","-92,000,000","92,300,000","56,900,000","-453,500,000","115,800,000","156,400,000","109,800,000","125,100,000","153,900,000","133,300,000","82,800,000","109,700,000","176,500,000","140,100,000","324,700,000","86,000,000","82,300,000","58,200,000","31,900,000","76,700,000","83,900,000","-30,100,000","37,000,000","50,300,000","91,400,000","45,100,000","32,800,000","56,300,000","67,300,000","87,000,000","37,400,000","30,600,000","28,400,000","18,800,000","17,100,000","17,500,000","19,700,000","25,200,000","21,700,000","15,100,000","21,500,000","11,000,000","5,200,000","-8,976,000","4,910,000","11,982,000","240,000","482,000","6,585,000","-3,726,000","2,910,000","11,879,000","9,964,000","7,212,000","7,330,000","5,070,000","3,216,000","5,471,000","11,584,000","12,199,000","9,294,000","9,120,000","7,318,000","4,791,000","6,125,000","2,605,000","-33,256,000","8,610,000","12,200,000","9,900,000","8,800,000","8,800,000","11,700,000","11,800,000","9,800,000","8,700,000","9,700,000","6,200,000","-7,200,000","7,400,000","13,500,000","13,500,000","12,300,000","11,800,000","9,800,000","10,900,000","10,800,000","10,000,000","9,200,000","10,500,000","9,900,000","7,800,000","6,300,000","6,400,000","6,400,000","6,300,000","8,300,000","8,300,000","8,300,000","8,300,000"
		NetIncomeIncludingNoncontrollingInterests,"873,800,000","183,800,000","324,600,000","251,000,000","114,400,000","152,500,000","-1,154,500,000","180,000,000","148,900,000","139,500,000","312,400,000","253,800,000","161,900,000","139,800,000","280,000,000","271,300,000","224,500,000","1,133,500,000","195,300,000","326,600,000","98,200,000","78,500,000","-91,700,000","93,700,000","59,800,000","-451,700,000","117,900,000","157,900,000","110,400,000","125,600,000","155,300,000","134,400,000","83,500,000","110,600,000","178,300,000","141,700,000","325,600,000","86,900,000","83,400,000","59,300,000","32,700,000","76,800,000","84,800,000","-28,400,000","38,300,000","51,300,000","92,400,000","47,000,000","33,700,000","57,600,000","67,300,000","87,000,000","37,400,000","31,300,000","29,900,000","20,500,000","18,300,000","18,400,000","20,700,000","26,000,000","22,800,000","17,000,000","23,200,000","12,600,000","7,000,000","-7,678,000","6,699,000","13,457,000","943,000","1,347,000","7,492,000","-2,690,000","3,500,000","12,765,000","10,841,000","8,061,000","8,114,000","5,808,000","3,793,000","6,345,000","12,344,000","12,959,000","9,363,000","9,966,000","8,095,000","5,538,000","7,299,000","3,976,000","-31,982,000","9,771,000","13,600,000","11,500,000","10,300,000","10,200,000","13,100,000","13,300,000","11,200,000","9,700,000","10,100,000","6,200,000","-7,200,000","7,400,000","13,500,000","13,500,000","12,300,000","11,800,000","9,800,000","10,900,000","10,800,000","10,000,000","9,200,000","10,500,000","9,900,000","7,800,000","6,300,000","6,400,000","6,400,000","6,300,000","8,300,000","8,300,000","8,300,000","8,300,000"
			NetIncomeContinuousOperations,"873,800,000","183,800,000","324,600,000","251,000,000","114,400,000","152,500,000","-1,154,500,000","180,000,000","148,900,000","139,500,000","312,400,000","253,800,000","161,900,000","139,800,000","280,000,000","271,300,000","224,500,000","1,133,500,000","195,300,000","326,600,000","98,200,000","78,500,000","-86,400,000","152,400,000","59,800,000","-451,700,000","117,900,000","157,900,000","110,400,000","125,600,000","155,300,000","134,400,000","83,500,000","110,600,000","178,300,000","141,700,000","325,600,000","86,900,000","83,400,000","59,300,000","32,700,000","76,800,000","84,800,000","-28,400,000","38,300,000","51,300,000","92,400,000","47,000,000","33,700,000","57,600,000","67,300,000","87,000,000","37,400,000","30,600,000","28,400,000","18,800,000","17,100,000","17,500,000","19,700,000","25,200,000","21,700,000","15,100,000","21,500,000","11,000,000","5,200,000","-8,976,000","4,910,000","11,982,000","240,000","482,000","6,552,000","-4,076,000","3,009,000","4,166,000","9,929,000","7,212,000","7,330,000","5,070,000","3,216,000","5,471,000","11,584,000","12,199,000","9,294,000","9,120,000","7,318,000","4,505,000","6,125,000","2,605,000","-33,256,000","8,610,000","12,200,000","9,900,000","8,800,000","8,800,000","11,700,000","11,800,000","9,800,000","8,700,000","9,700,000","6,200,000","-7,200,000","7,400,000","13,500,000","13,500,000","12,300,000","11,800,000","9,800,000","10,900,000","10,800,000","10,000,000","9,200,000","10,500,000","9,900,000","7,800,000","6,300,000","6,400,000","6,400,000","6,300,000","8,300,000","8,300,000","8,300,000","8,300,000"
			NetIncomeDiscontinuousOperations,,,,,,,,,,,,,,,,,,,"0","0","0","0","-5,300,000","-58,700,000",,,,,,,,,,,,,,,,,,,,,,,,,,,,,,,,,,,,,,,,,,,,,,,"33,000","350,000","-99,000","7,713,000",,,,,,,,,,,,,,,,,,,,,,,,,,,,,,,,,,,,,,,,,,,,,,,,
			NetIncomeExtraordinary,,,,,,,,,,,,,,,,,,,,,,,,,,,,,,,,,,,,,,,,,,,,,,,,,,,,,,,,,,,,,,,,,,,,,,,,,,,,,,,"0",,,,"0",,,"286,000",,,,,,,,,,,,,,,,,,,,,,,,,,,,,,,,,,,,
		MinorityInterests,"-5,200,000","-1,500,000","-900,000","-900,000","-1,900,000","-500,000","-1,500,000","-1,500,000","-800,000","-1,000,000","-1,600,000","-1,200,000","-1,500,000","-700,000","-400,000","-3,100,000","-1,300,000","1,600,000","800,000","1,500,000","4,900,000","2,400,000","-300,000","-1,400,000","-2,900,000","-1,800,000","-2,100,000","-1,500,000","-600,000","-500,000","-1,400,000","-1,100,000","-700,000","-900,000","-1,800,000","-1,600,000","-900,000","-900,000","-1,100,000","-1,100,000","-800,000","-100,000","-900,000","-1,700,000","-1,300,000","-1,000,000","-1,000,000","-1,900,000","-900,000","-1,300,000",,,,"-700,000","-1,500,000","-1,700,000","-1,200,000","-900,000","-1,000,000","-800,000","-1,100,000","-1,900,000","-1,700,000","-1,600,000","-1,800,000","-1,298,000","-1,789,000","-1,475,000","-703,000","-865,000","-907,000","-1,036,000","-590,000","-886,000","-877,000","-849,000","-784,000","-738,000","-577,000","-874,000","-760,000","-760,000","-69,000","-846,000","-777,000","-747,000","-1,174,000","-1,371,000","-1,274,000","-1,161,000","-1,400,000","-1,600,000","-1,500,000","-1,400,000","-1,400,000","-1,500,000","-1,400,000","-1,000,000",,,,,,,,,,,,,,,,,,,,,,,,
	PreferredStockDividends,,,,,,,,,,,,,,,,,,,,,,,,,,,,,,,,,,,,,,,"100,000",,,,,,,,,,,,,,,,,,,,,,,,,,,,,,,,,,,,,,,,,,,,,,,,,,,,,,,,,,,,,,,,,,,,,,,,,,"100,000","100,000",,,,,,,,
	OtherunderPreferredStockDividend,"200,000",,"100,000","0","100,000",,"0","0","100,000","0","100,000","0","0","0","0",,"0","200,000",,"100,000",,,,,,"0","100,000","0",,"100,000","0","0","0","100,000","100,000","0","0","0",,,"200,000","400,000","500,000","100,000","700,000",,,,,,,,,,,,,,,,,,,,,,,,,,,,,,,,,,,,,,,,,,,,,,,,,,,,,,,,,,,,,,,,,,,,,,,,,,,,,
AverageDilutionEarnings,,,,,,,,,,,,,,,,,,"-200,000",,,,,,,,"0",,,,"-100,000",,,,"-100,000","0","0",,,,,,,,,,,,,,,,,,,,,,,,,,,,,,,,,,,,,,,,,,,,,,,,,,,,,,,,,,,,,,,,,,,,,,,,,,,,,,,,,,,,,,
DilutedNIAvailtoComStockholders,"868,400,000","182,300,000","323,600,000","250,100,000","112,400,000","152,000,000","-1,156,000,000","178,500,000","148,000,000","138,500,000","310,700,000","252,600,000","160,400,000","139,100,000","279,600,000","268,200,000","223,200,000","1,134,900,000","196,100,000","328,000,000","103,100,000","80,900,000","-92,000,000","92,300,000","56,900,000","-453,500,000","115,700,000","156,400,000","109,800,000","125,000,000","153,900,000","133,300,000","82,800,000","109,600,000","176,400,000","140,100,000","324,700,000","86,000,000","82,300,000","58,200,000","31,900,000","76,300,000","83,900,000","-30,100,000","37,000,000","50,300,000","91,400,000","45,100,000","32,800,000","56,300,000","67,300,000","87,000,000","37,400,000","30,600,000","28,400,000","18,800,000","17,100,000","17,500,000","19,700,000","25,200,000","21,700,000","15,100,000","21,500,000","11,000,000","5,200,000","-8,976,000","4,910,000","11,982,000","240,000","482,000","6,585,000","-3,726,000","2,910,000","11,879,000","9,964,000","7,212,000","7,330,000","5,070,000","3,216,000","5,471,000","11,584,000","12,199,000","9,294,000","9,120,000","7,318,000","4,791,000","6,125,000","2,605,000","-33,256,000","8,610,000","12,200,000","9,900,000","8,800,000","8,800,000","11,700,000","11,800,000","9,800,000","8,700,000","9,700,000","6,200,000","-7,200,000","7,400,000","13,500,000","13,500,000","12,300,000","11,800,000","9,800,000","10,900,000","10,800,000","10,000,000","9,200,000","10,500,000","9,800,000","7,700,000","6,000,000","6,400,000","6,400,000","6,300,000","8,000,000","8,300,000","8,300,000","8,300,000"
BasicEPS,,"0.693","1.221","0.937","0.423","0.577","-4.439","0.688","0.571","0.536","1.205","0.982","0.624","0.545","1.103","1.051","0.871","4.453","0.771","1.292","0.411","0.323","-0.367","0.367","0.225","-1.778","0.451","1.11","0.78","0.894","1.099","0.931","0.577","0.767","1.225","0.973","2.257","0.599","0.58","0.411","0.224","0.541","0.592","-0.212","0.461","0.651",,"0.579","0.421","0.726",,"1.129","0.495","0.405",,"0.25","0.23","0.235",,"0.32","0.28","0.2",,"0.15","0.075","-0.125",,"0.17","0.005","0.005",,"-0.055","0.04","0.17",,"0.105","0.105","0.075",,"0.08","0.17","0.18",,"0.135","0.11","0.07",,"0.04","-0.48","0.125",,"0.14","0.125","0.125",,"0.17","0.14","0.125",,"0.095","-0.11","0.11",,"0.182","0.164","0.159",,"0.145","0.145","0.132",,"0.141","0.136","0.109",,"0.086","0.086","0.086",,"0.114","0.114","0.114"
DilutedEPS,,"0.68","1.2","0.93","0.42","0.57","-4.45","0.688","0.57","0.53","1.2","0.98","0.62","0.54","1.08","1.03","0.86","4.38","0.76","1.29","0.4","0.32","-0.37","0.36","0.22","-1.778","0.44","1.1","0.77","0.88","1.06","0.91","0.565","0.75","1.2","0.955","2.225","0.59","0.57","0.405","0.22","0.53","0.585","-0.3","0.46","0.635",,"0.57","0.415","0.715",,"1.12","0.485","0.395",,"0.245","0.225","0.23",,"0.315","0.275","0.195",,"0.15","0.07","-0.125",,"0.165","0.005","0.005",,"-0.055","0.04","0.17",,"0.105","0.105","0.075",,"0.08","0.17","0.18",,"0.135","0.11","0.07",,"0.035","-0.48","0.12",,"0.14","0.125","0.125",,"0.17","0.14","0.125",,"0.09","-0.11","0.11",,"0.182","0.164","0.159",,"0.145","0.145","0.132",,"0.141","0.136","0.109",,"0.086","0.086","0.086",,"0.114","0.114","0.114"
BasicAverageShares,,"263,200,000","265,000,000","266,900,000","265,900,000","263,300,000","260,400,000","259,500,000","259,200,000","258,400,000","257,800,000","257,300,000","256,900,000","255,200,000","253,500,000","255,100,000","256,400,000","254,900,000","254,500,000","253,900,000","251,000,000","250,100,000","251,000,000","251,500,000","252,400,000","255,000,000","257,000,000","140,900,000","140,800,000","139,900,000","140,000,000","143,167,474","143,527,066","143,116,450","144,047,640","143,935,778","143,866,592","143,594,838","141,768,004","141,515,230","141,341,398","141,083,932","140,935,808","142,413,718","78,817,348","78,768,348",,"76,600,000","76,400,000","77,579,012",,"75,400,000","75,600,000","75,555,556",,"75,200,000","76,400,000","74,600,000",,"78,600,000","77,400,000","74,600,000",,"72,400,000","73,400,000","71,662,000",,"71,838,000","71,758,000","71,762,000",,"69,932,000","70,624,000","70,562,000",,"69,452,000","69,030,000","69,004,000",,"69,388,000","68,706,000","67,670,000",,"66,776,000","66,444,000","66,946,000",,"69,376,000","69,594,000","70,782,000",,"70,714,286","70,400,000","70,400,000",,"69,411,765","70,000,000","69,600,000",,"65,263,158","65,454,545","67,272,727",,"74,250,000","75,166,667","74,171,429",,"74,937,500","74,250,000","75,862,069",,"74,516,129","71,866,667","70,583,333",,"74,105,263","74,105,263","72,947,368",,"73,040,000","73,040,000","73,040,000"
DilutedAverageShares,,"266,900,000","268,900,000","269,000,000","267,000,000","264,800,000","260,400,000","260,400,000","260,200,000","259,900,000","259,000,000","258,600,000","259,400,000","259,500,000","259,200,000","260,600,000","260,300,000","259,200,000","257,800,000","255,300,000","254,600,000","255,300,000","251,900,000","256,200,000","257,400,000","257,600,000","264,100,000","142,700,000","142,700,000","142,800,000","145,300,000","146,000,000","146,000,000","146,600,000","146,800,000","146,400,000","145,800,000","145,400,000","144,800,000","144,600,000","143,800,000","143,400,000","143,200,000","142,413,718","78,817,348","78,800,000",,"78,400,000","78,000,000","77,800,000",,"77,600,000","77,200,000","77,000,000",,"76,800,000","76,400,000","76,000,000",,"80,200,000","79,600,000","77,400,000",,"73,800,000","74,285,714","71,662,000",,"72,618,182","71,758,000","71,762,000",,"69,932,000","70,624,000","70,562,000",,"69,452,000","69,030,000","69,004,000",,"69,388,000","68,706,000","67,670,000",,"67,164,000","66,500,000","66,946,000",,"69,538,000","69,594,000","71,750,000",,"70,714,286","70,400,000","70,400,000",,"69,411,765","70,000,000","69,600,000",,"68,888,889","65,454,545","67,272,727",,"74,250,000","75,166,667","74,171,429",,"74,937,500","74,250,000","75,862,069",,"74,516,129","71,866,667","70,583,333",,"74,105,263","74,105,263","72,947,368",,"73,040,000","73,040,000","73,040,000"
TotalOperatingIncomeAsReported,"1,318,800,000","270,600,000","468,800,000","382,300,000","197,100,000","233,000,000","-1,054,900,000","271,600,000","274,400,000","252,700,000","490,300,000","421,400,000","305,300,000","277,400,000","447,800,000","406,400,000","308,500,000","119,800,000","293,200,000","233,400,000","187,000,000","121,400,000","-113,200,000","289,400,000","156,800,000","-376,100,000","216,900,000","266,800,000","187,300,000","208,500,000","260,500,000","231,000,000","167,500,000","195,400,000","279,100,000","229,300,000","135,400,000","170,400,000","154,400,000","116,500,000","103,100,000","156,000,000","179,100,000","11,600,000","71,700,000","95,000,000","113,100,000","91,400,000","72,800,000","95,500,000","116,300,000","140,600,000","84,800,000","76,800,000","71,800,000","55,600,000","49,800,000","38,800,000","45,400,000","52,900,000","47,700,000","35,800,000","44,600,000","27,300,000","23,700,000","1,460,000","23,615,000","21,370,000","7,946,000","8,890,000","17,351,000","-4,022,000","11,269,000","13,645,000","23,327,000","20,212,000","19,561,000","15,631,000","12,898,000","16,174,000","25,615,000","28,363,000","23,510,000","25,025,000","23,314,000","21,105,000","-37,447,000","20,635,000","-27,093,000","26,971,000","24,300,000","29,400,000","26,100,000","27,400,000","30,400,000","30,100,000","28,000,000","25,700,000","11,000,000","22,300,000","16,800,000","14,100,000","23,900,000","24,200,000","22,300,000","21,700,000","19,000,000","20,100,000","19,900,000","17,000,000","15,600,000","17,600,000","16,700,000","13,300,000",,,,,,,,
TotalExpenses,"17,970,400,000","4,696,500,000","4,612,600,000","4,426,100,000","4,235,200,000","4,158,300,000","4,146,000,000","3,956,000,000","4,162,100,000","4,142,200,000","4,098,600,000","4,244,200,000","4,266,900,000","4,039,400,000","3,745,900,000","3,712,300,000","3,676,800,000","3,730,300,000","3,725,400,000","3,402,800,000","3,408,300,000","3,244,800,000","3,675,500,000","3,264,000,000","3,408,600,000","3,407,400,000","3,544,000,000","2,259,000,000","2,251,100,000","2,300,300,000","2,337,000,000","2,286,600,000","2,211,900,000","2,149,600,000","2,180,000,000","2,195,500,000","2,177,100,000","2,100,600,000","2,176,300,000","2,173,000,000","2,151,700,000","2,101,400,000","2,253,500,000","1,315,000,000","714,900,000","665,500,000","690,400,000","680,700,000","657,800,000","592,300,000","610,100,000","562,200,000","588,300,000","619,800,000","705,800,000","711,700,000","635,300,000","554,500,000","557,000,000","537,900,000","536,800,000","497,600,000","524,500,000","518,300,000","502,500,000","488,018,000","501,484,000","402,532,000","383,668,000","376,451,000","394,846,000","379,986,000","382,688,000","352,333,000","308,072,000","365,484,000","346,931,000","332,444,000","367,821,000","340,968,000","322,504,000","322,204,000","406,404,000","312,378,000","325,094,000","324,064,000","413,429,000","349,910,000","396,011,000","319,850,000","333,500,000","300,200,000","286,100,000","283,400,000","298,800,000","290,000,000","299,900,000","290,800,000","314,700,000","278,000,000","258,600,000","194,200,000","200,100,000","192,000,000","194,200,000","197,700,000","223,300,000","223,700,000","204,800,000","175,100,000","176,800,000","164,000,000","156,400,000","145,400,000",,,,,,,,
NetIncomeFromContinuingAndDiscontinuedOperation,"868,600,000","182,300,000","323,700,000","250,100,000","112,500,000","152,000,000","-1,156,000,000","178,500,000","148,100,000","138,500,000","310,800,000","252,600,000","160,400,000","139,100,000","279,600,000","268,200,000","223,200,000","1,135,100,000","196,100,000","328,100,000","103,100,000","80,900,000","-92,000,000","92,300,000","56,900,000","-453,500,000","115,800,000","156,400,000","109,800,000","125,100,000","153,900,000","133,300,000","82,800,000","109,700,000","176,500,000","140,100,000","324,700,000","86,000,000","82,300,000","58,200,000","31,900,000","76,700,000","83,900,000","-30,100,000","37,000,000","50,300,000","91,400,000","45,100,000","32,800,000","56,300,000","67,300,000","87,000,000","37,400,000","30,600,000","28,400,000","18,800,000","17,100,000","17,500,000","19,700,000","25,200,000","21,700,000","15,100,000","21,500,000","11,000,000","5,200,000","-8,976,000","4,910,000","11,982,000","240,000","482,000","6,585,000","-3,726,000","2,910,000","11,879,000","9,964,000","7,212,000","7,330,000","5,070,000","3,216,000","5,471,000","11,584,000","12,199,000","9,294,000","9,120,000","7,318,000","4,505,000","6,125,000","2,605,000","-33,256,000","8,610,000","12,200,000","9,900,000","8,800,000","8,800,000","11,700,000","11,800,000","9,800,000","8,700,000","9,700,000","6,200,000","-7,200,000","7,400,000","13,500,000","13,500,000","12,300,000","11,800,000","9,800,000","10,900,000","10,800,000","10,000,000","9,200,000","10,500,000","9,900,000","7,800,000","6,300,000","6,400,000","6,400,000","6,300,000","8,300,000","8,300,000","8,300,000","8,300,000"
NormalizedIncome,"881,177,130.164","171,005,800","337,720,058.565","256,135,600","116,845,000","160,497,600","-148,016,000","186,907,200","156,236,000","160,100,000","359,872,541.698","273,741,600","197,087,600","147,725,000","311,678,000","281,857,700","252,366,800","1,162,040,000","227,725,284.091","215,812,400","145,442,300","158,336,000","-58,680,000","177,075,500","135,620,000","155,637,200","198,831,238.447","164,797,100","121,220,800","128,718,000","160,663,376.192","141,758,800","92,030,000","120,999,200","194,552,180.685","156,503,000","332,825,000","95,991,900","101,700,165.563","67,232,450.331","60,796,247.655","83,058,842.444","114,524,075.531","28,552,173.913","41,324,193.548","50,691,603.053","94,563,070.539","44,972,972.973","35,826,946.108","58,222,563.418","69,183,530.678","89,281,468.531","39,418,212.479","36,357,716.702","33,512,000","21,275,444.84","17,601,098.901","19,542,801.556","20,518,210.863","26,409,090.909","22,450,432.277","15,452,803.738","21,925,742.574","13,475,000","7,366,666.667","-9,325,200","7,142,287.668","13,282,800","1,874,400","681,800","10,150,526.889","8,541,400","6,804,168.623","4,276,237.278","10,314,254.396","7,676,681.304","8,075,662.188","4,758,600","8,124,000","11,495,883.517","11,478,763.218","12,724,510.322","16,833,774.962","10,633,800","9,223,000","5,624,000","6,125,000","5,530,600","-33,256,000","10,094,400","12,200,000","11,520,000","9,400,000","10,000,000","11,640,000","11,380,000","9,740,000","8,640,000","400,000","7,760,000","420,000","7,094,214.876","13,190,366.972","13,252,293.578","12,175,757.576","11,675,789.474","9,739,130.435","10,900,000","10,800,000","9,938,271.605","9,138,666.667","10,438,235.294","9,838,509.317","7,618,604.651","6,300,000","6,400,000","6,400,000","6,300,000","8,300,000","8,300,000","8,300,000","8,300,000"
InterestIncome,"46,500,000","11,600,000","12,000,000","11,500,000","11,400,000","11,700,000",,,,,,,,,,,,,"25,400,000","15,000,000","14,200,000","12,100,000","15,400,000","20,900,000","6,600,000","14,500,000","12,000,000","-700,000","-500,000","200,000","3,300,000","100,000","-200,000","-800,000","1,000,000","-1,800,000","-100,000","0",,"200,000","500,000","400,000",,"4,100,000","0","0","-300,000","100,000","100,000","200,000",,"0","500,000",,,,,,,,,,,,,,,,,,,,,,,,,,,,,,,,,,,,,,,,,,,,,,,,,,,,,,,,,,,,,,,,,,,,,
InterestExpense,"411,700,000","98,300,000","104,500,000","114,000,000","94,900,000","105,500,000","110,300,000","92,400,000","97,300,000","93,500,000","114,000,000","111,100,000","111,800,000","94,400,000","74,000,000","76,700,000","78,300,000","64,800,000","59,400,000","70,400,000","65,800,000","65,100,000","63,500,000","64,000,000","62,900,000","65,200,000","63,800,000","22,600,000","23,000,000","23,300,000","24,200,000","23,900,000","23,200,000","24,000,000","25,000,000","25,600,000","27,200,000","29,100,000","28,000,000","26,800,000","32,200,000","32,700,000","33,200,000","22,800,000","16,200,000","16,700,000","17,000,000","17,800,000","19,200,000","21,500,000","22,500,000","23,200,000","24,600,000",,,,,,,,,,,,,,,,,,,,,,,,,,,,,,,,,,,,,,,,,,,,,,,,,,,,,,,,,,,,,,,,,,,,,
NetInterestIncome,"-365,200,000","-86,700,000","-92,500,000","-102,500,000","-83,500,000","-93,800,000","-110,300,000","-92,400,000","-97,300,000","-93,500,000","-114,000,000","-111,100,000","-111,800,000","-94,400,000","-74,000,000","-76,700,000","-78,300,000","-64,800,000","-59,400,000","-55,400,000","-51,600,000","-53,000,000","-48,100,000","-43,100,000","-56,300,000","-50,700,000","-52,800,000","-22,600,000","-23,000,000","-23,100,000","-21,800,000","-23,800,000","-23,200,000","-24,000,000","-25,000,000","-25,600,000","-27,200,000","-29,100,000","-29,100,000","-26,600,000","-32,200,000","-32,300,000","-37,300,000","-18,700,000","-16,200,000","-16,700,000","-17,300,000","-17,700,000","-19,200,000","-21,300,000","-22,500,000","-23,200,000","-24,100,000",,,,,,,,,,,,,,,,,,,,,,,,,,,,,,,,,,,,,,,,,,,,,,,,,,,,,,,,,,,,,,,,,,,,,
EBIT,"1,537,200,000","340,700,000","514,300,000","442,400,000","239,800,000","308,300,000","-1,004,200,000","291,600,000","304,000,000","279,500,000","515,700,000","442,500,000","320,900,000","296,900,000","449,400,000","432,500,000","321,600,000","125,100,000","305,800,000","457,700,000","207,600,000","147,200,000","-92,200,000","316,100,000","163,100,000","-360,300,000","226,100,000","268,800,000","189,200,000","210,900,000","265,300,000","235,200,000","168,800,000","196,300,000","281,800,000","228,700,000","136,300,000","170,800,000","148,800,000","117,400,000","85,500,000","157,100,000","160,300,000","-23,200,000","72,000,000","95,300,000","113,400,000","91,800,000","69,300,000","96,400,000","115,400,000","137,600,000","83,900,000","83,300,000","79,900,000","59,300,000","50,600,000","41,800,000","47,800,000","53,500,000","48,900,000","36,300,000","45,200,000","30,000,000","27,200,000","2,430,000","27,163,000","22,147,000","10,670,000","9,366,000","23,024,000","17,295,000","17,312,000","13,777,000","23,924,000","20,883,000","20,496,000","15,112,000","12,898,000","16,174,000","25,615,000","28,363,000","-34,416,000","44,687,000","42,316,000","21,105,000","-37,447,000","20,635,000","-27,093,000","26,971,000","24,300,000","29,400,000","26,100,000","27,400,000","30,400,000","30,100,000","28,000,000","25,700,000","11,000,000","22,300,000","16,800,000","14,100,000","23,900,000","24,200,000","22,300,000","21,700,000","19,000,000","20,100,000","19,900,000","17,000,000","15,600,000","17,600,000","16,700,000","13,300,000","-431,900,000","162,700,000","162,700,000","162,600,000","-432,500,000","163,900,000","163,900,000","163,800,000"
EBITDA,"2,999,200,000"
ReconciledCostOfRevenue,"14,714,000,000","3,877,100,000","3,815,300,000","3,606,200,000","3,415,400,000","3,376,000,000","3,391,500,000","3,200,200,000","3,368,100,000","3,335,300,000","3,292,300,000","3,418,200,000","3,439,100,000","3,279,400,000","3,053,900,000","3,022,800,000","2,977,900,000","2,876,400,000","3,054,300,000","2,779,500,000","2,766,600,000","2,633,300,000","2,666,000,000","2,640,300,000","2,749,400,000","2,749,400,000","3,114,700,000","2,012,600,000","1,998,500,000","2,044,700,000","2,039,000,000","2,041,300,000","1,966,400,000","1,914,800,000","1,930,000,000","1,951,600,000","1,939,700,000","1,877,600,000","1,933,900,000","1,943,400,000","1,922,100,000","1,875,500,000","2,029,100,000","1,169,700,000","626,600,000","582,300,000","602,600,000","595,800,000","570,600,000","512,300,000","525,700,000","480,800,000","504,800,000","538,300,000","621,200,000","626,300,000","560,000,000","489,300,000","488,400,000","472,200,000","473,300,000","436,300,000","461,400,000","456,300,000","440,500,000","430,840,000","442,138,000","351,927,000","335,159,000","329,993,000","343,043,000","331,517,000","331,594,000","304,344,000","266,020,000","316,965,000","301,861,000","283,443,000","316,049,000","280,433,000","275,585,000","273,457,000","272,745,000","264,197,000","276,755,000","262,080,000","286,075,000","283,583,000","258,897,000","257,905,000","257,200,000","221,300,000","209,600,000","206,600,000","223,000,000","213,500,000","225,500,000","217,800,000","241,200,000","208,200,000","194,300,000","142,600,000","148,200,000","141,400,000","144,700,000","149,300,000","175,200,000","175,300,000","159,300,000","134,400,000","137,600,000","127,000,000","119,500,000","110,700,000",,,,,,,,
ReconciledDepreciation,"1,462,000,000","366,500,000","365,100,000","369,000,000","361,400,000","364,500,000","365,600,000","365,700,000","374,500,000","381,200,000","383,100,000","385,300,000","383,700,000","359,100,000","314,300,000","317,100,000","317,700,000","307,700,000","301,100,000","275,200,000","263,900,000","275,200,000","278,800,000","282,200,000","291,200,000","294,300,000","281,300,000","155,000,000","152,700,000","151,800,000","151,200,000","146,700,000","143,400,000","143,200,000","142,500,000","132,400,000","139,200,000","138,100,000","137,600,000","131,400,000","132,600,000","132,700,000","130,900,000","73,500,000","37,200,000","36,700,000","36,700,000","36,400,000","36,800,000","37,500,000","37,300,000","37,500,000","37,300,000","37,900,000","38,700,000","39,200,000","31,600,000","25,800,000","26,200,000","26,000,000","25,500,000","26,000,000","26,500,000","26,100,000","25,914,000","25,786,000","25,270,000","21,740,000","18,579,000","18,451,000","18,643,000","18,387,000","18,557,000","18,602,000","15,374,000","19,102,000","18,788,000","19,419,000","18,287,000","18,092,000","18,383,000","17,759,000","19,667,000","19,662,000","19,002,000","19,262,000","19,097,000","19,511,000","19,378,000","19,075,000","18,300,000","18,000,000","18,200,000","18,000,000","18,000,000","17,800,000","17,700,000","17,300,000","17,800,000","16,800,000","15,400,000","12,100,000","12,900,000","12,200,000","11,600,000","11,900,000","12,100,000","11,600,000","10,300,000","9,200,000","9,200,000","8,500,000","8,700,000","7,900,000",,,,,,,,
NetIncomeFromContinuingOperationNetMinorityInterest,"868,600,000","182,300,000","323,700,000","250,100,000","112,500,000","152,000,000","-1,156,000,000","178,500,000","148,100,000","138,500,000","310,800,000","252,600,000","160,400,000","139,100,000","279,600,000","268,200,000","223,200,000","1,135,100,000","196,100,000","328,100,000","103,100,000","80,900,000","-86,700,000","151,000,000","56,900,000","-453,500,000","115,800,000","156,400,000","109,800,000","125,100,000","153,900,000","133,300,000","82,800,000","109,700,000","176,500,000","140,100,000","324,700,000","86,000,000","82,300,000","58,200,000","31,900,000","76,700,000","83,900,000","-30,100,000","37,000,000","50,300,000","91,400,000","45,100,000","32,800,000","56,300,000","67,300,000","87,000,000","37,400,000","30,600,000","28,400,000","18,800,000","17,100,000","17,500,000","19,700,000","25,200,000","21,700,000","15,100,000","21,500,000","11,000,000","5,200,000","-8,976,000","4,910,000","11,982,000","240,000","482,000","6,552,000","-4,076,000","3,009,000","4,166,000","9,929,000","7,212,000","7,330,000","5,070,000","3,216,000","5,471,000","11,584,000","12,199,000","9,294,000","9,120,000","7,318,000","4,505,000","6,125,000","2,605,000","-33,256,000","8,610,000","12,200,000","9,900,000","8,800,000","8,800,000","11,700,000","11,800,000","9,800,000","8,700,000","9,700,000","6,200,000","-7,200,000","7,400,000","13,500,000","13,500,000","12,300,000","11,800,000","9,800,000","10,900,000","10,800,000","10,000,000","9,200,000","10,500,000","9,900,000","7,800,000","6,300,000","6,400,000","6,400,000","6,300,000","8,300,000","8,300,000","8,300,000","8,300,000"
TotalUnusualItemsExcludingGoodwill,"-16,200,000","14,900,000","-17,700,000","-7,900,000","-5,500,000","-11,300,000","-1,380,800,000","-9,300,000","-11,300,000","-28,800,000","-63,100,000","-27,600,000","-47,400,000","-12,500,000","-43,000,000","-17,900,000","-31,600,000","-44,900,000","-39,900,000","133,200,000","-61,100,000","-81,000,000","-46,700,000","-43,100,000","-131,200,000","-649,400,000","-114,300,000","-13,100,000","-17,200,000","-5,400,000","-10,500,000","-13,300,000","-14,200,000","-17,600,000","-26,000,000","-23,500,000","-12,500,000","-16,300,000","-28,100,000","-13,800,000","-47,100,000","-10,300,000","-45,900,000","-95,000,000","-6,300,000","-600,000","-3,300,000","200,000","-4,500,000","-2,500,000","-2,600,000","-3,000,000","-3,200,000","-8,900,000","-8,100,000","-3,700,000","-800,000","-3,000,000","-1,300,000","-1,900,000","-1,200,000","-500,000","-600,000","-2,700,000","-3,500,000","582,000","-3,458,000","-2,168,000","-2,724,000","-333,000","-5,852,000","-21,029,000","-6,126,000","-182,000","-620,000","-763,000","-1,219,000","519,000","-8,180,000","-9,681,000","172,000","-866,000","-11,334,000","-2,523,000","-3,175,000","-1,865,000",,"-4,876,000",,"-2,474,000",,"-2,700,000","-1,000,000","-2,000,000","100,000","700,000","100,000","100,000","15,500,000","-2,600,000","-12,700,000","500,000","500,000","400,000","200,000","200,000","100,000",,,"100,000","100,000","100,000","100,000","300,000",,,,,,,,
TotalUnusualItems,"-16,200,000","14,900,000","-17,700,000","-7,900,000","-5,500,000","-11,300,000","-1,380,800,000","-9,300,000","-11,300,000","-28,800,000","-63,100,000","-27,600,000","-47,400,000","-12,500,000","-43,000,000","-17,900,000","-31,600,000","-44,900,000","-39,900,000","133,200,000","-61,100,000","-81,000,000","-46,700,000","-43,100,000","-131,200,000","-649,400,000","-114,300,000","-13,100,000","-17,200,000","-5,400,000","-10,500,000","-13,300,000","-14,200,000","-17,600,000","-26,000,000","-23,500,000","-12,500,000","-16,300,000","-28,100,000","-13,800,000","-47,100,000","-10,300,000","-45,900,000","-95,000,000","-6,300,000","-600,000","-3,300,000","200,000","-4,500,000","-2,500,000","-2,600,000","-3,000,000","-3,200,000","-8,900,000","-8,100,000","-3,700,000","-800,000","-3,000,000","-1,300,000","-1,900,000","-1,200,000","-500,000","-600,000","-2,700,000","-3,500,000","582,000","-3,458,000","-2,168,000","-2,724,000","-333,000","-5,852,000","-21,029,000","-6,126,000","-182,000","-620,000","-763,000","-1,219,000","519,000","-8,180,000","-9,681,000","172,000","-866,000","-11,334,000","-2,523,000","-3,175,000","-1,865,000",,"-4,876,000",,"-2,474,000",,"-2,700,000","-1,000,000","-2,000,000","100,000","700,000","100,000","100,000","15,500,000","-2,600,000","-12,700,000","500,000","500,000","400,000","200,000","200,000","100,000",,,"100,000","100,000","100,000","100,000","300,000",,,,,,,,
NormalizedEBITDA,"3,015,400,000","692,300,000","897,100,000","819,300,000","606,700,000","684,100,000","742,200,000","666,600,000","689,800,000","689,500,000","961,900,000","855,400,000","752,000,000","668,500,000","806,700,000","767,500,000","670,900,000","477,700,000","646,800,000","599,700,000","532,600,000","503,400,000","233,300,000","641,400,000","585,500,000","583,400,000","621,700,000","436,900,000","359,100,000","368,100,000","427,000,000","395,200,000","326,400,000","357,100,000","450,300,000","384,600,000","288,000,000","325,200,000","314,500,000","262,600,000","265,200,000","300,100,000","337,100,000","145,300,000","115,500,000","132,600,000","153,400,000","128,000,000","110,600,000","136,400,000","155,300,000","178,100,000","124,400,000","130,100,000","126,700,000","102,200,000","83,000,000","70,600,000","75,300,000","81,400,000","75,600,000","62,800,000","72,300,000","58,800,000","56,614,000","27,634,000","55,891,000","46,055,000","31,973,000","28,150,000","47,519,000","56,711,000","41,995,000","32,561,000","39,918,000","40,748,000","40,503,000","34,012,000","39,365,000","43,947,000","43,826,000","46,988,000","-3,415,000","69,015,000","66,635,000","42,232,000","-18,350,000","45,022,000","-7,715,000","48,520,000","42,600,000","50,100,000","45,300,000","47,400,000","48,300,000","47,200,000","45,600,000","42,900,000","13,300,000","41,700,000","44,900,000","25,700,000","36,300,000","47,700,000","33,900,000","33,400,000","31,000,000","31,700,000","30,200,000","26,100,000","24,700,000","26,000,000","25,300,000","20,900,000","-431,900,000","162,700,000","162,700,000","162,600,000","-432,500,000","163,900,000","163,900,000","163,800,000"
TaxRateForCalcs,"0.224","0.242","0.208","0.236","0.21","0.248","0.27","0.096","0.28","0.25","0.222","0.234","0.226","0.31","0.254","0.237","0.077","0.4","0.207","0.157","0.307","0.044","0.4","0.395","0.4","0.062","0.274","0.359","0.336","0.33","0.356","0.364","0.35","0.358","0.306","0.302","0.35","0.387","0.31","0.345","0.386","0.383","0.333","0.383","0.314","0.347","0.041","0.365","0.327","0.231","0.276","0.24","0.369","0.353","0.369","0.331","0.374","0.319","0.371","0.364","0.375","0.294","0.29","0.083","0.381","0.4","0.354","0.4","0.4","0.4","0.385","0.4","0.38","0.394","0.379","0.391","0.388","0.4","0.4","0.378","0.388","0.393","0.335","0.4","0.4","0.4","0.4","0.4","0.095","0.4","0.4","0.4","0.4","0.4","0.4","0.4","0.4","0.4","0.4","0.4","0.4","0.388","0.381","0.381","0.379","0.379","0.391","0.388","0.393","0.383","0.387","0.382","0.385","0.395","0.4","0.4","0.4","0.4","0.4","0.4","0.4","0.4"
TaxEffectOfUnusualItems,"-3,622,869.836","3,605,800","-3,679,941.435","-1,864,400","-1,155,000","-2,802,400","-372,816,000","-892,800","-3,164,000","-7,200,000","-14,027,458.302","-6,458,400","-10,712,400","-3,875,000","-10,922,000","-4,242,300","-2,433,200","-17,960,000","-8,274,715.909","20,912,400","-18,757,700","-3,564,000","-18,680,000","-17,024,500","-52,480,000","-40,262,800","-31,268,761.553","-4,702,900","-5,779,200","-1,782,000","-3,736,623.808","-4,841,200","-4,970,000","-6,300,800","-7,947,819.315","-7,097,000","-4,375,000","-6,308,100","-8,699,834.437","-4,767,549.669","-18,203,752.345","-3,941,157.556","-15,275,924.469","-36,347,826.087","-1,975,806.452","-208,396.947","-136,929.461","72,972.973","-1,473,053.892","-577,436.582","-716,469.322","-718,531.469","-1,181,787.521","-3,142,283.298","-2,988,000","-1,224,555.16","-298,901.099","-957,198.444","-481,789.137","-690,909.091","-449,567.723","-147,196.262","-174,257.426","-225,000","-1,333,333.333","232,800","-1,225,712.332","-867,200","-1,089,600","-133,200","-2,253,473.111","-8,411,600","-2,330,831.377","-71,762.722","-234,745.604","-298,318.696","-473,337.812","207,600","-3,272,000","-3,656,116.483","66,763.218","-340,489.678","-3,794,225.038","-1,009,200","-1,270,000","-746,000","0","-1,950,400","0","-989,600","0","-1,080,000","-400,000","-800,000","40,000","280,000","40,000","40,000","6,200,000","-1,040,000","-5,080,000","194,214.876","190,366.972","152,293.578","75,757.576","75,789.474","39,130.435","0","0","38,271.605","38,666.667","38,235.294","38,509.317","118,604.651","0","0","0","0","0","0","0","0"