name,ttm,12/31/2021,09/30/2021,06/30/2021,03/31/2021,12/31/2020,09/30/2020,06/30/2020,03/31/2020,12/31/2019,09/30/2019,06/30/2019,03/31/2019,12/31/2018,09/30/2018,06/30/2018,03/31/2018,12/31/2017,09/30/2017,06/30/2017,03/31/2017,12/31/2016,09/30/2016,06/30/2016,03/31/2016,12/31/2015,09/30/2015,06/30/2015,03/31/2015,12/31/2014,09/30/2014,06/30/2014,03/31/2014,12/31/2013,09/30/2013,06/30/2013,03/31/2013,12/31/2012,09/30/2012,06/30/2012,03/31/2012,12/31/2011,09/30/2011,06/30/2011,03/31/2011,12/31/2010,09/30/2010,06/30/2010,03/31/2010,12/31/2009,09/30/2009,06/30/2009,03/31/2009,12/31/2008,09/30/2008,06/30/2008,03/31/2008,12/31/2007,09/30/2007,06/30/2007,03/31/2007,12/31/2006,09/30/2006,06/30/2006,03/31/2006,12/31/2005,09/30/2005,06/30/2005,03/31/2005,12/31/2004,09/30/2004,06/30/2004,03/31/2004,12/31/2003,09/30/2003,06/30/2003,03/31/2003,12/31/2002,09/30/2002,06/30/2002,03/31/2002,12/31/2001,09/30/2001,06/30/2001,03/31/2001,12/31/2000,09/30/2000,06/30/2000,03/31/2000,12/31/1999,09/30/1999,06/30/1999,03/31/1999,12/31/1998,09/30/1998,06/30/1998,03/31/1998,12/31/1997,09/30/1997,06/30/1997,03/31/1997,12/31/1996,09/30/1996,06/30/1996,03/31/1996,12/31/1995,09/30/1995,06/30/1995,03/31/1995,12/31/1994,09/30/1994,06/30/1994,03/31/1994,12/31/1993,09/30/1993,06/30/1993,03/31/1993,12/31/1992,09/30/1992,06/30/1992,03/31/1992,12/31/1991,09/30/1991,06/30/1991,03/31/1991,12/31/1990,09/30/1990,06/30/1990,03/31/1990,12/31/1989,09/30/1989,06/30/1989,03/31/1989,12/31/1988,09/30/1988,06/30/1988,03/31/1988,12/31/1987,09/30/1987,06/30/1987,03/31/1987,12/31/1986,09/30/1986,06/30/1986,03/31/1986,12/31/1985,09/30/1985
TotalRevenue,"2,831,600,000","730,800,000","706,500,000","723,600,000","670,700,000","580,200,000","548,000,000","527,200,000","491,500,000","470,600,000","456,100,000","469,700,000","443,500,000","422,500,000","431,700,000","447,500,000","415,700,000","415,600,000","398,200,000","397,600,000","387,700,000","382,300,000","376,700,000","388,000,000","362,100,000","359,700,000","344,500,000","359,700,000","335,900,000","349,800,000","355,900,000","368,900,000","346,800,000","342,700,000","341,800,000","344,500,000","339,400,000","321,500,000","303,800,000","324,800,000","316,300,000","295,400,000","293,600,000","307,900,000","295,400,000","276,800,000","271,400,000","281,800,000","274,700,000","293,400,000","258,900,000","261,000,000","242,400,000","244,800,000","256,200,000","279,300,000","270,700,000","256,100,000","242,700,000","263,700,000","257,600,000","231,900,000","218,400,000","240,200,000","222,800,000","195,700,000","181,600,000","173,000,000","149,500,000","134,600,000","135,300,000","138,100,000","133,600,000","126,400,000","120,100,000","126,400,000","117,800,000","103,400,000","104,900,000","107,700,000","103,700,000","50,600,000","112,900,000","117,200,000","116,200,000","105,200,000","104,500,000","112,700,000","107,700,000","115,400,000","115,100,000","124,400,000","114,200,000","114,800,000","113,900,000","115,800,000","105,200,000","109,500,000","105,200,000","123,100,000","114,700,000","114,600,000","111,300,000","119,000,000","113,900,000","107,600,000","101,100,000","109,000,000","95,200,000","99,100,000","87,400,000","91,500,000","87,100,000","92,800,000","81,900,000","87,100,000","86,900,000","88,400,000","81,300,000","86,700,000","81,800,000","82,200,000","79,600,000","81,800,000","86,100,000","80,400,000","76,900,000","82,100,000","83,800,000","79,700,000","69,400,000","79,500,000","80,100,000","75,400,000","69,000,000","74,500,000","69,300,000","66,500,000","57,000,000","67,900,000","61,900,000","61,100,000","57,000,000","64,300,000","53,200,000","47,700,000","42,700,000"
	OperatingRevenue,"2,831,600,000","730,800,000","706,500,000","723,600,000","670,700,000","580,200,000","548,000,000","527,200,000","491,500,000","470,600,000","456,100,000","469,700,000","443,500,000","422,500,000","431,700,000","447,500,000","415,700,000","415,600,000","398,200,000","397,600,000","387,700,000","382,300,000","376,700,000","388,000,000","362,100,000","359,700,000","344,500,000","359,700,000","335,900,000","349,800,000","355,900,000","368,900,000","346,800,000","342,700,000","341,800,000","344,500,000","339,400,000","321,500,000","303,800,000","324,800,000","316,300,000","295,400,000","293,600,000","307,900,000","295,400,000","276,800,000","271,400,000","281,800,000","274,700,000","293,400,000","258,900,000","261,000,000","242,400,000","244,800,000","256,200,000","279,300,000","270,700,000","256,100,000","242,700,000","263,700,000","257,600,000","231,900,000","218,400,000","240,200,000","222,800,000","195,700,000","181,600,000","173,000,000","149,500,000","134,600,000","135,300,000","138,100,000","133,600,000","126,400,000","120,100,000","126,400,000","117,800,000","103,400,000","104,900,000","107,700,000","103,700,000","50,600,000","112,900,000","117,200,000","116,200,000","105,200,000","104,500,000","112,700,000","107,700,000","115,400,000","115,100,000","124,400,000","114,200,000","114,800,000","113,900,000","115,800,000","105,200,000","109,500,000","105,200,000","123,100,000","114,700,000","114,600,000","111,300,000","119,000,000","113,900,000","107,600,000","101,100,000","109,000,000","95,200,000","99,100,000","87,400,000","91,500,000","87,100,000","92,800,000","81,900,000","87,100,000","86,900,000","88,400,000","81,300,000","86,700,000","81,800,000","82,200,000","79,600,000","81,800,000","86,100,000","80,400,000","76,900,000","82,100,000","83,800,000","79,700,000","69,400,000","79,500,000","80,100,000","75,400,000","69,000,000","74,500,000","69,300,000","66,500,000","57,000,000","67,900,000","61,900,000","61,100,000","57,000,000","64,300,000","53,200,000","47,700,000","42,700,000"
CostOfRevenue,"1,655,800,000","430,200,000","418,300,000","408,500,000","398,800,000","369,100,000","353,400,000","332,100,000","324,500,000","317,400,000","308,300,000","311,800,000","296,700,000","289,300,000","296,100,000","305,300,000","281,300,000","287,100,000","273,200,000","272,600,000","253,600,000","258,900,000","255,600,000","254,700,000","238,800,000","240,100,000","236,200,000","241,500,000","226,200,000","240,100,000","246,000,000","247,100,000","240,400,000","236,100,000","236,300,000","233,600,000","227,700,000","224,000,000","213,400,000","226,100,000","215,200,000","210,100,000","212,200,000","223,300,000","207,400,000","198,800,000","196,700,000","198,600,000","192,500,000","209,500,000","187,200,000","182,300,000","173,100,000","175,200,000","190,200,000","195,700,000","187,200,000","185,600,000","178,400,000","187,000,000","177,200,000","166,300,000","159,600,000","169,700,000","155,900,000","143,900,000","137,800,000","122,400,000","103,100,000","98,800,000","98,600,000","95,300,000","93,000,000","84,200,000","84,300,000","85,000,000","81,400,000","74,900,000","78,200,000","76,700,000","72,300,000","24,800,000","84,900,000","85,600,000","85,500,000","45,800,000","79,900,000","84,500,000","79,500,000","43,900,000","80,800,000","84,600,000","79,800,000","46,800,000","80,500,000","81,000,000","73,900,000","43,700,000","76,000,000","86,800,000","82,000,000","50,600,000","81,700,000","87,100,000","82,600,000","48,900,000","76,400,000","77,100,000","63,100,000","44,000,000","62,000,000","61,700,000","58,200,000","41,300,000","57,800,000","60,200,000","62,800,000","40,600,000","59,100,000","61,000,000","57,400,000","37,900,000","59,800,000","60,400,000","63,300,000","37,600,000","59,400,000","62,900,000","61,300,000",,,,,,,,,,,,,,,,,,
GrossProfit,"1,175,800,000","300,600,000","288,200,000","315,100,000","271,900,000","211,100,000","194,600,000","195,100,000","167,000,000","153,200,000","147,800,000","157,900,000","146,800,000","133,200,000","135,600,000","142,200,000","134,400,000","128,500,000","125,000,000","125,000,000","134,100,000","123,400,000","121,100,000","133,300,000","123,300,000","119,600,000","108,300,000","118,200,000","109,700,000","109,700,000","109,900,000","121,800,000","106,400,000","106,600,000","105,500,000","110,900,000","111,700,000","97,500,000","90,400,000","98,700,000","101,100,000","85,300,000","81,400,000","84,600,000","88,000,000","78,000,000","74,700,000","83,200,000","82,200,000","83,900,000","71,700,000","78,700,000","69,300,000","69,600,000","66,000,000","83,600,000","83,500,000","70,500,000","64,300,000","76,700,000","80,400,000","65,600,000","58,800,000","70,500,000","66,900,000","51,800,000","43,800,000","50,600,000","46,400,000","35,800,000","36,700,000","42,800,000","40,600,000","42,200,000","35,800,000","41,400,000","36,400,000","28,500,000","26,700,000","31,000,000","31,400,000","25,800,000","28,000,000","31,600,000","30,700,000","59,400,000","24,600,000","28,200,000","28,200,000","71,500,000","34,300,000","39,800,000","34,400,000","68,000,000","33,400,000","34,800,000","31,300,000","65,800,000","29,200,000","36,300,000","32,700,000","64,000,000","29,600,000","31,900,000","31,300,000","58,700,000","24,700,000","31,900,000","32,100,000","55,100,000","25,400,000","29,800,000","28,900,000","51,500,000","24,100,000","26,900,000","24,100,000","47,800,000","22,200,000","25,700,000","24,400,000","44,300,000","19,800,000","21,400,000","22,800,000","42,800,000","17,500,000","19,200,000","22,500,000",,,,,,,,,,,,,,,,,,
OperatingExpense,"415,600,000","111,700,000","105,000,000","106,500,000","92,400,000","89,200,000","88,700,000","88,500,000","82,500,000","74,500,000","74,100,000","79,900,000","78,400,000","69,500,000","75,000,000","80,800,000","77,900,000","68,600,000","70,600,000","70,600,000","71,900,000","68,400,000","67,300,000","71,300,000","67,500,000","72,400,000","63,100,000","79,800,000","62,700,000","66,600,000","66,800,000","67,400,000","66,400,000","69,700,000","65,700,000","69,200,000","68,200,000","67,200,000","61,900,000","62,600,000","59,600,000","53,500,000","53,400,000","55,800,000","57,500,000","57,400,000","50,800,000","51,500,000","52,000,000","51,200,000","49,400,000","49,800,000","47,200,000","40,700,000","46,100,000","45,800,000","44,400,000","34,600,000","51,400,000","41,800,000","40,800,000","44,600,000","39,100,000","38,400,000","38,700,000","32,600,000","30,700,000","32,100,000","26,300,000","15,400,000","30,300,000","31,200,000","29,800,000","4,900,000","28,900,000","30,600,000","29,900,000","21,400,000","19,700,000","21,200,000","18,700,000","15,100,000","18,800,000","19,000,000","19,300,000","53,800,000","16,500,000","17,000,000","17,400,000","57,700,000","19,200,000","19,700,000","17,000,000","22,100,000","17,300,000","18,400,000","45,000,000","48,700,000","16,300,000","19,100,000","18,000,000","48,200,000","18,100,000","18,100,000","19,100,000","47,600,000","16,600,000","18,100,000","16,800,000","44,100,000","15,600,000","16,900,000","15,500,000","39,700,000","15,100,000","15,800,000","14,900,000","39,600,000","14,300,000","13,800,000","13,000,000","69,600,000","12,300,000","13,700,000","13,900,000","42,300,000","11,800,000","13,400,000","13,000,000",,,,,,,,,,,,,,,,,,
	SellingGeneralAndAdministration,"362,800,000","98,000,000","91,900,000","92,700,000","80,200,000","76,300,000","76,200,000","77,700,000","71,800,000","69,000,000","64,800,000","70,300,000","68,600,000","59,700,000","64,900,000","70,000,000","68,300,000","58,900,000","61,500,000","60,600,000","61,600,000","58,800,000","58,300,000","62,500,000","58,100,000","62,400,000","54,600,000","71,700,000","55,200,000","58,800,000","56,000,000","57,500,000","56,400,000","60,000,000","56,100,000","59,700,000","59,100,000","58,600,000","53,700,000","54,400,000","51,300,000","46,300,000","45,700,000","48,500,000","50,600,000","50,500,000","44,900,000","45,800,000","46,600,000","45,400,000","44,300,000","45,100,000","42,900,000","36,800,000","41,500,000","40,900,000","40,100,000","39,700,000","37,700,000","38,200,000","37,000,000","43,900,000","37,100,000","36,900,000","38,000,000","32,400,000","30,700,000","31,900,000","25,200,000","15,100,000","30,300,000","30,800,000","29,000,000","32,000,000","27,800,000","26,800,000","24,400,000","21,000,000","19,300,000","21,800,000","20,500,000","15,700,000","19,400,000","19,000,000","19,300,000","16,800,000","16,500,000","17,000,000","17,400,000","22,000,000","19,200,000","19,700,000","17,000,000","18,000,000","17,300,000","18,400,000","16,800,000","16,800,000","16,300,000","19,100,000","18,000,000","17,500,000","18,100,000","18,100,000","19,100,000","18,000,000","16,600,000","18,100,000","16,800,000","21,000,000","15,600,000","16,900,000","15,500,000","17,700,000","15,100,000","15,800,000","14,900,000","16,000,000","14,300,000","13,800,000","13,000,000","45,100,000","12,300,000","13,700,000","13,900,000","19,600,000","11,800,000","13,400,000","13,000,000",,,,,,,,,,,,,,,,,,
		GeneralAndAdministrativeExpense,,,,,,,,,,,,"70,300,000","68,600,000","59,700,000","64,900,000","70,000,000","68,300,000","58,900,000","61,500,000","60,600,000","61,600,000","58,800,000","58,300,000","62,500,000","58,100,000","62,400,000","54,600,000","71,700,000","55,200,000","58,800,000","56,000,000","57,500,000","56,400,000","60,000,000","56,100,000","59,700,000","59,100,000","58,600,000",,,,,,,,,,,,,,,,,,,,,,,,,,,,,,,,,,,,,,,,,,,,,,,,,,,,,,,,,,,,,,,,,,,,,,,,,,,,,,,,,,,,,,,,,,,,,,,,,,,,,,,,,,,,,
			SalariesAndWages,,,,,,,,,,,,,,,,,,,,,,,,"0",,"0","0","10,900,000",,,,,,,,,,,,,,,,,,,,,,,,,,,,,,,,,,,,,,,,,,,,,,,,,,,,,,,,,,,,,,,,,,,,,,,,,,,,,,,,,,,,,,,,,,,,,,,,,,,,,,,,,,,,,,,,,,,,,,,
			OtherGandA,,,,,,,,,,,,"70,300,000","68,600,000","59,700,000","64,900,000","70,000,000","68,300,000","58,900,000","61,500,000","60,600,000","61,600,000","60,900,000","58,300,000","62,500,000","58,100,000","62,400,000","54,600,000","60,800,000","55,200,000","58,800,000","56,000,000","57,500,000","56,400,000","60,000,000","56,100,000","59,700,000","59,100,000","58,600,000",,,,,,,,,,,,,,,,,,,,,,,,,,,,,,,,,,,,,,,,,,,,,,,,,,,,,,,,,,,,,,,,,,,,,,,,,,,,,,,,,,,,,,,,,,,,,,,,,,,,,,,,,,,,,
	ResearchAndDevelopment,"52,800,000","13,700,000","13,100,000","13,800,000","12,200,000","12,900,000","12,500,000","10,800,000","10,700,000","10,200,000","9,300,000","9,600,000","9,800,000","9,800,000","10,100,000","10,800,000","9,600,000","9,700,000","9,100,000","10,000,000","10,300,000","9,600,000","9,000,000","8,800,000","9,400,000","10,000,000","8,500,000","8,100,000","7,500,000","7,800,000","10,800,000","9,900,000","10,000,000","9,700,000","9,600,000","9,500,000","9,100,000","8,600,000","8,200,000","8,200,000","8,300,000","7,200,000","7,700,000","7,300,000","6,900,000","6,900,000","5,900,000","5,700,000","5,400,000","5,800,000","5,100,000","4,700,000","4,300,000","3,900,000","4,600,000","4,900,000","5,400,000","4,600,000","4,100,000","3,800,000","3,600,000",,,,,,,,,,,,,,,,,,,,,,,,,,,,,,,,,,,,"28,200,000",,,,,,,,,,,,,,,,,,,,,,,,,,,,,,,,,,,,,,,,,,,,,,,,,,
	OtherTaxes,"0"
	OtherOperatingExpenses,"7,900,000","4,900,000",,"-2,700,000",,"5,800,000","-500,000","-1,400,000","-3,500,000","-2,200,000","3,500,000","-4,000,000","-3,100,000","-1,100,000","-2,700,000","-1,400,000","-500,000","1,800,000","-9,300,000","200,000","600,000","-2,400,000","200,000","600,000","-400,000","1,100,000","-800,000","-800,000","-400,000","-400,000","-300,000","-500,000","-400,000",,"100,000","-800,000","200,000","-1,700,000","600,000","-3,400,000","-800,000",,"600,000","400,000","-200,000",,"200,000","800,000","700,000",,,"-100,000",,,,,"-1,100,000",,"9,600,000","-200,000","200,000","700,000","2,000,000","1,500,000","700,000","200,000",,"200,000","1,100,000","300,000",,"400,000","800,000","-27,100,000","1,100,000","3,800,000","5,500,000","400,000","400,000","-600,000","-1,800,000","-600,000","-600,000",,,,,,,,,,,,,,,,,,,,,,,,,,,,,,,,,,,,,,,,,,,,,,,,,,,,,,,,,,,,,,,,
OperatingIncome,"760,200,000","188,900,000","183,200,000","208,600,000","179,500,000","121,900,000","105,900,000","106,600,000","84,500,000","78,700,000","73,700,000","78,000,000","68,400,000","63,700,000","60,600,000","61,400,000","56,500,000","59,900,000","54,400,000","54,400,000","62,200,000","55,000,000","53,800,000","62,000,000","55,800,000","47,200,000","45,200,000","38,400,000","47,000,000","43,100,000","43,100,000","54,400,000","40,000,000","36,900,000","39,800,000","41,700,000","43,500,000","30,300,000","28,500,000","36,100,000","41,500,000","31,800,000","28,000,000","28,800,000","30,500,000","20,600,000","23,900,000","31,700,000","30,200,000","32,700,000","22,300,000","28,900,000","22,100,000","28,900,000","19,900,000","37,800,000","39,100,000","35,900,000","12,900,000","34,900,000","39,600,000","21,000,000","19,700,000","32,100,000","28,200,000","19,200,000","13,100,000","18,500,000","20,100,000","20,400,000","6,400,000","11,600,000","10,800,000","37,300,000","6,900,000","10,800,000","6,500,000","7,100,000","7,000,000","9,800,000","12,700,000","10,700,000","9,200,000","12,600,000","11,400,000","5,600,000","8,100,000","11,200,000","10,800,000","13,800,000","15,100,000","20,100,000","17,400,000","45,900,000","16,100,000","16,400,000","-13,700,000","17,100,000","12,900,000","17,200,000","14,700,000","15,800,000","11,500,000","13,800,000","12,200,000","11,100,000","8,100,000","13,800,000","15,300,000","11,000,000","9,800,000","12,900,000","13,400,000","11,800,000","9,000,000","11,100,000","9,200,000","8,200,000","7,900,000","11,900,000","11,400,000","-25,300,000","7,500,000","7,700,000","8,900,000","500,000","5,700,000","5,800,000","9,500,000","-192,900,000","69,400,000","79,500,000","80,100,000","-182,400,000","69,000,000","74,500,000","69,300,000","-156,900,000","57,000,000","67,900,000","61,900,000","-143,700,000","57,000,000","64,300,000","53,200,000","-118,900,000","42,700,000"
NetNonOperatingInterestIncomeExpense,"-7,200,000","-2,300,000","-1,400,000","-1,700,000","-1,800,000","-1,900,000","-1,900,000","-1,800,000","-1,200,000","-800,000","-1,100,000","-1,400,000","-1,400,000","-1,600,000","-1,500,000","-1,900,000","-1,300,000","-1,700,000","-1,000,000","-2,000,000","-1,800,000","-1,100,000","-2,000,000","-1,700,000","-2,200,000","-2,600,000","-3,200,000","-3,000,000","-3,700,000","-3,000,000","-2,700,000","-3,700,000","-3,600,000","-3,400,000","-4,000,000","-3,700,000","-4,000,000","-3,200,000","-3,900,000","-4,000,000","-3,900,000","-4,000,000","-4,100,000","-4,300,000","-4,500,000","-4,400,000","-4,100,000","-3,800,000","-3,900,000","-3,900,000","-3,500,000","-3,400,000","-3,600,000",,,,,,,,,,,,,,,,,,,,,,,,,,,,,,,,,,,,,,,,,,,,,,,,,,,,,,,,,,,,,,,,,,,,,,,,,,,,,,,,,,,,,,,,,,,,,,
	InterestIncomeNonOperating,"1,000,000","300,000","400,000","200,000","100,000","200,000","200,000","200,000","800,000","1,300,000","1,000,000","600,000","900,000","700,000","500,000","300,000","600,000","400,000","300,000","300,000","300,000","300,000","200,000","300,000","300,000","300,000","500,000","400,000","400,000","800,000","1,800,000","500,000","400,000","500,000","400,000","400,000","600,000","300,000","500,000","600,000","400,000","400,000","400,000","300,000","200,000","300,000","100,000","100,000","100,000","200,000","300,000","100,000","300,000",,,,,,,,,,,,,,,,,,,,,,,,,,,,,,,,,,,,,,,,,,,,,,,,,,,,,,,,,,,,,,,,,,,,,,,,,,,,,,,,,,,,,,,,,,,,,,
	InterestExpenseNonOperating,"8,200,000","2,600,000","1,800,000","1,900,000","1,900,000","2,100,000","2,100,000","2,000,000","2,000,000","2,100,000","2,100,000","2,000,000","2,300,000","2,300,000","2,000,000","2,200,000","1,900,000","2,100,000","1,300,000","2,300,000","2,100,000","1,400,000","2,200,000","2,000,000","2,500,000","2,900,000","3,700,000","3,400,000","4,100,000","3,800,000","4,500,000","4,200,000","4,000,000","3,900,000","4,400,000","4,100,000","4,600,000","3,500,000","4,400,000","4,600,000","4,300,000","4,400,000","4,500,000","4,600,000","4,700,000","4,700,000","4,200,000","3,900,000","4,000,000","4,100,000","3,800,000","3,500,000","3,900,000",,,,,,,,,,,,,,,,,,,,,,,,,,,,,,,,,,,,,,,,,,,,,,,,,,,,,,,,,,,,,,,,,,,,,,,,,,,,,,,,,,,,,,,,,,,,,,
	TotalOtherFinanceCost,,,,,,,,,,"800,000","1,100,000",,,,,,,,,,,,,,,,,,,,,,,,,,,,,"4,000,000","3,900,000",,,"-4,300,000","4,500,000",,,,,,,,,,,,,,,,,,,,,,,,,,,,,,,,,,,,,,,,,,,,,,,,,,,,,,,,,,,,,,,,,,,,,,,,,,,,,,,,,,,,,,,,,,,,,,,,,,,,,,
OtherIncomeExpense,"-4,100,000","-4,700,000","-700,000","4,100,000","-2,800,000","-4,900,000","-6,300,000","-2,800,000","3,200,000","-500,000","-7,700,000","3,000,000","2,900,000","3,700,000","2,000,000","600,000","-1,500,000","1,100,000","9,500,000","-11,700,000","-900,000","-700,000","-2,500,000","-800,000","-25,400,000","-2,800,000","-48,700,000","700,000","800,000","1,500,000","900,000","-300,000","-700,000","0","-100,000","800,000","-400,000","-22,000,000","-2,200,000","11,100,000","200,000","-4,800,000","-1,900,000","-1,000,000","-1,700,000","-14,700,000","1,400,000","-1,200,000","-1,300,000","-11,000,000","3,600,000","-300,000","-900,000","-4,100,000","-1,700,000","5,400,000",,"-17,600,000","-9,000,000","600,000","300,000","300,000","-2,200,000","-800,000","-6,100,000","-17,200,000","700,000","1,900,000","-500,000","-1,000,000","1,200,000","500,000","200,000","19,800,000","-400,000","-3,100,000","-5,000,000","-800,000","-10,500,000","700,000","2,000,000","500,000","2,300,000","-4,300,000","600,000","-19,900,000","200,000","300,000","100,000",,"300,000","-300,000","100,000","-27,700,000","-3,700,000","1,300,000","600,000","-400,000","1,200,000","500,000","300,000","500,000","800,000","800,000","-21,200,000","300,000","600,000","1,900,000","-400,000","-1,100,000","200,000","100,000","-600,000","-400,000","-400,000","100,000","1,200,000",,"300,000","400,000","-400,000","800,000",,"300,000",,"-6,700,000","-100,000","1,300,000","1,000,000",,,,,,,,,,,,,,,,,,
	GainOnSaleOfSecurity,"1,400,000","-1,100,000","-400,000","2,600,000","300,000","-3,000,000","-1,000,000","2,000,000","3,500,000","0","-1,000,000",,,"0","-1,100,000",,,,,,,"0",,,"-2,700,000",,,,"600,000","1,200,000","900,000","-500,000","-700,000",,,,,,,,,,,,,,,,,,,,,,,,,,,,,,,,,,,,,,,,,,,,,,,,,,,,,,,,,,,,,,,,,,,,,,,,,,,,,,,,,,,,,,,,,,,,,,,,,,,,,,,,,,,,,,,,,,
	EarningsFromEquityInterest,,,,,,,,,,,,,,,,,,,,,,,,,,,,,,,,,,,,,,,,,,,,,,,,,,,"800,000","500,000",,,"300,000","600,000","-100,000","1,000,000","600,000","400,000","500,000","1,000,000","-200,000","700,000","500,000","500,000","600,000","700,000","600,000","300,000","1,200,000","900,000","1,000,000","-300,000","700,000","700,000","500,000","-200,000","-400,000","100,000","200,000",,,,,,,,,,,,,,,,,,,,,,,,,,,,,,,,,,,,,,,,,,,,,,,,,,,,,,,,,,,,,,,,,,
	SpecialIncomeCharges,"-5,000,000","-1,000,000","-700,000","-1,400,000","-2,000,000","-900,000","-6,200,000","-6,400,000","0","-2,800,000","-1,900,000","-1,500,000","-800,000","1,000,000","-1,400,000","-2,500,000","-3,600,000","2,900,000","200,000","-11,500,000","-300,000","-3,100,000","-2,300,000","-200,000","-23,100,000","-1,700,000","-49,500,000","-100,000","-200,000","-100,000","-300,000","-300,000","-400,000","0","-100,000","800,000","-400,000","-22,000,000","-2,200,000","11,100,000","200,000","-4,800,000","-1,900,000","-1,000,000","-1,700,000","-14,700,000","1,400,000","-1,200,000","-1,300,000","-11,000,000","3,600,000","-300,000","-900,000","-3,300,000","-2,000,000","4,800,000","100,000","-18,600,000","-9,600,000","200,000","-200,000","-700,000","-2,000,000","-1,500,000","-6,600,000","-17,700,000","100,000","1,200,000","-1,100,000","-1,300,000",,"-400,000","-800,000","20,100,000","-1,100,000","-3,800,000","-5,500,000","-600,000","-10,100,000","600,000","1,800,000","0","2,300,000","-4,300,000","600,000","-19,900,000","200,000","300,000","100,000",,"300,000","-300,000","100,000","-27,700,000","-3,700,000","1,300,000","600,000","-400,000","1,200,000","500,000","300,000","500,000","800,000","800,000","-21,200,000","300,000","600,000","1,900,000","-400,000","-1,100,000","200,000","100,000","-600,000","-400,000","-400,000","100,000","1,200,000",,"300,000","400,000","-400,000","800,000",,"300,000",,"-6,700,000","-100,000","1,300,000","1,000,000",,,,,,,,,,,,,,,,,,
		RestructuringAndMergernAcquisition,"3,700,000","300,000","500,000","1,200,000","1,900,000","400,000","5,300,000","100,000","0","2,800,000","1,900,000","1,500,000","800,000","-1,000,000","1,400,000","2,500,000","3,600,000","-2,900,000","-200,000","400,000","300,000","3,100,000","2,300,000","200,000","23,100,000","1,700,000","49,500,000","100,000","200,000","100,000","300,000","300,000","400,000","0","100,000","-800,000","200,000","-1,200,000","2,200,000","500,000","-200,000","4,800,000","1,900,000","1,000,000","1,700,000","14,700,000","-1,400,000","1,200,000","1,300,000","11,000,000","-3,600,000","300,000","900,000","3,300,000","2,000,000","-4,800,000","1,000,000",,,,,,,,,"200,000","-100,000","-1,400,000",,,,,,,,,,"200,000","9,700,000",,,"100,000","-1,700,000","4,500,000",,,,,,,,,,,,,,,,,,,,,,,,,,,,,,,,,,,,,,,,,,,,,,,,,,,,,,,,,,,,,,,
		ImpairmentOfCapitalAssets,"1,300,000","700,000","200,000","200,000","100,000","500,000","900,000","6,300,000",,,,,,,,,,,,,,,,,,,,,,,,,,,,,,,,,,,,,,,,,,,,,,,,,,,,,,,,,,,,,,,,,,,,,,,,,,,,,,,,,,,,,,,,,,,,,,,,,,,,,,,,,,,,,,,,,,,,,,,,,,,,,,,,,,,,,,,,,,,
		OtherSpecialCharges,,,,,,,,,,,,,,,,,,,,,,,,,,,,,,,,,,"0",,,"200,000","23,200,000",,"-11,600,000",,,,,,,,,,,,,,,,,"-1,100,000",,,,,,,,,"17,500,000",,"200,000",,,,,,,,,,"400,000","400,000",,,"-100,000","-600,000","-200,000",,,,,,,,,,,,,,,,,,,,,,,,,,,,,,,,,,,,,,,,,,,,,,,,,,,,,,,,,,,,,,,
		GainOnSaleOfBusiness,,,,,,,,,,,,,,"0","0","0",,"0","0","-11,100,000",,,,,,,,,,,,,,,,,,,,,,,,,,,,,,,,,,,,,,,,,,,,,,,,,,,,,,,,,,,,,,,,,,,,,,,,,,,,,,,,,,,,,,,,,,,,,,,,,,,,,,,,,,,,,,,,,,,,,,,,,,,,,,,
	OtherNonOperatingIncomeExpenses,"-500,000","-2,600,000","400,000","2,900,000","-1,100,000","-1,000,000","900,000","1,600,000","-300,000","2,300,000","-4,800,000","4,500,000","3,700,000","2,700,000","4,500,000","3,100,000","2,100,000","-1,800,000","9,300,000","-200,000","-600,000","2,400,000","-200,000","-600,000","400,000","-1,100,000","800,000","800,000","400,000","400,000","300,000","500,000","400,000",,"-100,000","800,000","-200,000","1,700,000",,,,,,,,,,,,,,,,,,,,,,,,,,,,,,,,,,,,,,,,,,,,,,,,,,,,,,,,,,,,,,,,,,,,,,,,,,,,,,,,,,,,,,,,,,,,,,,,,,,,,,,,,,,,,
PretaxIncome,"748,900,000","181,900,000","181,100,000","211,000,000","174,900,000","115,100,000","97,700,000","102,000,000","86,500,000","77,400,000","64,900,000","79,600,000","69,900,000","65,800,000","61,100,000","60,100,000","53,700,000","59,300,000","62,900,000","40,700,000","59,500,000","53,200,000","49,300,000","59,500,000","27,800,000","42,600,000","-6,700,000","36,100,000","44,100,000","41,600,000","41,300,000","50,400,000","35,700,000","33,500,000","35,700,000","38,800,000","39,100,000","28,300,000","22,400,000","20,000,000","37,800,000","23,000,000","22,000,000","-23,500,000","24,300,000","1,500,000","21,200,000","26,700,000","25,000,000","17,800,000","22,400,000","25,200,000","17,600,000","21,500,000","14,000,000","39,100,000","35,000,000","5,000,000","10,900,000","33,200,000","37,300,000","18,900,000","17,000,000","29,300,000","19,300,000","500,000","9,500,000","17,000,000","18,100,000","17,800,000","4,500,000","10,000,000","8,900,000","26,500,000","5,600,000","9,100,000","4,600,000","4,400,000","-4,900,000","7,400,000","10,300,000","7,500,000","7,600,000","4,600,000","8,300,000","-17,800,000","5,100,000","8,000,000","7,800,000","12,100,000","12,600,000","17,000,000","15,400,000","15,900,000","10,600,000","15,700,000","-14,300,000","15,200,000","12,700,000","16,300,000","13,600,000","14,800,000","10,300,000","12,700,000","-10,600,000","9,500,000","6,400,000","13,400,000","13,300,000","8,500,000","8,800,000","11,700,000","11,700,000","9,800,000","7,600,000","10,000,000","9,400,000","6,600,000","7,000,000","10,800,000","9,600,000","-23,300,000","5,900,000","6,400,000","7,100,000","-7,500,000","4,000,000","5,200,000","9,100,000",,,,,,,,,,,,,,,,,,
TaxProvision,"107,200,000","34,200,000","12,000,000","32,300,000","28,700,000","20,400,000","21,100,000","16,000,000","15,000,000","16,500,000","10,900,000","15,500,000","16,100,000","14,900,000","8,000,000","6,000,000","12,500,000","61,800,000","14,000,000","2,900,000","2,200,000","16,100,000","14,400,000","17,000,000","6,900,000","11,200,000","-6,600,000","9,200,000","12,500,000","11,700,000","11,700,000","14,000,000","9,800,000","10,700,000","10,600,000","10,300,000","8,600,000","7,200,000","9,000,000","4,400,000","9,800,000","5,600,000","6,600,000","5,300,000","6,100,000","-3,700,000","4,500,000","6,600,000","6,200,000","-1,100,000","6,000,000","6,000,000","2,500,000","3,700,000","800,000","10,800,000","8,500,000","-200,000","-800,000","7,000,000","11,200,000","5,200,000","4,900,000","9,200,000","5,400,000","-14,600,000","3,000,000","5,500,000","5,700,000","3,600,000","1,400,000","3,200,000","2,900,000","11,000,000","1,500,000","2,900,000","1,300,000","900,000","-3,000,000","2,200,000","4,000,000","2,300,000","1,700,000","1,700,000","2,900,000","-4,700,000","500,000","3,000,000","2,700,000","1,900,000","4,000,000","6,600,000","5,900,000","5,900,000","4,100,000","5,800,000","5,400,000","6,600,000","-4,600,000","6,200,000","5,200,000","4,900,000","3,700,000","4,600,000","-2,400,000","1,600,000","2,500,000","4,700,000","5,100,000","1,300,000","3,200,000","4,200,000","4,700,000","3,900,000","2,800,000","3,800,000","3,800,000","2,200,000","2,900,000","5,200,000","4,000,000","-4,800,000","3,600,000","2,900,000","3,000,000","-1,600,000","2,300,000","2,300,000","3,500,000",,,,,,,,,,,,,,,,,,
EarningsFromEquityInterestNetOfTax,"20,100,000","0","6,500,000","8,600,000","5,000,000","3,700,000","5,700,000","5,200,000","2,800,000","3,000,000","2,300,000","2,000,000","1,600,000","1,100,000","2,100,000","2,000,000","2,400,000","2,500,000","2,100,000","1,000,000","3,600,000","2,000,000","2,700,000","2,200,000","1,200,000","2,000,000","1,600,000","900,000","1,300,000","1,500,000","1,400,000","1,200,000","1,200,000","800,000","1,700,000","1,700,000","1,200,000","0","1,400,000","2,100,000","1,200,000","1,400,000","1,500,000","1,900,000","1,400,000","800,000","1,100,000","1,600,000","1,000,000","1,400,000","800,000","500,000","300,000",,,,,,,,,,,,,,,,,,,,,,,,,,,,,,,,,,,,,,,,,,,,,,,,,,,,,,,,,,,,,,,,,,,,,,,,,,,,,,,,,,,,,,,,,,,,,,
NetIncomeCommonStockholders,"661,800,000","147,700,000","175,600,000","187,300,000","151,200,000","98,400,000","82,300,000","91,200,000","74,300,000","63,900,000","56,300,000","66,100,000","55,400,000","52,000,000","55,200,000","56,100,000","43,600,000","0","51,000,000","38,800,000","60,900,000","39,100,000","37,600,000","44,700,000","22,100,000","33,400,000","1,500,000","27,800,000","32,900,000","31,400,000","31,000,000","37,600,000","27,100,000","23,600,000","26,800,000","30,200,000","31,700,000","21,100,000","14,800,000","15,600,000","29,200,000","18,800,000","16,900,000","20,100,000","19,600,000","6,000,000","17,800,000","21,700,000","19,800,000","20,300,000","17,200,000","19,700,000","15,400,000","17,700,000","13,300,000","28,700,000","26,200,000","6,000,000","12,200,000","26,000,000","26,500,000","15,000,000","13,300,000","20,700,000","18,100,000","11,700,000","7,800,000","12,800,000","13,300,000","400,000","4,300,000","7,700,000","7,000,000","17,100,000","4,100,000","6,900,000","3,800,000","3,400,000","3,600,000","5,300,000","6,100,000","-19,600,000","5,900,000","3,100,000","5,400,000","-13,100,000","4,600,000","5,000,000","5,100,000","10,200,000","8,600,000","10,400,000","9,500,000","10,000,000","6,500,000","9,900,000","-19,700,000","8,600,000","17,300,000","10,100,000","8,400,000","9,900,000","6,600,000","8,100,000","-8,200,000","7,900,000","3,900,000","8,700,000","8,200,000","7,200,000","5,600,000","7,500,000","7,000,000","5,900,000","4,800,000","6,200,000","6,600,000","4,400,000","4,100,000","5,600,000","5,600,000","-18,500,000","2,300,000","3,500,000","4,100,000","-5,900,000","1,700,000","2,900,000","5,600,000",,,,,,,,,,,,,,,,,,
	NetIncome,"661,800,000","147,700,000","175,600,000","187,300,000","151,200,000","98,400,000","82,300,000","91,200,000","74,300,000","63,900,000","56,300,000","66,100,000","55,400,000","52,000,000","55,200,000","56,100,000","43,600,000","0","51,000,000","38,800,000","60,900,000","39,100,000","37,600,000","44,700,000","22,100,000","33,400,000","1,500,000","27,800,000","32,900,000","31,400,000","31,000,000","37,600,000","27,100,000","23,600,000","26,800,000","30,200,000","31,700,000","21,100,000","14,800,000","15,600,000","29,200,000","18,800,000","16,900,000","20,100,000","19,600,000","6,000,000","17,800,000","21,700,000","19,800,000","20,300,000","17,200,000","19,700,000","15,400,000","17,700,000","13,300,000","28,700,000","26,200,000","6,000,000","12,200,000","26,000,000","26,500,000","15,000,000","13,300,000","20,700,000","18,100,000","11,700,000","7,800,000","12,800,000","13,300,000","400,000","4,300,000","7,700,000","7,000,000","17,100,000","4,100,000","6,900,000","3,800,000","3,400,000","3,600,000","5,300,000","6,100,000","-19,600,000","5,900,000","3,100,000","5,400,000","-13,100,000","4,600,000","5,000,000","5,100,000","10,200,000","8,600,000","10,400,000","9,500,000","10,000,000","6,500,000","9,900,000","-19,700,000","8,600,000","17,300,000","10,100,000","8,400,000","9,900,000","6,600,000","8,100,000","-8,200,000","7,900,000","3,900,000","8,700,000","8,200,000","7,200,000","5,600,000","7,500,000","7,000,000","5,900,000","4,800,000","6,200,000","6,600,000","4,400,000","4,100,000","5,600,000","5,600,000","-18,500,000","2,300,000","3,500,000","4,100,000","-5,900,000","1,700,000","2,900,000","5,600,000",,,,,,,,,,,,,,,,,,
		NetIncomeIncludingNoncontrollingInterests,"661,800,000","147,700,000","175,600,000","187,300,000","151,200,000","98,400,000","82,300,000","91,200,000","74,300,000","63,900,000","56,300,000","66,100,000","55,400,000","52,000,000","55,200,000","56,100,000","43,600,000","0","51,000,000","38,800,000","60,900,000","39,100,000","37,600,000","44,700,000","22,100,000","33,400,000","1,500,000","27,800,000","32,900,000","31,400,000","31,000,000","37,600,000","27,100,000","23,600,000","26,800,000","30,200,000","31,700,000","21,100,000","14,800,000","15,600,000","29,200,000","18,800,000","16,900,000","20,100,000","19,600,000","6,000,000","17,800,000","21,700,000","19,800,000","20,300,000","17,200,000","19,700,000","15,400,000","17,200,000","13,500,000","28,900,000","26,400,000","6,200,000","12,300,000","26,100,000","26,600,000","15,000,000","13,400,000","20,800,000","18,200,000","11,800,000","7,800,000","12,800,000","13,300,000","400,000","4,300,000","7,700,000","7,000,000","17,100,000","4,100,000","6,900,000","3,800,000","3,400,000","3,600,000","5,300,000","6,100,000","-19,600,000","5,900,000","3,200,000","5,400,000","-13,100,000","4,600,000","5,100,000","5,200,000","10,300,000","8,600,000","10,400,000","9,400,000","10,000,000","6,500,000","10,000,000","-19,700,000","8,700,000","17,300,000","10,100,000","8,400,000","9,900,000","6,600,000","8,200,000","-8,200,000","8,000,000","4,100,000","9,000,000","8,400,000","7,700,000","5,900,000","8,100,000","7,500,000","6,500,000","5,100,000","6,700,000","6,900,000","4,900,000","4,500,000","6,100,000","6,000,000","-21,100,000","2,400,000","3,500,000","4,200,000","-6,100,000","1,700,000","3,200,000","5,800,000","8,300,000","2,800,000","6,200,000","5,500,000","5,200,000","3,700,000","5,600,000","2,900,000","600,000","3,200,000","5,500,000","4,400,000","4,800,000","3,400,000","4,500,000","4,000,000","3,400,000","2,900,000"
			NetIncomeContinuousOperations,"661,800,000","147,700,000","175,600,000","187,300,000","151,200,000","98,400,000","82,300,000","91,200,000","74,300,000","63,900,000","56,300,000","66,100,000","55,400,000","52,000,000","55,200,000","56,100,000","43,600,000","0","51,000,000","38,800,000","60,900,000","39,100,000","37,600,000","44,700,000","22,100,000","33,400,000","1,500,000","27,800,000","32,900,000","31,400,000","31,000,000","37,600,000","27,100,000","23,600,000","26,800,000","30,200,000","31,700,000","21,100,000","14,800,000","15,600,000","29,200,000","18,800,000","16,900,000","20,100,000","19,600,000","6,000,000","17,800,000","21,700,000","19,800,000","20,300,000","17,200,000","19,700,000","15,400,000","17,700,000","13,300,000","28,700,000","26,200,000","6,000,000","12,200,000","26,500,000","26,500,000","14,700,000","11,800,000","20,700,000","14,300,000","13,200,000","7,100,000","12,200,000","13,000,000","14,500,000","4,300,000","7,700,000","7,000,000","17,100,000","4,100,000","6,900,000","3,800,000","3,300,000","-2,300,000","5,300,000","6,500,000","5,200,000","5,900,000","3,100,000","5,400,000","-13,100,000","4,600,000","5,000,000","5,100,000","10,200,000","8,600,000","10,400,000","9,500,000","10,000,000","6,500,000","9,900,000","-19,700,000","8,600,000","17,300,000","10,100,000","8,400,000","9,900,000","6,600,000","8,100,000","-8,200,000","7,900,000","3,900,000","8,700,000","8,200,000","7,200,000","5,600,000","7,500,000","7,000,000","5,900,000","4,800,000","6,200,000","5,600,000","4,400,000","4,100,000","5,600,000","5,600,000","-18,500,000","2,300,000","3,500,000","4,100,000","-5,900,000","1,700,000","2,900,000","5,600,000","6,200,000","2,800,000","6,200,000","5,500,000","5,200,000","3,700,000","5,600,000","2,900,000","600,000","3,200,000","5,500,000","4,400,000","4,800,000","3,400,000","4,500,000","4,000,000","3,400,000","2,900,000"
			NetIncomeDiscontinuousOperations,,,,,,,,,,,,,,,,,,,,,,,,,,,,,,,,,,,,,,,,,,,,,,,,,,,,,,,,,,"0",,"-500,000",,"300,000","1,500,000",,"3,800,000",,"700,000","600,000","300,000",,,,,,,,,"100,000","5,900,000",,"-400,000",,,,,,,,,,,,,,,,,,,,,,,,,,,,,,,,,,,,,,,,,,,,,,,,,,,,,,,,,,,,,,,,,,
			NetIncomeExtraordinary,,,,,,,,,,,,,,,,,,,,,,,,,,,,,,,,,,,,,,,,,,,,,,,,,,,,,,,,,,,,,,,,,,,,,,,,,,,,,,,,,,,,,,,,,,,,,,,,,,,,,,,,,,,,,,,,,,"0",,,"1,000,000",,,,,,,,,,,,,,,,,,,,,,,,,,,,,,
		MinorityInterests,,,,,,,,,,,,,,,,,,,,,,,,,,,,,,,,,,,,,,,,,,,,,,,,,,"0","0","0","0",,"-200,000","-200,000","-200,000","-200,000","-100,000","-100,000","-100,000","0","-100,000","-100,000","-100,000",,,,,,,,,,,,,,,,,"0",,"-100,000",,"0",,"-100,000","-100,000","-100,000",,,"100,000","0",,"-100,000",,"-100,000",,,,"0",,"-100,000",,"-100,000","-200,000","-300,000","-200,000","-500,000","-300,000","-600,000","-500,000","-600,000","-300,000","-500,000","-300,000","-500,000","-400,000","-500,000","-400,000","2,600,000","-100,000",,"-100,000","200,000",,"-300,000","-200,000",,,,,,,,,,,,,,,,,,
DilutedNIAvailtoComStockholders,"661,800,000","147,700,000","175,600,000","187,300,000","151,200,000","98,400,000","82,300,000","91,200,000","74,300,000","63,900,000","56,300,000","66,100,000","55,400,000","52,000,000","55,200,000","56,100,000","43,600,000","0","51,000,000","38,800,000","60,900,000","39,100,000","37,600,000","44,700,000","22,100,000","33,400,000","1,500,000","27,800,000","32,900,000","31,400,000","31,000,000","37,600,000","27,100,000","23,600,000","26,800,000","30,200,000","31,700,000","21,100,000","14,800,000","15,600,000","29,200,000","18,800,000","16,900,000","20,100,000","19,600,000","6,000,000","17,800,000","21,700,000","19,800,000","20,300,000","17,200,000","19,700,000","15,400,000","17,700,000","13,300,000","28,700,000","26,200,000","6,000,000","12,200,000","26,000,000","26,500,000","15,000,000","13,300,000","20,700,000","18,100,000","11,700,000","7,800,000","12,800,000","13,300,000","400,000","4,300,000","7,700,000","7,000,000","17,100,000","4,100,000","6,900,000","3,800,000","3,400,000","3,600,000","5,300,000","6,100,000","-19,600,000","5,900,000","3,100,000","5,400,000","-13,100,000","4,600,000","5,000,000","5,100,000","10,200,000","8,600,000","10,400,000","9,500,000","10,000,000","6,500,000","9,900,000","-19,700,000","8,600,000","17,300,000","10,100,000","8,400,000","9,900,000","6,600,000","8,100,000","-8,200,000","7,900,000","3,900,000","8,700,000","8,200,000","7,200,000","5,600,000","7,500,000","7,000,000","5,900,000","4,800,000","6,200,000","6,600,000","4,400,000","4,100,000","5,600,000","5,600,000","-18,500,000","2,300,000","3,500,000","4,100,000","-5,900,000","1,700,000","2,900,000","5,600,000",,,,,,,,,,,,,,,,,,
BasicEPS,,"1.98","2.37","2.53","2.04","1.33","1.11","1.24","1.01","0.86","0.76","0.9","0.75","0.7","0.75","0.76","0.59","0","0.69","0.53","0.83","0.53","0.51","0.61","0.31","0.46","0.02","0.39","0.46","0.44","0.44","0.53","0.38","0.34","0.38","0.435","0.46","0.31","0.215","0.23","0.43",,"0.25","0.3","0.295",,"0.265","0.325","0.3",,"0.26","0.3","0.235",,"0.205","0.445","0.405",,"0.185","0.395","0.405",,"0.205","0.32","0.285",,"0.125","0.205","0.215",,"0.07","0.128","0.118",,"0.07","0.12","0.065",,"0.063","0.093","0.105",,"0.103","0.055","0.095",,"0.08","0.088","0.088",,"0.145","0.175","0.158",,"0.095","0.145","-0.298",,"0.263","0.153","0.128",,"0.1","0.125","-0.123",,"0.06","0.13","0.125",,"0.088","0.118","0.11",,"0.075","0.098","0.105",,"0.065","0.09","0.09",,"0.038","0.058","0.065",,"0.028","0.045","0.088",,"0.05","0.105","0.093",,"0.058","0.085","0.045",,"0.05","0.085","0.068",,"0.053","0.075","0.063",,"0.048"
DilutedEPS,,"1.93","2.31","2.47","1.99","1.29","1.09","1.21","0.99","0.84","0.75","0.88","0.73","0.69","0.73","0.75","0.58","0","0.67","0.51","0.81","0.52","0.5","0.6","0.3","0.45","0.02","0.38","0.45","0.43","0.43","0.52","0.38","0.33","0.37","0.43","0.45","0.3","0.215","0.225","0.405",,"0.245","0.285","0.28",,"0.255","0.31","0.285",,"0.25","0.285","0.23",,"0.2","0.41","0.38",,"0.18","0.365","0.385",,"0.195","0.31","0.275",,"0.12","0.2","0.21",,"0.07","0.125","0.115",,"0.07","0.12","0.065",,"0.063","0.093","0.105",,"0.103","0.055","0.095",,"0.08","0.088","0.088",,"0.143","0.173","0.158",,"0.095","0.145","-0.298",,"0.263","0.153","0.128",,"0.1","0.123","-0.123",,"0.06","0.13","0.125",,"0.088","0.118","0.11",,"0.075","0.098","0.105",,"0.065","0.09","0.09",,"0.038","0.058","0.065",,"0.028","0.045","0.088",,"0.05","0.105","0.093",,"0.058","0.085","0.045",,"0.05","0.085","0.068",,"0.053","0.075","0.063",,"0.048"
BasicAverageShares,,"74,500,000","74,100,000","74,000,000","73,900,000","74,000,000","73,900,000","73,800,000","73,900,000","74,100,000","74,000,000","73,700,000","74,100,000","73,900,000","73,900,000","73,600,000","73,900,000","74,200,000","74,200,000","73,900,000","73,300,000","73,200,000","73,300,000","73,300,000","72,500,000","72,300,000","72,200,000","72,000,000","71,700,000","71,300,000","71,000,000","70,800,000","70,600,000","70,100,000","69,800,000","69,400,000","69,000,000","68,400,000","68,200,000","68,000,000","67,800,000",,"67,600,000","67,200,000","67,000,000",,"66,800,000","66,600,000","66,200,000",,"65,800,000","65,600,000","65,400,000",,"65,000,000","64,800,000","64,400,000",,"65,400,000","65,800,000","65,400,000",,"64,464,000","64,152,000","63,508,000",,"62,668,000","61,956,000","61,290,000",,"60,344,000","59,840,000","58,888,000",,"58,024,000","57,932,000","57,920,000",,"57,852,000","57,720,000","57,464,000",,"57,372,000","57,344,000","57,280,000",,"57,348,000","57,852,000","58,184,000",,"59,310,345","59,428,571","60,317,460",,"68,421,053","68,275,862","66,218,487",,"65,904,762","66,229,508","65,882,353",,"66,000,000","64,800,000","66,938,776",,"65,000,000","66,923,077","65,600,000",,"64,000,000","63,829,787","63,636,364",,"64,000,000","63,589,744","62,857,143",,"63,076,923","62,222,222","62,222,222",,"61,333,333","60,869,565","63,076,923",,"61,818,182","64,444,444","64,000,000",,"64,980,000","65,224,000","65,116,000",,"64,892,000","64,880,000","64,872,000",,"64,708,000","64,708,000","64,708,000",,"64,688,000","63,432,000","63,392,000",,"63,392,000"
DilutedAverageShares,,"76,400,000","76,000,000","75,700,000","75,800,000","76,100,000","75,800,000","75,500,000","75,500,000","75,700,000","75,500,000","75,100,000","75,300,000","75,500,000","75,700,000","75,000,000","75,500,000","75,900,000","75,900,000","75,800,000","74,900,000","74,900,000","75,000,000","74,800,000","74,100,000","74,100,000","73,900,000","73,700,000","73,300,000","73,200,000","72,600,000","72,400,000","72,300,000","72,200,000","71,400,000","70,800,000","70,200,000","70,000,000","69,400,000","73,200,000","74,200,000",,"74,000,000","74,000,000","73,600,000",,"73,400,000","73,400,000","73,000,000",,"72,800,000","72,400,000","72,200,000",,"72,400,000","72,600,000","72,200,000",,"73,600,000","74,200,000","69,000,000",,"67,658,000","67,116,000","66,250,000",,"65,552,000","64,310,000","63,550,000",,"62,542,000","61,408,000","60,268,000",,"58,396,000","57,932,000","57,920,000",,"57,852,000","58,028,000","57,588,000",,"57,412,000","57,424,000","57,292,000",,"57,348,000","57,860,000","58,248,000",,"60,350,877","60,289,855","60,317,460",,"68,421,053","68,275,862","66,218,487",,"65,904,762","66,229,508","65,882,353",,"66,000,000","66,122,449","66,938,776",,"65,000,000","66,923,077","65,600,000",,"64,000,000","63,829,787","63,636,364",,"64,000,000","63,589,744","62,857,143",,"63,076,923","62,222,222","62,222,222",,"61,333,333","60,869,565","63,076,923",,"61,818,182","64,444,444","64,000,000",,"64,980,000","65,224,000","65,116,000",,"64,892,000","64,880,000","64,872,000",,"64,708,000","64,708,000","64,708,000",,"64,688,000","63,432,000","63,392,000",,"63,392,000"
TotalOperatingIncomeAsReported,"752,300,000","184,000,000","181,400,000","211,300,000","175,600,000","116,100,000","99,200,000","103,600,000","88,000,000","78,100,000","67,300,000","80,500,000","70,700,000","65,800,000","60,800,000","60,300,000","53,400,000","61,000,000","63,900,000","42,700,000","61,300,000","54,300,000","51,300,000","61,200,000","30,000,000","45,200,000","-3,500,000","39,100,000","47,800,000","44,600,000","44,000,000","54,100,000","39,300,000","36,900,000","39,700,000","42,500,000","43,300,000","31,500,000","26,300,000","35,600,000","41,700,000","27,000,000","26,100,000","27,800,000","28,800,000","5,900,000","25,300,000","30,500,000","28,900,000","21,700,000","25,900,000","28,600,000","21,200,000","25,600,000","17,900,000","42,600,000","38,100,000","7,600,000","12,900,000","34,900,000","39,600,000","21,000,000","19,700,000","32,100,000","28,200,000","19,000,000","13,200,000","19,900,000","20,100,000","19,400,000","6,400,000","11,600,000","10,800,000","30,300,000","6,900,000","10,800,000","6,500,000","6,900,000","-2,700,000","9,800,000","12,700,000","10,600,000","10,900,000","8,100,000","11,400,000","5,600,000","8,100,000","11,200,000","10,800,000","13,800,000","15,100,000","20,100,000","17,400,000","45,900,000","16,100,000","16,400,000","-13,700,000","17,100,000","12,900,000","17,200,000","14,700,000","15,800,000","11,500,000","13,800,000","12,200,000","11,100,000","8,100,000","13,800,000","15,300,000","11,000,000","9,800,000","12,900,000","13,400,000","11,800,000","9,000,000","11,100,000","9,200,000","8,200,000","7,900,000","11,900,000","11,400,000","-25,300,000","7,500,000","7,700,000","8,900,000","500,000","5,700,000","5,800,000","9,500,000",,,,,,,,,,,,,,,,,,
TotalExpenses,"2,071,400,000","541,900,000","523,300,000","515,000,000","491,200,000","458,300,000","442,100,000","420,600,000","407,000,000","391,900,000","382,400,000","391,700,000","375,100,000","358,800,000","371,100,000","386,100,000","359,200,000","355,700,000","343,800,000","343,200,000","325,500,000","327,300,000","322,900,000","326,000,000","306,300,000","312,500,000","299,300,000","321,300,000","288,900,000","306,700,000","312,800,000","314,500,000","306,800,000","305,800,000","302,000,000","302,800,000","295,900,000","291,200,000","275,300,000","288,700,000","274,800,000","263,600,000","265,600,000","279,100,000","264,900,000","256,200,000","247,500,000","250,100,000","244,500,000","260,700,000","236,600,000","232,100,000","220,300,000","215,900,000","236,300,000","241,500,000","231,600,000","220,200,000","229,800,000","228,800,000","218,000,000","210,900,000","198,700,000","208,100,000","194,600,000","176,500,000","168,500,000","154,500,000","129,400,000","114,200,000","128,900,000","126,500,000","122,800,000","89,100,000","113,200,000","115,600,000","111,300,000","96,300,000","97,900,000","97,900,000","91,000,000","39,900,000","103,700,000","104,600,000","104,800,000","99,600,000","96,400,000","101,500,000","96,900,000","101,600,000","100,000,000","104,300,000","96,800,000","68,900,000","97,800,000","99,400,000","118,900,000","92,400,000","92,300,000","105,900,000","100,000,000","98,800,000","99,800,000","105,200,000","101,700,000","96,500,000","93,000,000","95,200,000","79,900,000","88,100,000","77,600,000","78,600,000","73,700,000","81,000,000","72,900,000","76,000,000","77,700,000","80,200,000","73,400,000","74,800,000","70,400,000","107,500,000","72,100,000","74,100,000","77,200,000","79,900,000","71,200,000","76,300,000","74,300,000",,,,,,,,,,,,,,,,,,
NetIncomeFromContinuingAndDiscontinuedOperation,"661,800,000","147,700,000","175,600,000","187,300,000","151,200,000","98,400,000","82,300,000","91,200,000","74,300,000","63,900,000","56,300,000","66,100,000","55,400,000","52,000,000","55,200,000","56,100,000","43,600,000","0","51,000,000","38,800,000","60,900,000","39,100,000","37,600,000","44,700,000","22,100,000","33,400,000","1,500,000","27,800,000","32,900,000","31,400,000","31,000,000","37,600,000","27,100,000","23,600,000","26,800,000","30,200,000","31,700,000","21,100,000","14,800,000","15,600,000","29,200,000","18,800,000","16,900,000","20,100,000","19,600,000","6,000,000","17,800,000","21,700,000","19,800,000","20,300,000","17,200,000","19,700,000","15,400,000","17,700,000","13,300,000","28,700,000","26,200,000","6,000,000","12,200,000","26,000,000","26,500,000","15,000,000","13,300,000","20,700,000","18,100,000","11,700,000","7,800,000","12,800,000","13,300,000","400,000","4,300,000","7,700,000","7,000,000","17,100,000","4,100,000","6,900,000","3,800,000","3,400,000","3,600,000","5,300,000","6,100,000","-19,600,000","5,900,000","3,100,000","5,400,000","-13,100,000","4,600,000","5,000,000","5,100,000","10,200,000","8,600,000","10,400,000","9,500,000","10,000,000","6,500,000","9,900,000","-19,700,000","8,600,000","17,300,000","10,100,000","8,400,000","9,900,000","6,600,000","8,100,000","-8,200,000","7,900,000","3,900,000","8,700,000","8,200,000","7,200,000","5,600,000","7,500,000","7,000,000","5,900,000","4,800,000","6,200,000","5,600,000","4,400,000","4,100,000","5,600,000","5,600,000","-18,500,000","2,300,000","3,500,000","4,100,000","-5,900,000","1,700,000","2,900,000","5,600,000",,,,,,,,,,,,,,,,,,
NormalizedIncome,"664,885,200","149,405,167.675","176,627,400","186,283,600","152,621,200","101,608,774.978","87,944,800","94,913,600","71,409,000","66,103,100.775","58,712,800","67,309,000","56,015,200","51,226,443.769","57,372,500","58,352,500","46,361,200","-1,740,000","50,844,600","49,483,500","61,189,200","41,261,842.105","39,226,100","44,842,800","41,501,600","34,653,051.643","31,200,000","27,874,500","32,613,600","30,609,375","30,569,200","38,178,400","27,896,400","23,600,000","26,870,300","29,612,000","32,012,000","37,502,826.855","16,120,000","6,942,000","29,051,851.852","22,431,304.348","18,230,000","20,750,000","20,873,251.029","15,555,000","16,697,169.811","22,603,370.787","20,777,600","27,450,000","14,564,285.714","19,928,571.429","16,172,159.091","20,432,093.023","15,185,714.286","25,225,831.202","26,124,285.714","18,090,000","18,440,000","26,342,168.675","26,639,946.381","15,207,407.407","13,223,529.412","21,729,010.239","19,053,367.876","23,820,000","7,031,578.947","11,388,235.294","13,753,591.16","15,537,078.652","4,300,000","7,972,000","7,539,325.843","5,040,000","4,905,357.143","9,489,010.989","7,745,652.174","3,777,272.727","3,760,000","4,878,378.378","5,399,029.126","5,200,000","4,114,473.684","5,810,869.565","5,009,638.554","1,545,505.618","4,419,607.843","4,812,500","5,034,615.385","10,200,000","8,395,238.095","10,583,529.412","9,438,311.688","27,421,383.648","8,768,867.925","9,080,254.777","-20,060,000","8,840,000","16,580,000","9,790,184.049","8,214,705.882","9,565,540.541","6,087,378.641","7,589,763.78","8,200,000","7,650,526.316","3,534,375","7,466,417.91","8,446,616.541","8,131,764.706","5,472,727.273","7,435,897.436","7,360,000","6,140,816.327","5,052,631.579","6,138,000","4,880,000","4,400,000","3,920,000","5,360,000","5,840,000","-19,135,193.133","2,300,000","3,320,000","4,100,000","-629,333.333","1,760,000","2,120,000","4,984,615.385",,,,,,,,,,,,,,,,,,
InterestIncome,"1,000,000","300,000","400,000","200,000","100,000","200,000","200,000","200,000","800,000","1,300,000","1,000,000","600,000","900,000","700,000","500,000","300,000","600,000","400,000","300,000","300,000","300,000","300,000","200,000","300,000","300,000","300,000","500,000","400,000","400,000","800,000","1,800,000","500,000","400,000","500,000","400,000","400,000","600,000","300,000","500,000","600,000","400,000","400,000","400,000","300,000","200,000","300,000","100,000","100,000","100,000","200,000","300,000","100,000","300,000",,,,,,,,,,,,,,,,,,,,,,,,,,,,,,,,,,,,,,,,,,,,,,,,,,,,,,,,,,,,,,,,,,,,,,,,,,,,,,,,,,,,,,,,,,,,,,
InterestExpense,"8,200,000","2,600,000","1,800,000","1,900,000","1,900,000","2,100,000","2,100,000","2,000,000","2,000,000","2,100,000","2,100,000","2,000,000","2,300,000","2,300,000","2,000,000","2,200,000","1,900,000","2,100,000","1,300,000","2,300,000","2,100,000","1,400,000","2,200,000","2,000,000","2,500,000","2,900,000","3,700,000","3,400,000","4,100,000","3,800,000","4,500,000","4,200,000","4,000,000","3,900,000","4,400,000","4,100,000","4,600,000","3,500,000","4,400,000","4,600,000","4,300,000","4,400,000","4,500,000","4,600,000","4,700,000","4,700,000","4,200,000","3,900,000","4,000,000","4,100,000","3,800,000","3,500,000","3,900,000",,,,,,,,,,,,,,,,,,,,,,,,,,,,,,,,,,,,,,,,,,,,,,,,,,,,,,,,,,,,,,,,,,,,,,,,,,,,,,,,,,,,,,,,,,,,,,
NetInterestIncome,"-7,200,000","-2,300,000","-1,400,000","-1,700,000","-1,800,000","-1,900,000","-1,900,000","-1,800,000","-1,200,000","-800,000","-1,100,000","-1,400,000","-1,400,000","-1,600,000","-1,500,000","-1,900,000","-1,300,000","-1,700,000","-1,000,000","-2,000,000","-1,800,000","-1,100,000","-2,000,000","-1,700,000","-2,200,000","-2,600,000","-3,200,000","-3,000,000","-3,700,000","-3,000,000","-2,700,000","-3,700,000","-3,600,000","-3,400,000","-4,000,000","-3,700,000","-4,000,000","-3,200,000","-3,900,000","-4,000,000","-3,900,000","-4,000,000","-4,100,000","-4,300,000","-4,500,000","-4,400,000","-4,100,000","-3,800,000","-3,900,000","-3,900,000","-3,500,000","-3,400,000","-3,600,000",,,,,,,,,,,,,,,,,,,,,,,,,,,,,,,,,,,,,,,,,,,,,,,,,,,,,,,,,,,,,,,,,,,,,,,,,,,,,,,,,,,,,,,,,,,,,,
EBIT,"757,100,000","184,500,000","182,900,000","212,900,000","176,800,000","117,200,000","99,800,000","104,000,000","88,500,000","79,500,000","67,000,000","81,600,000","72,200,000","68,100,000","63,100,000","62,300,000","55,600,000","61,400,000","64,200,000","43,000,000","61,600,000","54,600,000","51,500,000","61,500,000","30,300,000","45,500,000","-3,000,000","39,500,000","48,200,000","45,400,000","45,800,000","54,600,000","39,700,000","37,400,000","40,100,000","42,900,000","43,700,000","31,800,000","26,800,000","24,600,000","42,100,000","27,400,000","26,500,000","-18,900,000","29,000,000","6,200,000","25,400,000","30,600,000","29,000,000","21,900,000","26,200,000","28,700,000","21,500,000","29,800,000","19,900,000","37,800,000","39,100,000","35,900,000","12,900,000","34,900,000","39,600,000","21,000,000","19,700,000","32,100,000","28,200,000","19,200,000","13,100,000","18,500,000","20,100,000","20,400,000","6,400,000","11,600,000","10,800,000","37,300,000","6,900,000","10,800,000","6,500,000","7,100,000","7,000,000","9,800,000","12,700,000","10,700,000","9,200,000","12,600,000","11,400,000","5,600,000","8,100,000","11,200,000","10,800,000","13,800,000","15,100,000","20,100,000","17,400,000","45,900,000","16,100,000","16,400,000","-13,700,000","17,100,000","12,900,000","17,200,000","14,700,000","15,800,000","11,500,000","13,800,000","12,200,000","11,100,000","8,100,000","13,800,000","15,300,000","11,000,000","9,800,000","12,900,000","13,400,000","11,800,000","9,000,000","11,100,000","9,200,000","8,200,000","7,900,000","11,900,000","11,400,000","-25,300,000","7,500,000","7,700,000","8,900,000","500,000","5,700,000","5,800,000","9,500,000","-192,900,000","69,400,000","79,500,000","80,100,000","-182,400,000","69,000,000","74,500,000","69,300,000","-156,900,000","57,000,000","67,900,000","61,900,000","-143,700,000","57,000,000","64,300,000","53,200,000","-118,900,000","42,700,000"
EBITDA,"879,400,000"
ReconciledCostOfRevenue,"1,655,800,000","430,200,000","418,300,000","408,500,000","398,800,000","369,100,000","353,400,000","332,100,000","324,500,000","317,400,000","308,300,000","311,800,000","296,700,000","289,300,000","296,100,000","305,300,000","281,300,000","287,100,000","273,200,000","272,600,000","253,600,000","258,900,000","255,600,000","254,700,000","238,800,000","240,100,000","236,200,000","241,500,000","226,200,000","240,100,000","246,000,000","247,100,000","240,400,000","236,100,000","236,300,000","233,600,000","227,700,000","224,000,000","213,400,000","226,100,000","215,200,000","210,100,000","212,200,000","223,300,000","207,400,000","198,800,000","196,700,000","198,600,000","192,500,000","209,500,000","187,200,000","182,300,000","173,100,000","175,200,000","190,200,000","195,700,000","187,200,000","185,600,000","178,400,000","187,000,000","177,200,000","166,300,000","159,600,000","169,700,000","155,900,000","143,900,000","137,800,000","122,400,000","103,100,000","98,800,000","98,600,000","95,300,000","93,000,000","84,200,000","84,300,000","85,000,000","81,400,000","74,900,000","78,200,000","76,700,000","72,300,000","24,800,000","84,900,000","85,600,000","85,500,000","45,800,000","79,900,000","84,500,000","79,500,000","43,900,000","80,800,000","84,600,000","79,800,000","46,800,000","80,500,000","81,000,000","73,900,000","43,700,000","76,000,000","86,800,000","82,000,000","50,600,000","81,700,000","87,100,000","82,600,000","48,900,000","76,400,000","77,100,000","63,100,000","44,000,000","62,000,000","61,700,000","58,200,000","41,300,000","57,800,000","60,200,000","62,800,000","40,600,000","59,100,000","61,000,000","57,400,000","37,900,000","59,800,000","60,400,000","63,300,000","37,600,000","59,400,000","62,900,000","61,300,000",,,,,,,,,,,,,,,,,,
ReconciledDepreciation,"122,300,000","34,400,000","30,000,000","28,800,000","29,100,000","28,500,000","28,400,000","26,200,000","26,000,000","26,300,000","25,300,000","26,300,000","25,500,000","26,300,000","26,200,000","25,500,000","26,400,000","24,900,000","25,000,000","23,500,000","23,300,000","22,800,000","22,900,000","22,700,000","22,300,000","23,300,000","22,400,000","22,200,000","22,000,000","22,000,000","23,100,000","23,100,000","21,800,000","22,100,000","21,900,000","20,700,000","20,500,000","20,200,000","19,300,000","18,800,000","18,600,000","18,400,000","18,500,000","19,300,000","19,500,000","19,500,000","18,300,000","17,700,000","17,700,000","18,300,000","18,300,000","16,500,000","15,000,000","15,200,000","15,500,000","15,200,000","14,700,000","14,400,000","13,900,000","14,300,000","14,000,000","13,700,000","13,200,000","13,000,000","12,800,000","13,600,000","13,000,000","10,800,000","10,000,000","7,600,000","8,600,000","8,700,000","8,300,000","8,600,000","7,800,000","8,500,000","8,100,000","8,600,000","8,200,000","8,300,000","7,900,000","4,200,000","9,100,000",,,,,,,,,,,,,,,,,,,,,,,,,,,,,,,,,,,,,,,,,,,,,,,,,,,,,,,,,,,,,,,,
NetIncomeFromContinuingOperationNetMinorityInterest,"661,800,000","147,700,000","175,600,000","187,300,000","151,200,000","98,400,000","82,300,000","91,200,000","74,300,000","63,900,000","56,300,000","66,100,000","55,400,000","52,000,000","55,200,000","56,100,000","43,600,000","0","51,000,000","38,800,000","60,900,000","39,100,000","37,600,000","44,700,000","22,100,000","33,400,000","1,500,000","27,800,000","32,900,000","31,400,000","31,000,000","37,600,000","27,100,000","23,600,000","26,800,000","30,200,000","31,700,000","21,100,000","14,800,000","15,600,000","29,200,000","18,800,000","16,900,000","20,100,000","19,600,000","6,000,000","17,800,000","21,700,000","19,800,000","20,300,000","17,200,000","19,700,000","15,400,000","17,700,000","13,300,000","28,700,000","26,200,000","6,000,000","12,200,000","26,500,000","26,500,000","14,700,000","11,800,000","20,700,000","14,300,000","13,200,000","7,100,000","12,200,000","13,000,000","14,500,000","4,300,000","7,700,000","7,000,000","17,100,000","4,100,000","6,900,000","3,800,000","3,300,000","-2,300,000","5,300,000","6,500,000","5,200,000","5,900,000","3,100,000","5,400,000","-13,100,000","4,600,000","5,000,000","5,100,000","10,200,000","8,600,000","10,400,000","9,500,000","10,000,000","6,500,000","9,900,000","-19,700,000","8,600,000","17,300,000","10,100,000","8,400,000","9,900,000","6,600,000","8,100,000","-8,200,000","7,900,000","3,900,000","8,700,000","8,200,000","7,200,000","5,600,000","7,500,000","7,000,000","5,900,000","4,800,000","6,200,000","5,600,000","4,400,000","4,100,000","5,600,000","5,600,000","-18,500,000","2,300,000","3,500,000","4,100,000","-5,900,000","1,700,000","2,900,000","5,600,000",,,,,,,,,,,,,,,,,,
TotalUnusualItemsExcludingGoodwill,"-3,600,000","-2,100,000","-1,100,000","1,200,000","-1,700,000","-3,900,000","-7,200,000","-4,400,000","3,500,000","-2,800,000","-2,900,000","-1,500,000","-800,000","1,000,000","-2,500,000","-2,500,000","-3,600,000","2,900,000","200,000","-11,500,000","-300,000","-3,100,000","-2,300,000","-200,000","-25,800,000","-1,700,000","-49,500,000","-100,000","400,000","1,100,000","600,000","-800,000","-1,100,000","0","-100,000","800,000","-400,000","-22,000,000","-2,200,000","11,100,000","200,000","-4,800,000","-1,900,000","-1,000,000","-1,700,000","-14,700,000","1,400,000","-1,200,000","-1,300,000","-11,000,000","3,600,000","-300,000","-900,000","-3,300,000","-2,000,000","4,800,000","100,000","-18,600,000","-9,600,000","200,000","-200,000","-700,000","-2,000,000","-1,500,000","-6,600,000","-17,700,000","100,000","1,200,000","-1,100,000","-1,300,000",,"-400,000","-800,000","20,100,000","-1,100,000","-3,800,000","-5,500,000","-600,000","-10,100,000","600,000","1,800,000","0","2,300,000","-4,300,000","600,000","-19,900,000","200,000","300,000","100,000",,"300,000","-300,000","100,000","-27,700,000","-3,700,000","1,300,000","600,000","-400,000","1,200,000","500,000","300,000","500,000","800,000","800,000","-21,200,000","300,000","600,000","1,900,000","-400,000","-1,100,000","200,000","100,000","-600,000","-400,000","-400,000","100,000","1,200,000",,"300,000","400,000","-400,000","800,000",,"300,000",,"-6,700,000","-100,000","1,300,000","1,000,000",,,,,,,,,,,,,,,,,,
TotalUnusualItems,"-3,600,000","-2,100,000","-1,100,000","1,200,000","-1,700,000","-3,900,000","-7,200,000","-4,400,000","3,500,000","-2,800,000","-2,900,000","-1,500,000","-800,000","1,000,000","-2,500,000","-2,500,000","-3,600,000","2,900,000","200,000","-11,500,000","-300,000","-3,100,000","-2,300,000","-200,000","-25,800,000","-1,700,000","-49,500,000","-100,000","400,000","1,100,000","600,000","-800,000","-1,100,000","0","-100,000","800,000","-400,000","-22,000,000","-2,200,000","11,100,000","200,000","-4,800,000","-1,900,000","-1,000,000","-1,700,000","-14,700,000","1,400,000","-1,200,000","-1,300,000","-11,000,000","3,600,000","-300,000","-900,000","-3,300,000","-2,000,000","4,800,000","100,000","-18,600,000","-9,600,000","200,000","-200,000","-700,000","-2,000,000","-1,500,000","-6,600,000","-17,700,000","100,000","1,200,000","-1,100,000","-1,300,000",,"-400,000","-800,000","20,100,000","-1,100,000","-3,800,000","-5,500,000","-600,000","-10,100,000","600,000","1,800,000","0","2,300,000","-4,300,000","600,000","-19,900,000","200,000","300,000","100,000",,"300,000","-300,000","100,000","-27,700,000","-3,700,000","1,300,000","600,000","-400,000","1,200,000","500,000","300,000","500,000","800,000","800,000","-21,200,000","300,000","600,000","1,900,000","-400,000","-1,100,000","200,000","100,000","-600,000","-400,000","-400,000","100,000","1,200,000",,"300,000","400,000","-400,000","800,000",,"300,000",,"-6,700,000","-100,000","1,300,000","1,000,000",,,,,,,,,,,,,,,,,,
NormalizedEBITDA,"883,000,000","221,000,000","214,000,000","240,500,000","207,600,000","149,600,000","135,400,000","134,600,000","111,000,000","108,600,000","95,200,000","109,400,000","98,500,000","93,400,000","91,800,000","90,300,000","85,600,000","83,400,000","89,000,000","78,000,000","85,200,000","80,500,000","76,700,000","84,400,000","78,400,000","70,500,000","68,900,000","61,800,000","69,800,000","66,300,000","68,300,000","78,500,000","62,600,000","59,500,000","62,100,000","62,800,000","64,600,000","74,000,000","48,300,000","32,300,000","60,500,000","50,600,000","46,900,000","1,400,000","50,200,000","40,400,000","42,300,000","49,500,000","48,000,000","51,200,000","40,900,000","45,500,000","37,400,000","48,300,000","37,400,000","48,200,000","53,700,000","68,900,000","36,400,000","49,000,000","53,800,000","35,400,000","34,900,000","46,600,000","47,600,000","50,500,000","26,000,000","28,100,000","31,200,000","29,300,000","15,000,000","20,700,000","19,900,000","25,800,000","15,800,000","23,100,000","20,100,000","16,300,000","25,300,000","17,500,000","18,800,000","14,900,000","16,000,000","16,900,000","10,800,000","25,500,000","7,900,000","10,900,000","10,700,000","13,800,000","14,800,000","20,400,000","17,300,000","73,600,000","19,800,000","15,100,000","-14,300,000","17,500,000","11,700,000","16,700,000","14,400,000","15,300,000","10,700,000","13,000,000","33,400,000","10,800,000","7,500,000","11,900,000","15,700,000","12,100,000","9,600,000","12,800,000","14,000,000","12,200,000","9,400,000","11,000,000","8,000,000","8,200,000","7,600,000","11,500,000","11,800,000","-26,100,000","7,500,000","7,400,000","8,900,000","7,200,000","5,800,000","4,500,000","8,500,000","-192,900,000","69,400,000","79,500,000","80,100,000","-182,400,000","69,000,000","74,500,000","69,300,000","-156,900,000","57,000,000","67,900,000","61,900,000","-143,700,000","57,000,000","64,300,000","53,200,000","-118,900,000","42,700,000"
TaxRateForCalcs,"0.143","0.188","0.066","0.153","0.164","0.177","0.216","0.156","0.174","0.213","0.168","0.194","0.231","0.226","0.131","0.099","0.233","0.4","0.223","0.071","0.036","0.303","0.293","0.286","0.248","0.263","0.4","0.255","0.284","0.281","0.282","0.277","0.276","0.319","0.297","0.265","0.22","0.254","0.4","0.22","0.259","0.243","0.3","0.35","0.251","0.35","0.212","0.247","0.248","0.35","0.268","0.238","0.142","0.172","0.057","0.276","0.243","0.35","0.35","0.211","0.3","0.275","0.288","0.314","0.28","0.4","0.316","0.324","0.315","0.202","0.311","0.32","0.326","0.4","0.268","0.319","0.283","0.205","0.4","0.297","0.388","0.307","0.224","0.37","0.349","0.264","0.098","0.375","0.346","0.157","0.317","0.388","0.383","0.371","0.387","0.369","0.4","0.4","0.4","0.38","0.382","0.331","0.359","0.362","0.226","0.168","0.391","0.351","0.383","0.153","0.364","0.359","0.4","0.398","0.368","0.38","0.4","0.333","0.4","0.4","0.4","0.206","0.4","0.4","0.4","0.213","0.4","0.4","0.385",,,,,,,,,,,,,,,,,,
TaxEffectOfUnusualItems,"-514,800","-394,832.325","-72,600","183,600","-278,800","-691,225.022","-1,555,200","-686,400","609,000","-596,899.225","-487,200","-291,000","-184,800","226,443.769","-327,500","-247,500","-838,800","1,160,000","44,600","-816,500","-10,800","-938,157.895","-673,900","-57,200","-6,398,400","-446,948.357","-19,800,000","-25,500","113,600","309,375","169,200","-221,600","-303,600","0","-29,700","212,000","-88,000","-5,597,173.145","-880,000","2,442,000","51,851.852","-1,168,695.652","-570,000","-350,000","-426,748.971","-5,145,000","297,169.811","-296,629.213","-322,400","-3,850,000","964,285.714","-71,428.571","-127,840.909","-567,906.977","-114,285.714","1,325,831.202","24,285.714","-6,510,000","-3,360,000","42,168.675","-60,053.619","-192,592.593","-576,470.588","-470,989.761","-1,846,632.124","-7,080,000","31,578.947","388,235.294","-346,408.84","-262,921.348","0","-128,000","-260,674.157","8,040,000","-294,642.857","-1,210,989.011","-1,554,347.826","-122,727.273","-4,040,000","178,378.378","699,029.126","0","514,473.684","-1,589,130.435","209,638.554","-5,254,494.382","19,607.843","112,500","34,615.385","0","95,238.095","-116,470.588","38,311.688","-10,278,616.352","-1,431,132.075","480,254.777","240,000","-160,000","480,000","190,184.049","114,705.882","165,540.541","287,378.641","289,763.78","-4,800,000","50,526.316","234,375","666,417.91","-153,383.459","-168,235.294","72,727.273","35,897.436","-240,000","-159,183.673","-147,368.421","38,000","480,000","0","120,000","160,000","-160,000","164,806.867","0","120,000","0","-1,429,333.333","-40,000","520,000","384,615.385",,,,,,,,,,,,,,,,,,