name,ttm,12/31/2021,09/30/2021,06/30/2021,03/31/2021,12/31/2020,09/30/2020,06/30/2020,03/31/2020,12/31/2019,09/30/2019,06/30/2019,03/31/2019,12/31/2018,09/30/2018,06/30/2018,03/31/2018,12/31/2017,09/30/2017,06/30/2017,03/31/2017,12/31/2016,09/30/2016,06/30/2016,03/31/2016,12/31/2015,09/30/2015,06/30/2015,03/31/2015,12/31/2014,09/30/2014,06/30/2014,03/31/2014,12/31/2013,09/30/2013,06/30/2013,03/31/2013,12/31/2012,09/30/2012,06/30/2012,03/31/2012,12/31/2011,09/30/2011,06/30/2011,03/31/2011,12/31/2010,09/30/2010,06/30/2010,03/31/2010,12/31/2009,09/30/2009,06/30/2009,03/31/2009,12/31/2008,09/30/2008,06/30/2008,03/31/2008,12/31/2007,09/30/2007,06/30/2007,03/31/2007,12/31/2006,09/30/2006,06/30/2006,03/31/2006,12/31/2005,09/30/2005,06/30/2005,03/31/2005,12/31/2004,09/30/2004,06/30/2004,03/31/2004,12/31/2003,09/30/2003,06/30/2003,03/31/2003,12/31/2002,09/30/2002,06/30/2002,03/31/2002,12/31/2001,09/30/2001,06/30/2001,03/31/2001,12/31/2000,09/30/2000,06/30/2000,03/31/2000,12/31/1999,09/30/1999,06/30/1999,03/31/1999,12/31/1998,09/30/1998,06/30/1998,03/31/1998,12/31/1997,09/30/1997,06/30/1997,03/31/1997,12/31/1996,09/30/1996,06/30/1996,03/31/1996,12/31/1995,09/30/1995,06/30/1995,03/31/1995,12/31/1994,09/30/1994,06/30/1994,03/31/1994,12/31/1993,09/30/1993,06/30/1993,03/31/1993,12/31/1992,09/30/1992,06/30/1992,03/31/1992,12/31/1991,09/30/1991,06/30/1991,03/31/1991,12/31/1990,09/30/1990,06/30/1990,03/31/1990,12/31/1989,09/30/1989,06/30/1989,03/31/1989,12/31/1988,09/30/1988,06/30/1988,03/31/1988,12/31/1987,09/30/1987,06/30/1987,03/31/1987,12/31/1986,09/30/1986,06/30/1986,03/31/1986,12/31/1985,09/30/1985
TotalRevenue,"10,201,000,000","2,206,000,000","2,345,000,000","3,144,000,000","2,506,000,000","2,063,000,000","2,110,000,000","1,631,000,000","1,728,000,000","1,548,000,000","1,671,000,000","1,692,000,000","1,643,000,000","1,636,000,000","1,910,000,000","2,065,000,000","1,865,000,000","1,823,000,000","1,872,000,000","1,808,000,000","1,693,000,000","1,596,000,000","1,709,000,000","1,655,000,000","1,835,000,000","1,734,000,000","1,820,000,000","1,807,000,000","1,721,000,000","1,788,000,000","1,915,000,000","1,964,000,000","1,984,000,000","2,256,000,000","2,181,000,000","2,141,000,000","1,951,000,000","2,000,000,000","1,772,000,000","1,793,000,000","1,494,000,000","1,615,000,000","1,569,000,000","1,610,000,000","1,578,000,000","1,664,000,000","1,664,000,000","1,805,000,000","1,419,000,000","1,455,000,000","1,407,000,000","1,391,000,000","1,275,000,000","1,695,000,000","2,107,000,000","2,174,000,000","2,096,000,000","3,937,000,000","4,146,000,000","4,334,000,000","3,891,000,000","5,655,000,000","5,328,000,000","5,687,000,000","5,376,000,000","5,783,000,000","5,604,000,000","5,838,000,000","5,404,000,000","5,886,000,000","5,849,000,000","5,893,000,000","5,037,000,000","5,145,000,000","5,184,000,000","4,930,000,000","4,614,000,000","4,652,000,000","4,912,000,000","4,949,000,000","4,008,000,000","3,408,000,000","3,742,000,000","3,852,000,000","3,553,000,000","4,464,000,000","3,690,000,000","4,187,000,000","3,911,000,000","3,433,000,000","3,120,000,000","3,044,000,000","2,665,000,000","2,751,000,000","2,736,000,000","2,676,000,000","2,603,000,000","2,870,000,000","2,823,000,000","2,909,000,000","2,608,000,000","2,771,000,000","2,852,000,000","2,886,000,000","2,605,000,000","2,857,000,000","3,112,000,000","3,074,000,000","2,745,000,000","2,733,100,000","2,680,700,000","2,598,400,000","2,385,800,000","2,591,400,000","2,224,900,000","2,387,500,000","2,341,000,000","2,337,000,000","2,337,000,000","2,349,000,000","2,195,700,000","2,128,900,000","2,213,400,000","2,296,600,000","2,062,700,000","2,085,900,000","2,263,500,000","2,392,400,000","2,282,500,000","2,565,900,000","2,574,400,000","2,644,000,000","2,321,300,000","2,564,200,000","2,480,000,000","2,480,000,000","2,480,000,000","1,783,500,000","1,819,900,000","1,769,100,000","1,617,300,000","1,450,600,000","1,397,300,000","1,497,400,000","1,306,700,000","1,238,000,000","1,291,800,000"
	OperatingRevenue,"10,201,000,000","2,206,000,000","2,345,000,000","3,144,000,000","2,506,000,000","2,063,000,000","2,110,000,000","1,631,000,000","1,728,000,000","1,548,000,000","1,671,000,000","1,692,000,000","1,643,000,000","1,636,000,000","1,910,000,000","2,065,000,000","1,865,000,000","1,823,000,000","1,872,000,000","1,808,000,000","1,693,000,000","1,596,000,000","1,709,000,000","1,655,000,000","1,835,000,000","1,734,000,000","1,820,000,000","1,807,000,000","1,721,000,000","1,788,000,000","1,915,000,000","1,964,000,000","1,984,000,000","2,256,000,000","2,181,000,000","2,141,000,000","1,951,000,000","2,000,000,000","1,772,000,000","1,793,000,000","1,494,000,000","1,615,000,000","1,569,000,000","1,610,000,000","1,578,000,000","1,664,000,000","1,664,000,000","1,805,000,000","1,419,000,000","1,455,000,000","1,407,000,000","1,391,000,000","1,275,000,000","1,695,000,000","2,107,000,000","2,174,000,000","2,096,000,000","3,937,000,000","4,146,000,000","4,334,000,000","3,891,000,000","5,655,000,000","5,328,000,000","5,687,000,000","5,376,000,000","5,783,000,000","5,604,000,000","5,838,000,000","5,404,000,000","5,886,000,000","5,849,000,000","5,893,000,000","5,037,000,000","5,145,000,000","5,184,000,000","4,930,000,000","4,614,000,000","4,652,000,000","4,912,000,000","4,949,000,000","4,008,000,000","3,408,000,000","3,742,000,000","3,852,000,000","3,553,000,000","4,464,000,000","3,690,000,000","4,187,000,000","3,911,000,000","3,433,000,000","3,120,000,000","3,044,000,000","2,665,000,000","2,751,000,000","2,736,000,000","2,676,000,000","2,603,000,000","2,870,000,000","2,823,000,000","2,909,000,000","2,608,000,000","2,771,000,000","2,852,000,000","2,886,000,000","2,605,000,000","2,857,000,000","3,112,000,000","3,074,000,000","2,745,000,000","2,733,100,000","2,680,700,000","2,598,400,000","2,385,800,000","2,591,400,000","2,224,900,000","2,387,500,000","2,341,000,000","2,337,000,000","2,337,000,000","2,349,000,000","2,195,700,000","2,128,900,000","2,213,400,000","2,296,600,000","2,062,700,000","2,085,900,000","2,263,500,000","2,392,400,000","2,282,500,000","2,565,900,000","2,574,400,000","2,644,000,000","2,321,300,000","2,564,200,000","2,480,000,000","2,480,000,000","2,480,000,000","1,783,500,000","1,819,900,000","1,769,100,000","1,617,300,000","1,450,600,000","1,397,300,000","1,497,400,000","1,306,700,000","1,238,000,000","1,291,800,000"
CostOfRevenue,"6,103,000,000","1,501,000,000","1,589,000,000","1,583,000,000","1,430,000,000","1,392,000,000","1,390,000,000","1,283,000,000","1,382,000,000","1,301,000,000","1,399,000,000","1,390,000,000","1,322,000,000","1,345,000,000","1,452,000,000","1,447,000,000","1,348,000,000","1,316,000,000","1,374,000,000","1,336,000,000","1,272,000,000","1,265,000,000","1,314,000,000","1,258,000,000","1,475,000,000","1,390,000,000","1,445,000,000","1,474,000,000","1,385,000,000","1,399,000,000","1,504,000,000","1,499,000,000","1,556,000,000","1,784,000,000","1,728,000,000","1,664,000,000","1,533,000,000","1,580,000,000","1,424,000,000","1,516,000,000","1,290,000,000","1,317,000,000","1,283,000,000","1,343,000,000","1,324,000,000","1,689,000,000","1,223,000,000","1,364,000,000","1,129,000,000","1,205,000,000","1,145,000,000","1,214,000,000","1,129,000,000","1,651,000,000","1,782,000,000","1,839,000,000","1,770,000,000","3,167,000,000","3,296,000,000","3,500,000,000","3,164,000,000","4,551,000,000","4,127,000,000","4,393,000,000","4,200,000,000","4,577,000,000","4,335,000,000","4,373,000,000","4,078,000,000","4,820,000,000","3,971,000,000","4,303,000,000","3,875,000,000","4,168,000,000","4,022,000,000","3,927,000,000","3,682,000,000","3,578,000,000","3,957,000,000","3,863,000,000","3,139,000,000","2,717,000,000","2,980,000,000","2,939,000,000","2,744,000,000","3,454,000,000","2,815,000,000","3,170,000,000","2,922,000,000","2,643,000,000","2,303,000,000","2,317,000,000","2,058,000,000","2,168,000,000","2,124,000,000","2,153,000,000","2,039,000,000","2,266,000,000","2,220,000,000","2,248,000,000","2,041,000,000","2,082,000,000","2,143,000,000","2,208,000,000","1,903,000,000","1,900,000,000","2,170,000,000","2,186,000,000","1,941,000,000","1,973,600,000","2,013,300,000","1,951,400,000","1,737,500,000","1,987,400,000","1,686,000,000","1,741,200,000","1,672,500,000","1,730,100,000","1,779,100,000","1,755,100,000","1,630,000,000","1,682,600,000","1,682,000,000","1,732,800,000","1,515,900,000","1,551,000,000","1,660,400,000","1,749,300,000","1,626,200,000","1,843,300,000","1,851,800,000","1,892,400,000",,,,,,,,,,,,,,,
GrossProfit,"4,098,000,000","705,000,000","756,000,000","1,561,000,000","1,076,000,000","671,000,000","720,000,000","348,000,000","346,000,000","247,000,000","272,000,000","302,000,000","321,000,000","291,000,000","458,000,000","618,000,000","517,000,000","507,000,000","498,000,000","472,000,000","421,000,000","331,000,000","395,000,000","397,000,000","360,000,000","344,000,000","375,000,000","333,000,000","336,000,000","389,000,000","411,000,000","465,000,000","428,000,000","472,000,000","453,000,000","477,000,000","418,000,000","420,000,000","348,000,000","277,000,000","204,000,000","298,000,000","286,000,000","267,000,000","254,000,000","-25,000,000","441,000,000","441,000,000","290,000,000","250,000,000","262,000,000","177,000,000","146,000,000","44,000,000","325,000,000","335,000,000","326,000,000","770,000,000","850,000,000","834,000,000","727,000,000","1,104,000,000","1,201,000,000","1,294,000,000","1,176,000,000","1,206,000,000","1,269,000,000","1,465,000,000","1,326,000,000","1,066,000,000","1,878,000,000","1,590,000,000","1,162,000,000","977,000,000","1,162,000,000","1,003,000,000","932,000,000","1,074,000,000","955,000,000","1,086,000,000","869,000,000","691,000,000","762,000,000","913,000,000","809,000,000","1,010,000,000","875,000,000","1,017,000,000","989,000,000","790,000,000","817,000,000","727,000,000","607,000,000","583,000,000","612,000,000","523,000,000","564,000,000","604,000,000","603,000,000","661,000,000","567,000,000","689,000,000","709,000,000","678,000,000","702,000,000","957,000,000","942,000,000","888,000,000","804,000,000","759,500,000","667,400,000","647,000,000","648,300,000","604,000,000","538,900,000","646,300,000","668,500,000","606,900,000","557,900,000","593,900,000","565,700,000","446,300,000","531,400,000","563,800,000","546,800,000","534,900,000","603,100,000","643,100,000","656,300,000","722,600,000","722,600,000","751,600,000",,,,,,,,,,,,,,,
OperatingExpense,"501,000,000","119,000,000","139,000,000","128,000,000","115,000,000","133,000,000","125,000,000","110,000,000","102,000,000","126,000,000","112,000,000","109,000,000","119,000,000","113,000,000","110,000,000","117,000,000","126,000,000","103,000,000","89,000,000","163,000,000","116,000,000","117,000,000","110,000,000","116,000,000","103,000,000","80,000,000","95,000,000","102,000,000","95,000,000","107,000,000","94,000,000","115,000,000","137,000,000","179,000,000","177,000,000","163,000,000","160,000,000","283,000,000","136,000,000","150,000,000","99,000,000","217,000,000","131,000,000","152,000,000","186,000,000","-206,000,000","258,000,000","274,000,000","204,000,000","167,000,000","-10,000,000","120,000,000","334,000,000","-148,000,000","669,000,000","679,000,000","517,000,000","664,000,000","632,000,000","666,000,000","671,000,000","396,000,000","833,000,000","798,000,000","1,584,000,000","1,575,000,000","834,000,000","791,000,000","796,000,000","543,000,000","810,000,000","842,000,000","795,000,000","495,000,000","834,000,000","565,000,000","782,000,000","544,000,000","761,000,000","787,000,000","662,000,000","509,000,000","573,000,000","604,000,000","582,000,000","669,000,000","450,000,000","526,000,000","524,000,000","485,000,000","403,000,000","409,000,000","382,000,000","388,000,000","387,000,000","362,000,000","376,000,000","369,000,000","360,000,000","434,000,000","414,000,000","457,000,000","423,000,000","416,000,000","415,000,000","489,000,000","408,000,000","416,000,000","385,000,000","396,600,000","373,200,000","365,500,000","367,100,000","378,400,000","355,600,000","354,100,000","388,100,000","439,200,000","353,500,000","369,900,000","356,100,000","338,700,000","379,500,000","376,700,000","373,000,000","307,500,000","371,500,000","379,600,000","375,900,000","914,200,000","377,700,000","378,900,000",,,,,,,,,,,,,,,
	SellingGeneralAndAdministration,"491,000,000","140,000,000","122,000,000","119,000,000","110,000,000","114,000,000","118,000,000","102,000,000","96,000,000","116,000,000","105,000,000","101,000,000","110,000,000","104,000,000","98,000,000","103,000,000","101,000,000","93,000,000","97,000,000","98,000,000","109,000,000","106,000,000","100,000,000","116,000,000","112,000,000","114,000,000","87,000,000","99,000,000","102,000,000","118,000,000","101,000,000","115,000,000","150,000,000","176,000,000","168,000,000","162,000,000","169,000,000","182,000,000","156,000,000","142,000,000","150,000,000","149,000,000","135,000,000","145,000,000","179,000,000","227,000,000","151,000,000","152,000,000","147,000,000","31,000,000","25,000,000","46,000,000","189,000,000","176,000,000","224,000,000","246,000,000","275,000,000","356,000,000","357,000,000","380,000,000","399,000,000","501,000,000","429,000,000","427,000,000","435,000,000","401,000,000","418,000,000","398,000,000","398,000,000","433,000,000","404,000,000","406,000,000","406,000,000","411,000,000","408,000,000","349,000,000","398,000,000","383,000,000","379,000,000","382,000,000","320,000,000","273,000,000","266,000,000","308,000,000","287,000,000","346,000,000","207,000,000","273,000,000","272,000,000","256,000,000","203,000,000","207,000,000","179,000,000","163,000,000","194,000,000","168,000,000","177,000,000","161,000,000","165,000,000","220,000,000","197,000,000","247,000,000","232,000,000","224,000,000","229,000,000","245,000,000","242,000,000","225,000,000","202,000,000","211,300,000","204,100,000","196,200,000","202,400,000","225,600,000","195,200,000","198,600,000","223,700,000","154,500,000","236,300,000","257,000,000","239,400,000","253,000,000","241,000,000","241,600,000","235,500,000","219,300,000","244,800,000","255,300,000","251,000,000","784,000,000","260,700,000","264,300,000",,,,,,,,,,,,,,,
		GeneralAndAdministrativeExpense,"396,000,000","113,000,000","98,000,000","95,000,000","90,000,000","93,000,000","96,000,000","84,000,000","74,000,000","94,000,000","85,000,000","80,000,000","89,000,000","82,000,000","78,000,000","80,000,000","78,000,000","72,000,000","75,000,000","76,000,000","87,000,000","84,000,000","78,000,000","94,000,000","85,000,000","84,000,000","60,000,000","71,000,000","74,000,000","89,000,000","73,000,000","88,000,000","101,000,000","117,000,000","112,000,000","108,000,000","118,000,000","126,000,000",,,,,,,,,"101,000,000","97,000,000","98,000,000","-29,000,000","-27,000,000","-7,000,000","124,000,000",,,,,,,,,,,,,,,,,,,,,,,,,,,,,,,"198,000,000","184,000,000",,,,,,,,,,,,,,,,,,,,,,,,,,,,,,,,,,,,,,,,,,,,,,,,,,,,,,,,,,,,,,
			OtherGandA,"396,000,000","113,000,000","98,000,000","95,000,000","90,000,000","93,000,000","96,000,000","84,000,000","74,000,000","94,000,000","85,000,000","80,000,000","89,000,000","82,000,000","78,000,000","80,000,000","78,000,000","72,000,000","75,000,000","76,000,000","87,000,000","84,000,000","78,000,000","94,000,000","85,000,000","84,000,000","60,000,000","71,000,000","74,000,000","89,000,000","73,000,000","88,000,000","101,000,000","117,000,000","112,000,000","108,000,000","118,000,000","126,000,000",,,,,,,,,"101,000,000","97,000,000","98,000,000","-29,000,000","-27,000,000","-7,000,000","124,000,000",,,,,,,,,,,,,,,,,,,,,,,,,,,,,,,"198,000,000","184,000,000",,,,,,,,,,,,,,,,,,,,,,,,,,,,,,,,,,,,,,,,,,,,,,,,,,,,,,,,,,,,,,
		SellingAndMarketingExpense,"95,000,000","27,000,000","24,000,000","24,000,000","20,000,000","21,000,000","22,000,000","18,000,000","22,000,000","22,000,000","20,000,000","21,000,000","21,000,000","22,000,000","20,000,000","23,000,000","23,000,000","21,000,000","22,000,000","22,000,000","22,000,000","22,000,000","22,000,000","22,000,000","27,000,000","30,000,000","27,000,000","28,000,000","28,000,000","29,000,000","28,000,000","27,000,000","49,000,000","59,000,000","56,000,000","54,000,000","51,000,000","56,000,000",,,,,,,,,"50,000,000","55,000,000","49,000,000","60,000,000","52,000,000","53,000,000","65,000,000",,,,,,,,,,,,,,,,,,,,,,,,,,,,,,,"110,000,000","103,000,000",,,,,,,,,,,,,,,,,,,,,,,,,,,,,,,,,,,,,,,,,,,,,,,,,,,,,,,,,,,,,,
	ResearchAndDevelopment,"5,000,000","2,000,000","1,000,000","1,000,000","1,000,000","1,000,000","1,000,000","2,000,000","1,000,000","2,000,000","1,000,000","2,000,000","1,000,000","2,000,000","2,000,000","2,000,000","2,000,000","2,000,000","4,000,000","4,000,000","4,000,000","5,000,000","5,000,000","4,000,000","6,000,000","7,000,000","6,000,000","6,000,000","5,000,000","8,000,000","5,000,000","7,000,000","7,000,000","10,000,000","8,000,000","8,000,000","7,000,000","9,000,000","8,000,000","8,000,000","7,000,000","9,000,000","7,000,000","7,000,000","7,000,000","10,000,000","8,000,000","8,000,000","8,000,000","13,000,000","10,000,000","15,000,000","13,000,000","15,000,000","14,000,000","18,000,000","17,000,000","19,000,000","18,000,000","18,000,000","16,000,000","15,000,000","23,000,000","15,000,000","16,000,000","17,000,000","18,000,000","12,000,000","14,000,000","17,000,000","13,000,000","13,000,000","12,000,000","17,000,000","10,000,000","12,000,000","12,000,000","16,000,000","11,000,000","13,000,000","12,000,000","17,000,000","11,000,000","14,000,000","13,000,000","15,000,000","14,000,000","15,000,000","12,000,000","17,000,000","12,000,000","13,000,000","13,000,000","16,000,000","12,000,000","15,000,000","14,000,000","15,000,000","13,000,000","15,000,000","13,000,000",,,,,,,,,,,,,,,,,,,,,,,,,,,,,,,,,,,,,,,,,,,,,,
	DepreciationAmortizationDepletionIncomeStatement,,,,,,,,,,,,,,,,,,,,,,,,,,,,,,,,,,,,,,,,,,,,,,,"124,000,000","120,000,000","119,000,000","127,000,000","126,000,000","129,000,000","126,000,000","140,000,000","153,000,000","151,000,000","151,000,000","221,000,000","236,000,000","228,000,000","238,000,000","339,000,000","315,000,000","311,000,000","315,000,000","332,000,000","333,000,000","330,000,000","328,000,000","334,000,000","329,000,000","332,000,000","327,000,000","356,000,000","323,000,000","315,000,000","324,000,000","342,000,000","305,000,000","312,000,000","266,000,000","231,000,000","220,000,000","217,000,000","208,000,000","262,000,000","195,000,000","201,000,000","201,000,000","176,000,000","154,000,000","154,000,000","156,000,000","177,000,000","146,000,000","144,000,000","149,000,000","158,000,000","146,000,000","159,000,000","165,000,000","168,000,000","152,000,000","150,000,000","147,000,000","200,000,000","135,000,000","148,000,000","138,000,000","145,000,000","129,700,000","130,200,000","123,500,000","120,700,000","120,700,000","118,100,000","127,400,000","151,200,000","117,200,000","112,900,000","116,700,000","85,700,000","138,500,000","135,100,000","137,500,000","88,200,000","126,700,000","124,300,000","124,900,000","130,200,000","117,000,000","114,600,000",,,,,,,,,,,,,,,
		DepreciationAndAmortizationInIncomeStatement,,,,,,,,,,,,,,,,,,,,,,,,,,,,,,,,,,,,,,,,,,,,,,,"124,000,000","120,000,000",,"127,000,000","126,000,000","129,000,000",,,"153,000,000","151,000,000","151,000,000","221,000,000","236,000,000","228,000,000","238,000,000","339,000,000","315,000,000","311,000,000","315,000,000","332,000,000","333,000,000","330,000,000","328,000,000","334,000,000","329,000,000","332,000,000","327,000,000","356,000,000","323,000,000","315,000,000","324,000,000","342,000,000","305,000,000","312,000,000","266,000,000","231,000,000","220,000,000","217,000,000","208,000,000","262,000,000","195,000,000","201,000,000","201,000,000","176,000,000","154,000,000","154,000,000","156,000,000","177,000,000","146,000,000","144,000,000","149,000,000","158,000,000","146,000,000","159,000,000","165,000,000","168,000,000","152,000,000","150,000,000","147,000,000","200,000,000","135,000,000","148,000,000","138,000,000","145,000,000","129,700,000","130,200,000","123,500,000","120,700,000","120,700,000","118,100,000","127,400,000","151,200,000","117,200,000","112,900,000","116,700,000","85,700,000","138,500,000","135,100,000","137,500,000","88,200,000","126,700,000","124,300,000","124,900,000","130,200,000","117,000,000","114,600,000",,,,,,,,,,,,,,,
	OtherOperatingExpenses,"5,000,000","-23,000,000","16,000,000","8,000,000","4,000,000","18,000,000","6,000,000","6,000,000","5,000,000","8,000,000","6,000,000","6,000,000","8,000,000","7,000,000","10,000,000","12,000,000","23,000,000","8,000,000","-12,000,000","61,000,000","3,000,000","6,000,000","5,000,000","-4,000,000","-15,000,000","-41,000,000","2,000,000","-3,000,000","-12,000,000","-19,000,000","-12,000,000","-7,000,000","-20,000,000","-7,000,000","1,000,000","-7,000,000","-16,000,000","92,000,000","-28,000,000","-53,000,000","-58,000,000","59,000,000","-11,000,000",,,"-67,000,000","-25,000,000","-6,000,000","-70,000,000","-4,000,000","-171,000,000","-70,000,000","6,000,000","-479,000,000","278,000,000","264,000,000","74,000,000","68,000,000","21,000,000","40,000,000","18,000,000","-459,000,000","66,000,000","45,000,000","818,000,000","825,000,000","65,000,000","51,000,000","56,000,000","-241,000,000","64,000,000","91,000,000","50,000,000","-289,000,000","93,000,000","-111,000,000","48,000,000","-197,000,000","66,000,000","80,000,000","64,000,000","-12,000,000","76,000,000","65,000,000","74,000,000","46,000,000","34,000,000","37,000,000","39,000,000","36,000,000","34,000,000","35,000,000","34,000,000","32,000,000","35,000,000","35,000,000","36,000,000","35,000,000","36,000,000","40,000,000","39,000,000","42,000,000","39,000,000","42,000,000","39,000,000","44,000,000","31,000,000","43,000,000","45,000,000","40,300,000","39,400,000","39,100,000","41,200,000","32,100,000","39,700,000","37,400,000","37,000,000",,,,,,,,,,,,,,,,,,,,,,,,,,,,,,
OperatingIncome,"3,597,000,000","586,000,000","617,000,000","1,433,000,000","961,000,000","538,000,000","595,000,000","238,000,000","244,000,000","121,000,000","160,000,000","193,000,000","202,000,000","178,000,000","348,000,000","501,000,000","391,000,000","404,000,000","409,000,000","309,000,000","305,000,000","214,000,000","285,000,000","281,000,000","257,000,000","264,000,000","280,000,000","231,000,000","241,000,000","282,000,000","317,000,000","350,000,000","291,000,000","293,000,000","276,000,000","314,000,000","258,000,000","137,000,000","212,000,000","127,000,000","105,000,000","81,000,000","155,000,000","115,000,000","68,000,000","181,000,000","183,000,000","167,000,000","86,000,000","83,000,000","272,000,000","57,000,000","-188,000,000","192,000,000","-344,000,000","-344,000,000","-191,000,000","106,000,000","218,000,000","168,000,000","56,000,000","708,000,000","368,000,000","496,000,000","-408,000,000","-369,000,000","435,000,000","674,000,000","530,000,000","523,000,000","1,068,000,000","748,000,000","367,000,000","482,000,000","328,000,000","438,000,000","150,000,000","530,000,000","194,000,000","299,000,000","207,000,000","182,000,000","189,000,000","309,000,000","227,000,000","341,000,000","425,000,000","491,000,000","465,000,000","305,000,000","414,000,000","318,000,000","225,000,000","195,000,000","225,000,000","161,000,000","188,000,000","235,000,000","243,000,000","227,000,000","153,000,000","232,000,000","286,000,000","262,000,000","287,000,000","468,000,000","534,000,000","472,000,000","419,000,000","362,900,000","294,200,000","281,500,000","281,200,000","225,600,000","183,300,000","292,200,000","280,400,000","167,700,000","204,400,000","224,000,000","209,600,000","107,600,000","151,900,000","187,100,000","173,800,000","227,400,000","231,600,000","263,500,000","280,400,000","-191,600,000","344,900,000","372,700,000","2,321,300,000","-6,146,900,000","2,480,000,000","2,480,000,000","2,480,000,000","-4,484,300,000","1,819,900,000","1,769,100,000","1,617,300,000","-3,801,600,000","1,397,300,000","1,497,400,000","1,306,700,000","-3,696,000,000","1,291,800,000"
NetNonOperatingInterestIncomeExpense,"-308,000,000","-76,000,000","-78,000,000","-76,000,000","-78,000,000","-144,000,000","-109,000,000","-101,000,000","-84,000,000","-81,000,000","-85,000,000","-85,000,000","-97,000,000","-73,000,000","-80,000,000","-81,000,000","-81,000,000","-86,000,000","-87,000,000","-91,000,000","-90,000,000","-99,000,000","-99,000,000","-104,000,000","-88,000,000","-61,000,000","-84,000,000","-86,000,000","-80,000,000","-80,000,000","-81,000,000","-72,000,000","-74,000,000","-97,000,000","-74,000,000","-71,000,000","-71,000,000","-74,000,000","-72,000,000","-75,000,000","-75,000,000","-76,000,000","-71,000,000","-108,000,000","-82,000,000","-99,000,000","-82,000,000","-94,000,000","-100,000,000","-100,000,000","-90,000,000","-91,000,000","-91,000,000",,,,,,,,,,,,,,,,,,,,,,,,,,,,,,,,,,,,,,,,,,,,,,,,,,,,,,,,,,,,,,,,,,,,,,,,,,,,,,,,,,,,,,,,,,,,,,
	InterestIncomeNonOperating,"5,000,000","1,000,000","1,000,000","2,000,000","1,000,000","0","2,000,000","2,000,000","1,000,000","8,000,000","6,000,000","6,000,000","10,000,000","24,000,000","13,000,000","11,000,000","12,000,000","10,000,000","11,000,000","9,000,000","9,000,000","9,000,000","15,000,000","10,000,000","9,000,000","27,000,000","4,000,000","2,000,000","3,000,000","10,000,000","7,000,000","11,000,000","9,000,000","16,000,000","21,000,000","10,000,000","11,000,000","14,000,000","15,000,000","11,000,000","12,000,000","12,000,000","15,000,000","9,000,000","11,000,000","26,000,000","22,000,000","17,000,000","12,000,000","-10,000,000","25,000,000","23,000,000","15,000,000",,,,,,,,,,,,,,,,,,,,,,,,,,,,,,,,,,,,,,,,,,,,,,,,,,,,,,,,,,,,,,,,,,,,,,,,,,,,,,,,,,,,,,,,,,,,,,
	InterestExpenseNonOperating,"313,000,000","77,000,000","79,000,000","78,000,000","79,000,000","144,000,000","111,000,000","103,000,000","85,000,000","89,000,000","91,000,000","91,000,000","107,000,000","97,000,000","93,000,000","92,000,000","93,000,000","96,000,000","98,000,000","100,000,000","99,000,000","108,000,000","114,000,000","114,000,000","97,000,000","88,000,000","88,000,000","88,000,000","83,000,000","90,000,000","88,000,000","83,000,000","83,000,000","113,000,000","95,000,000","81,000,000","82,000,000","88,000,000","87,000,000","86,000,000","87,000,000","88,000,000","86,000,000","117,000,000","93,000,000","125,000,000","104,000,000","111,000,000","112,000,000","90,000,000","115,000,000","114,000,000","106,000,000",,,,,,,,,,,,,,,,,,,,,,,,,,,,,,,,,,,,,,,,,,,,,,,,,,,,,,,,,,,,,,,,,,,,,,,,,,,,,,,,,,,,,,,,,,,,,,
OtherIncomeExpense,"27,000,000","18,000,000","27,000,000","-5,000,000","-13,000,000","-83,000,000","-94,000,000","-5,000,000","-13,000,000","-53,000,000","27,000,000","-17,000,000","-498,000,000","-219,000,000","-28,000,000","-38,000,000","-11,000,000","56,000,000","-219,000,000","-160,000,000","-34,000,000","-28,000,000","-2,000,000","-16,000,000","-68,000,000","-152,000,000","-21,000,000","12,000,000","-41,000,000","12,000,000","1,000,000","50,000,000","33,000,000","-390,000,000","1,000,000","-3,000,000","-2,000,000","119,000,000","-10,000,000","49,000,000","-4,000,000","-31,000,000","-55,000,000","12,000,000","170,000,000","-118,000,000","-10,000,000","-63,000,000","-8,000,000","-265,000,000","-152,000,000","-114,000,000","-163,000,000","-893,000,000","-271,000,000","-349,000,000","-155,000,000","-181,000,000","-43,000,000","-29,000,000","-9,000,000","388,000,000","-11,000,000","3,000,000","-720,000,000","-810,000,000","134,000,000","8,000,000","-9,000,000","352,000,000","-5,000,000","-29,000,000","-7,000,000","197,000,000","-48,000,000","209,000,000","-29,000,000","78,000,000","-13,000,000","-22,000,000","-23,000,000","-86,000,000","-28,000,000","-12,000,000","-13,000,000","-122,000,000","20,000,000","-94,000,000","13,000,000","45,000,000","22,000,000","7,000,000","-89,000,000","-132,000,000","34,000,000","14,000,000","19,000,000","-9,000,000","6,000,000","21,000,000","-40,000,000","-4,000,000","-16,000,000","-18,000,000","10,000,000","-7,000,000","-300,000,000","-9,000,000","-18,000,000","-1,700,000","-300,000","-11,600,000","-9,400,000","-12,600,000","16,600,000","50,300,000","59,700,000","34,700,000","35,200,000",,"12,700,000","-427,100,000","4,600,000","11,200,000","4,400,000","-32,700,000","8,900,000","14,000,000","29,800,000","94,700,000","45,500,000","19,400,000",,,,,,,,,,,,,,,
	GainOnSaleOfSecurity,"5,000,000","3,000,000","5,000,000","-1,000,000","-2,000,000","-4,000,000","2,000,000","3,000,000","-8,000,000","0","-1,000,000","2,000,000","-3,000,000","5,000,000","-2,000,000","2,000,000","-2,000,000",,"3,000,000",,"-3,000,000","-5,000,000","-1,000,000","-1,000,000","13,000,000","-6,000,000","-20,000,000","8,000,000","-29,000,000","-12,000,000","-13,000,000","12,000,000","-14,000,000","-1,000,000","2,000,000","-4,000,000","-4,000,000",,,,,,,,,,,,,,,,,,,,,,,,,,,,,,,,,,,,,,,,,,,,,,,,,,,,,,,,,,,,,,,,,,,,,,,,,,,,,,,,,,,,,,,,,,,,,,,,,,,,,,,,,,,,,,
	EarningsFromEquityInterest,,,,,,,,,,,,,,,,,,"0","1,000,000","0","0","1,000,000","9,000,000","7,000,000","3,000,000","-87,000,000",,,,,,,,,,,,,,,,,,,,,"7,000,000","0","-6,000,000","-1,000,000","-3,000,000","11,000,000","5,000,000","13,000,000","24,000,000","11,000,000","-27,000,000","-16,000,000","13,000,000","13,000,000","17,000,000","6,000,000","14,000,000","21,000,000","24,000,000","8,000,000","16,000,000","17,000,000","10,000,000","14,000,000","16,000,000","27,000,000","9,000,000","-4,000,000","8,000,000","10,000,000",,"8,000,000","4,000,000","4,000,000","2,000,000",,"9,000,000","18,000,000","29,000,000",,,,,,,,,,,,,,,,,,,,,,,,,,,,,,,,,,,,,,,,,,,,,,,,,,,,,,,,,,,,,,
	SpecialIncomeCharges,"41,000,000","20,000,000","27,000,000","-3,000,000","-3,000,000","191,000,000","-87,000,000","-6,000,000","4,000,000","36,000,000","-25,000,000","-9,000,000","-25,000,000","-6,000,000","-9,000,000","-27,000,000","-5,000,000","71,000,000","-207,000,000","-152,000,000","-9,000,000","-24,000,000","-10,000,000","-22,000,000","-84,000,000","-41,000,000","-1,000,000","4,000,000","-12,000,000","24,000,000","14,000,000","38,000,000","47,000,000","-389,000,000","-1,000,000","1,000,000","2,000,000","113,000,000","-10,000,000","49,000,000","-4,000,000","50,000,000","-55,000,000","12,000,000","170,000,000","-81,000,000","-17,000,000","-63,000,000","-2,000,000","-264,000,000","-149,000,000","-125,000,000","-168,000,000","-906,000,000","-295,000,000","-360,000,000","-128,000,000","-165,000,000","-56,000,000","-42,000,000","-26,000,000","382,000,000","-25,000,000","-18,000,000","-744,000,000","-818,000,000","118,000,000","-9,000,000","-19,000,000","338,000,000","-21,000,000","-56,000,000","-16,000,000","201,000,000","-56,000,000","199,000,000","-29,000,000","70,000,000","-17,000,000","-26,000,000","-25,000,000","-31,000,000","-37,000,000","-30,000,000","-42,000,000","-122,000,000","20,000,000","-94,000,000","13,000,000","45,000,000","22,000,000","7,000,000","-89,000,000","-132,000,000","34,000,000","14,000,000","19,000,000","-9,000,000","6,000,000","21,000,000","-40,000,000","-4,000,000","-16,000,000","-18,000,000","10,000,000","-7,000,000","-300,000,000","-9,000,000","-18,000,000","-1,700,000","-300,000","-11,600,000","-9,400,000","-12,600,000","16,600,000","50,300,000","59,700,000","34,700,000","35,200,000",,"12,700,000","-427,100,000","4,600,000","11,200,000","4,400,000","-32,700,000","8,900,000","14,000,000","29,800,000","94,700,000","45,500,000","19,400,000",,,,,,,,,,,,,,,
		RestructuringAndMergernAcquisition,"0",,,,,"0",,,,"80,000,000",,,,"0","0",,"2,000,000","16,000,000","14,000,000","151,000,000","13,000,000","29,000,000","16,000,000","14,000,000","117,000,000","23,000,000","2,000,000","0","14,000,000","7,000,000","10,000,000","8,000,000","21,000,000","378,000,000","2,000,000","6,000,000","4,000,000","6,000,000","10,000,000","4,000,000","12,000,000","31,000,000","41,000,000","7,000,000","4,000,000","133,000,000","14,000,000","2,000,000","0","25,000,000","67,000,000","46,000,000","82,000,000","-318,000,000","11,000,000","39,000,000","54,000,000","97,000,000","35,000,000","2,000,000","8,000,000","-61,000,000","4,000,000","21,000,000","1,000,000","10,000,000","2,000,000","4,000,000","10,000,000","17,000,000","8,000,000","13,000,000","15,000,000","152,000,000","24,000,000","25,000,000","29,000,000",,,,,,,"4,000,000","7,000,000",,,,,,,,,,,,,,,,,,,,,,,,,,,,,,,,,,,,,,,,,,,,,,,,,,,,,,,,,,,,,,
		ImpairmentOfCapitalAssets,,,,,,,,,,"80,000,000",,,,"0","0",,"2,000,000","16,000,000","14,000,000","151,000,000","13,000,000","29,000,000","16,000,000","14,000,000","117,000,000","9,000,000","2,000,000","0","14,000,000","7,000,000","10,000,000","8,000,000","21,000,000","378,000,000","2,000,000","6,000,000","4,000,000","6,000,000",,,,"0",,,"0","-2,000,000","2,000,000","1,000,000","2,000,000","211,000,000","82,000,000","79,000,000","86,000,000",,,,,,,,,,,,,,,,,,,,,,,,,,,,,,,,,,,,,,,,,,,,,,,,,,,,,,,,,,,,,,,,,,,,,,,,,,,,,,,,,,,,,,,,,,,,,,
		WriteOff,,,,,,,,,,,,,,,,,,,,,,,,,,,,,,,,,,,,,,,,,,,,,,,"1,000,000","49,000,000",,,,,,,,,,,,,,,,,,,,,,,,,,,,,,,,,,,,,,,,,,,,,,,,,,,,,,,,,,,,,,,,,,,,,,,,,,,,,,,,,,,,,,,,,,,,,,,,,,,
		OtherSpecialCharges,"-6,000,000","-17,000,000","5,000,000","3,000,000","3,000,000","-6,000,000","87,000,000","6,000,000","-4,000,000","-64,000,000","25,000,000","9,000,000","25,000,000","7,000,000","10,000,000","28,000,000","5,000,000","14,000,000","198,000,000","3,000,000","3,000,000","1,000,000","2,000,000","18,000,000","3,000,000",,,,,"-29,000,000","-23,000,000","-45,000,000","-45,000,000",,,,,,,"-53,000,000","-8,000,000",,"14,000,000","-19,000,000","-174,000,000",,"-25,000,000",,,,,,,"-610,000,000","284,000,000","321,000,000","74,000,000","68,000,000","21,000,000","40,000,000","18,000,000","-321,000,000","21,000,000","-3,000,000","743,000,000","808,000,000","-120,000,000","5,000,000","9,000,000","-355,000,000","13,000,000","43,000,000","1,000,000","-353,000,000","32,000,000","-224,000,000",,,,,,,,"26,000,000","35,000,000",,,,,,,,,,,,,,,,,,,,,,,,,,,,,,,,,,,,,,,,,,,,,,,,,,,,,,,,,,,,,,
		GainOnSaleOfPPE,"35,000,000","3,000,000","32,000,000",,,"182,000,000",,,,,,,,"1,000,000","1,000,000","1,000,000","2,000,000","101,000,000","5,000,000","2,000,000","7,000,000","6,000,000","8,000,000","10,000,000","36,000,000","5,000,000","1,000,000","4,000,000","2,000,000","2,000,000","1,000,000","1,000,000","23,000,000","5,000,000","1,000,000","7,000,000","6,000,000",,,,,,,,,,,"-11,000,000",,,,,,,,,,,,,,,,,,,,,,,,,,,,,,,,,,,,,,,,,,,,,,,,,,,,,,,,,,,,,,,,,,,,,,,,,,,,,,,,,,,,,,,,,,,,,,,,,,,
	OtherNonOperatingIncomeExpenses,"-19,000,000","-5,000,000","-5,000,000","-1,000,000","-8,000,000","-270,000,000","-9,000,000","-2,000,000","-9,000,000","-89,000,000","53,000,000","-10,000,000","-470,000,000","-218,000,000","-17,000,000","-13,000,000","-4,000,000","-16,000,000","-16,000,000","-8,000,000","-22,000,000",,,,,,,,,,,,,,,,,,,,,,,,,,,,,,,,,,,,,,,,,,,,,,,,,,,,,,,,,,,,,,,,,,,,,,,,,,,,,,,,,,,,,,,,,,,,,,,,,,,,,,,,,,,,,,,,,,,,,,,,,,,,,,
PretaxIncome,"3,316,000,000","528,000,000","566,000,000","1,352,000,000","870,000,000","311,000,000","392,000,000","132,000,000","147,000,000","-13,000,000","102,000,000","91,000,000","-393,000,000","-114,000,000","240,000,000","382,000,000","299,000,000","374,000,000","103,000,000","58,000,000","181,000,000","87,000,000","184,000,000","161,000,000","101,000,000","51,000,000","175,000,000","157,000,000","120,000,000","214,000,000","237,000,000","328,000,000","250,000,000","-194,000,000","203,000,000","240,000,000","185,000,000","182,000,000","130,000,000","101,000,000","26,000,000","55,000,000","29,000,000","19,000,000","156,000,000","-36,000,000","91,000,000","21,000,000","20,000,000","-282,000,000","30,000,000","-148,000,000","-442,000,000","-1,491,000,000","-421,000,000","-421,000,000","-366,000,000","-98,000,000","115,000,000","55,000,000","-13,000,000","669,000,000","274,000,000","382,000,000","-492,000,000","-394,000,000","406,000,000","528,000,000","366,000,000","303,000,000","900,000,000","559,000,000","183,000,000","139,000,000","124,000,000","238,000,000","-65,000,000","159,000,000","20,000,000","111,000,000","81,000,000","-24,000,000","122,000,000","248,000,000","170,000,000","306,000,000","313,000,000","317,000,000","387,000,000","273,000,000","373,000,000","258,000,000","66,000,000","44,000,000","175,000,000","109,000,000","135,000,000","154,000,000","180,000,000","172,000,000","33,000,000","150,100,000","187,000,000","161,000,000","222,000,000","380,900,000","149,000,000","386,000,000","328,000,000","290,300,000","224,300,000","201,400,000","204,000,000","141,500,000","130,000,000","272,300,000","264,600,000","122,200,000","164,900,000","142,900,000","133,300,000","-412,400,000","60,300,000","99,400,000","74,900,000","88,500,000","135,500,000","175,700,000","200,200,000","-206,500,000","247,300,000","240,100,000",,,,,,,,,,,,,,,
TaxProvision,"709,000,000","112,000,000","84,000,000","324,000,000","189,000,000","19,000,000","109,000,000","60,000,000","-3,000,000","1,000,000","3,000,000","-37,000,000","-104,000,000","-21,000,000","-15,000,000","65,000,000","30,000,000","103,000,000","-27,000,000","34,000,000","24,000,000","25,000,000","22,000,000","31,000,000","20,000,000","-19,000,000","-16,000,000","13,000,000","19,000,000","37,000,000","39,000,000","59,000,000","56,000,000","-248,000,000","36,000,000","42,000,000","41,000,000","40,000,000","13,000,000","17,000,000","-15,000,000","-10,000,000","-104,000,000","-4,000,000","57,000,000","-207,000,000","-1,025,000,000","7,000,000","38,000,000","-101,000,000","35,000,000","-32,000,000","-176,000,000","-314,000,000","-221,000,000","-214,000,000","-137,000,000","-54,000,000","41,000,000","18,000,000","3,000,000","213,000,000","89,000,000","82,000,000","88,000,000","-153,000,000","120,000,000","229,000,000","128,000,000","104,000,000","306,000,000","190,000,000","62,000,000","47,000,000","42,000,000","81,000,000","-22,000,000","56,000,000","7,000,000","39,000,000","28,000,000","-9,000,000","31,000,000","77,000,000","63,000,000","112,000,000","114,000,000","114,000,000","143,000,000","100,000,000","136,000,000","94,000,000","24,000,000","14,000,000","65,000,000","40,000,000","50,000,000","56,000,000","66,000,000","63,000,000","12,000,000","52,000,000","67,000,000","58,000,000","80,000,000","130,000,000","54,000,000","140,000,000","121,000,000","101,100,000","79,900,000","72,500,000","77,500,000","39,800,000","63,400,000","90,800,000","87,200,000","36,900,000","57,700,000","50,000,000","46,700,000","-139,100,000","9,900,000","29,800,000","22,500,000","29,700,000","44,900,000","61,400,000","70,100,000","-77,800,000","80,500,000","85,200,000",,,,,,,,,,,,,,,
NetIncomeCommonStockholders,"2,607,000,000","416,000,000","482,000,000","1,028,000,000","681,000,000","292,000,000","283,000,000","72,000,000","150,000,000","-14,000,000","99,000,000","128,000,000","-289,000,000","-93,000,000","255,000,000","317,000,000","269,000,000","271,000,000","130,000,000","24,000,000","157,000,000","551,000,000","227,000,000","157,000,000","70,000,000","59,000,000","180,000,000","133,000,000","90,000,000","166,000,000","1,153,000,000","280,000,000","183,000,000","43,000,000","157,000,000","196,000,000","144,000,000","143,000,000","117,000,000","84,000,000","41,000,000","65,000,000","157,000,000","10,000,000","99,000,000","171,000,000","1,116,000,000","14,000,000","-20,000,000","-175,000,000","0","-106,000,000","-264,000,000","-1,212,000,000","280,000,000","-96,000,000","-148,000,000","-98,000,000","101,000,000","32,000,000","755,000,000","508,000,000","211,000,000","314,000,000","-580,000,000","-211,000,000","285,000,000","420,000,000","239,000,000","199,000,000","594,000,000","369,000,000","121,000,000","92,000,000","82,000,000","157,000,000","-54,000,000","126,000,000","13,000,000","72,000,000","30,000,000","-15,000,000","91,000,000","171,000,000","107,000,000","194,000,000","199,000,000","203,000,000","244,000,000","174,000,000","237,000,000","164,000,000","-48,000,000","30,000,000","110,000,000","69,000,000","85,000,000","98,000,000","114,000,000","109,000,000","21,000,000","98,100,000","120,000,000","103,000,000","142,000,000","250,900,000","95,000,000","246,000,000","207,000,000","189,200,000","144,400,000","128,900,000","126,500,000","101,700,000","66,600,000","181,500,000","229,500,000","85,300,000","107,200,000","92,900,000","86,600,000","-273,300,000","50,400,000","69,600,000","52,400,000","58,800,000","90,600,000","114,300,000","130,100,000","-128,700,000","166,800,000","154,900,000",,,,,,,,,,,,,,,
	NetIncome,"2,607,000,000","416,000,000","482,000,000","1,028,000,000","681,000,000","292,000,000","283,000,000","72,000,000","150,000,000","-14,000,000","99,000,000","128,000,000","-289,000,000","-93,000,000","255,000,000","317,000,000","269,000,000","271,000,000","130,000,000","24,000,000","157,000,000","551,000,000","227,000,000","168,000,000","81,000,000","70,000,000","191,000,000","144,000,000","101,000,000","177,000,000","1,164,000,000","291,000,000","194,000,000","54,000,000","167,000,000","198,000,000","144,000,000","143,000,000","117,000,000","84,000,000","41,000,000","65,000,000","157,000,000","10,000,000","99,000,000","171,000,000","1,116,000,000","14,000,000","-20,000,000","-175,000,000","0","-106,000,000","-264,000,000","-1,212,000,000","280,000,000","-96,000,000","-148,000,000","-98,000,000","101,000,000","32,000,000","755,000,000","508,000,000","211,000,000","314,000,000","-580,000,000","-211,000,000","285,000,000","420,000,000","239,000,000","199,000,000","594,000,000","369,000,000","121,000,000","92,000,000","82,000,000","157,000,000","-54,000,000","126,000,000","13,000,000","72,000,000","30,000,000","-15,000,000","91,000,000","171,000,000","107,000,000","194,000,000","199,000,000","203,000,000","244,000,000","174,000,000","237,000,000","164,000,000","-48,000,000","30,000,000","110,000,000","69,000,000","85,000,000","98,000,000","114,000,000","109,000,000","21,000,000","98,100,000","120,000,000","103,000,000","142,000,000","250,900,000","95,000,000","246,000,000","207,000,000","189,200,000","144,400,000","128,900,000","126,500,000","101,700,000","66,600,000","181,500,000","229,500,000","85,300,000","107,200,000","92,900,000","86,600,000","-273,300,000","50,400,000","69,600,000","52,400,000","58,800,000","90,600,000","114,300,000","130,100,000","-128,700,000","166,800,000","154,900,000",,,,,,,,,,,,,,,
		NetIncomeIncludingNoncontrollingInterests,"2,607,000,000","416,000,000","482,000,000","1,028,000,000","681,000,000","292,000,000","283,000,000","72,000,000","150,000,000","-14,000,000","99,000,000","128,000,000","-289,000,000","-93,000,000","255,000,000","317,000,000","269,000,000","271,000,000","130,000,000","24,000,000","157,000,000","551,000,000","227,000,000","168,000,000","81,000,000","70,000,000","191,000,000","144,000,000","101,000,000","177,000,000","1,164,000,000","291,000,000","194,000,000","54,000,000","167,000,000","198,000,000","144,000,000","142,000,000","117,000,000","84,000,000","41,000,000","65,000,000","157,000,000","10,000,000","99,000,000","171,000,000","1,116,000,000","14,000,000","-18,000,000","-181,000,000","-5,000,000","-116,000,000","-266,000,000","-1,212,000,000","280,000,000","-96,000,000","-148,000,000","-98,000,000","101,000,000","32,000,000","755,000,000","508,000,000","211,000,000","314,000,000","-580,000,000","-211,000,000","285,000,000","420,000,000","239,000,000","199,000,000","594,000,000","369,000,000","121,000,000","92,000,000","82,000,000","157,000,000","-54,000,000","126,000,000","13,000,000","72,000,000","30,000,000","-15,000,000","91,000,000","171,000,000","107,000,000","194,000,000","199,000,000","203,000,000","244,000,000","174,000,000","237,000,000","164,000,000","-48,000,000","30,000,000","110,000,000","69,000,000","85,000,000","98,000,000","114,000,000","109,000,000","21,000,000","98,100,000","120,000,000","103,000,000","142,000,000","250,900,000","95,000,000","246,000,000","207,000,000","189,200,000","144,400,000","128,900,000","126,500,000","101,700,000","66,600,000","181,500,000","229,500,000","85,300,000","107,200,000","92,900,000","86,600,000","-273,300,000","50,400,000","69,600,000","52,400,000","58,800,000","90,600,000","114,300,000","130,100,000","-128,700,000","166,800,000","154,900,000","148,100,000","154,800,000","144,800,000","150,600,000","114,200,000","129,400,000","126,100,000","89,200,000","101,900,000","96,100,000","62,200,000","68,400,000","50,000,000","63,600,000","38,600,000"
			NetIncomeContinuousOperations,"2,607,000,000","416,000,000","482,000,000","1,028,000,000","681,000,000","292,000,000","283,000,000","72,000,000","150,000,000","-14,000,000","99,000,000","128,000,000","-289,000,000","-93,000,000","255,000,000","317,000,000","269,000,000","271,000,000","130,000,000","24,000,000","157,000,000","62,000,000","162,000,000","130,000,000","81,000,000","70,000,000","191,000,000","144,000,000","101,000,000","177,000,000","198,000,000","269,000,000","194,000,000","54,000,000","167,000,000","198,000,000","144,000,000","142,000,000","117,000,000","84,000,000","41,000,000","65,000,000","133,000,000","23,000,000","99,000,000","171,000,000","1,116,000,000","14,000,000","-18,000,000","-181,000,000","-5,000,000","-116,000,000","-266,000,000","-1,177,000,000","-200,000,000","-207,000,000","-229,000,000","-44,000,000","74,000,000","37,000,000","-16,000,000","456,000,000","185,000,000","300,000,000","-580,000,000","-241,000,000","286,000,000","299,000,000","238,000,000","199,000,000","594,000,000","369,000,000","121,000,000","92,000,000","82,000,000","157,000,000","-43,000,000","103,000,000","13,000,000","72,000,000","53,000,000","-15,000,000","91,000,000","171,000,000","107,000,000","194,000,000","199,000,000","203,000,000","244,000,000","173,000,000","237,000,000","164,000,000","42,000,000","30,000,000","110,000,000","69,000,000","85,000,000","98,000,000","114,000,000","109,000,000","21,000,000","98,100,000","120,000,000","103,000,000","142,000,000","250,900,000","95,000,000","246,000,000","207,000,000","189,200,000","144,400,000","128,900,000","126,500,000","101,700,000","66,600,000","181,500,000","177,400,000","85,300,000","107,200,000","92,900,000","86,600,000","-273,300,000","50,400,000","69,600,000","52,400,000","58,800,000","90,600,000","114,300,000","130,100,000","-128,700,000","166,800,000","154,900,000","148,100,000","154,800,000","144,800,000","150,600,000","114,200,000","129,400,000","126,100,000","89,200,000","101,900,000","96,100,000","62,200,000","68,400,000","50,000,000","63,600,000","38,600,000"
			NetIncomeDiscontinuousOperations,,,,,,,,,,,,,,,,,,"0","0","0","0","489,000,000","65,000,000","38,000,000",,"0","0","0","0","0","966,000,000","22,000,000",,,,,,"0","0","0","0","0","24,000,000","-13,000,000",,,,,,"0","0","0","0","-35,000,000","480,000,000","111,000,000","81,000,000","-54,000,000","27,000,000","-5,000,000","771,000,000","52,000,000","26,000,000","14,000,000",,"30,000,000","-1,000,000","121,000,000","1,000,000",,,,,,,,,,,,,,,,,,,,,,,,,,,,,,,,,,,,,,,,,,,,,,,,,,,,,,,,,,,,,,,,,,,,,,,,,,,,,,
			NetIncomeExtraordinary,,,,,,,,,,,,,,,,,,,,,,,,,,,,,,,,,,,,,,,,,,,,,,,,,,,,,,,,,,,,,,,,,,,,,,,,,,"0",,,"-11,000,000",,,,,,,,,,,,,"1,000,000",,,"-90,000,000",,,,,,,,,,,,,,,,,,,,,,,,,,,,,,,,,,,,,,,,,,,,,,,,,,,,,,
			NetIncomeFromTaxLossCarryforward,,,,,,,,,,,,,,,,,,,,,,,,,,,,,,,,,,,,,,,,,,,,,,,,,,,,,,,,,,,,,,,,,,,,,,,,,,,,,,,,,"-23,000,000",,,,,,,,,,,,,,,,,,,,,,,,,,,,,,,,,"0",,,"52,100,000",,,,,,,,,,,,,,,,,,,,,,,,,,,,,,
		MinorityInterests,,,,,,,,,,,,,,,,,,,,,,,,,,,,,,,,,,"0",,,"0","1,000,000",,,,"0","0","0","0","0","0","0","-2,000,000","6,000,000","5,000,000","10,000,000","2,000,000",,,,,,,,,,,,,,,,,,,,,,,,,,,,,,,,,,,,,,,,,,,,,,,,,,,,,,,,,,,,,,,,,,,,,,,,,,,,,,,,,,,,,,,,,,,,,,
	PreferredStockDividends,,,,,,,,,,,,,,,,,,,,,,"0",,"11,000,000","11,000,000","11,000,000","11,000,000","11,000,000","11,000,000","11,000,000","11,000,000","11,000,000","11,000,000","11,000,000","10,000,000","2,000,000",,,,,,,,,,,,,,,,,,,,,,,,,,,,,,,,,,,,,,,,,,,,,,,,,,,,,,,,,,,,,,,,,,,,,,,,,,,,,,,,,,,,,,,,,,,,,,,,,,,,,,,,,,,,,,,
DilutedNIAvailtoComStockholders,"2,607,000,000","416,000,000","482,000,000","1,028,000,000","681,000,000","292,000,000","283,000,000","72,000,000","150,000,000","-14,000,000","99,000,000","128,000,000","-289,000,000","-93,000,000","255,000,000","317,000,000","269,000,000","271,000,000","130,000,000","24,000,000","157,000,000","551,000,000","227,000,000","157,000,000","70,000,000","59,000,000","180,000,000","133,000,000","90,000,000","166,000,000","1,153,000,000","280,000,000","183,000,000","43,000,000","157,000,000","196,000,000","144,000,000","143,000,000","117,000,000","84,000,000","41,000,000","65,000,000","157,000,000","10,000,000","99,000,000","171,000,000","1,116,000,000","14,000,000","-20,000,000","-175,000,000","0","-106,000,000","-264,000,000","-1,212,000,000","280,000,000","-96,000,000","-148,000,000","-98,000,000","101,000,000","32,000,000","755,000,000","508,000,000","211,000,000","314,000,000","-580,000,000","-211,000,000","285,000,000","420,000,000","239,000,000","199,000,000","594,000,000","369,000,000","121,000,000","92,000,000","82,000,000","157,000,000","-54,000,000","126,000,000","13,000,000","72,000,000","30,000,000","-15,000,000","91,000,000","171,000,000","107,000,000","194,000,000","199,000,000","203,000,000","244,000,000","174,000,000","237,000,000","164,000,000","-48,000,000","30,000,000","110,000,000","69,000,000","85,000,000","98,000,000","114,000,000","109,000,000","21,000,000","98,100,000","120,000,000","103,000,000","142,000,000","250,900,000","95,000,000","246,000,000","207,000,000","189,200,000","144,400,000","128,900,000","126,500,000","101,700,000","66,600,000","181,500,000","229,500,000","85,300,000","107,200,000","92,900,000","86,600,000","-273,300,000","50,400,000","69,600,000","52,400,000","58,800,000","90,600,000","114,300,000","130,100,000","-128,700,000","166,800,000","154,900,000",,,,,,,,,,,,,,,
BasicEPS,,"0.56","0.64","1.37","0.91","0.39","0.38","0.1","0.2","-0.02","0.13","0.17","-0.39","-0.12","0.34","0.42","0.35","0.36","0.17","0.03","0.21","0.74","0.3","0.21","0.11","0.11","0.35","0.26","0.17","0.32","2.17","0.48","0.31","0.07","0.27","0.35","0.26","0.26","0.22","0.16","0.08","0.12","0.29","0.02","0.18",,"3.52","0.028","-0.04",,"0","-0.7","-0.5",,"0.532","-0.18","-0.28",,"0.188","0.06","1.296",,"0.34","0.508","-0.944",,"0.464","0.688","0.392",,"0.984","0.628","0.216",,"0.148","0.284","-0.096",,"0.024","0.128","0.056",,"0.164","0.312","0.196",,"0.36","0.356","0.416",,"0.472","0.328","-0.096",,"0.224","0.136","0.172",,"0.228","0.224","0.04",,"0.24","0.208","0.288",,"0.188","0.484","0.4",,"0.284","0.248","0.248",,"0.128","0.356","0.448",,"0.212","0.18","0.172",,"0.1","0.14","0.104",,"0.168","0.216","0.244",,"0.312","0.292","0.28",,"0.28","0.284","0.144",,"0.157","0.112","0.133",,"0.077","0.083","0.056",,"0.043"
DilutedEPS,,"0.55","0.64","1.37","0.91","0.39","0.38","0.1","0.2","-0.02","0.13","0.17","-0.39","-0.12","0.34","0.42","0.35","0.36","0.17","0.03","0.21","0.73","0.3","0.21","0.11","0.11","0.35","0.26","0.17","0.31","2.15","0.47","0.31","0.07","0.27","0.35","0.26","0.26","0.216","0.16","0.076","0.12","0.29","0.018","0.18",,"3.5","0.028","-0.04",,"0","-0.7","-0.5",,"0.532","-0.18","-0.28",,"0.188","0.06","1.296",,"0.34","0.504","-0.944",,"0.464","0.684","0.392",,"0.98","0.628","0.216",,"0.148","0.284","-0.096",,"0.024","0.128","0.056",,"0.164","0.312","0.196",,"0.36","0.356","0.416",,"0.472","0.324","-0.096",,"0.22","0.136","0.172",,"0.228","0.22","0.04",,"0.24","0.208","0.284",,"0.188","0.484","0.4",,"0.284","0.248","0.248",,"0.128","0.356","0.448",,"0.212","0.18","0.172",,"0.1","0.14","0.104",,"0.168","0.216","0.244",,"0.312","0.292","0.28",,"0.28","0.284","0.144",,"0.157","0.112","0.133",,"0.077","0.083","0.056",,"0.043"
BasicAverageShares,,"749,020,000","750,105,000","750,127,000","748,718,000","747,294,000","746,996,000","746,896,000","746,534,000","745,886,000","745,626,000","745,486,000","746,603,000","748,694,000","754,986,000","757,829,000","756,815,000","755,409,000","753,535,000","752,630,000","750,665,000","748,835,000","749,587,000","743,140,000","632,004,000","511,175,000","514,301,000","516,626,000","523,426,000","524,838,000","531,913,000","586,061,000","584,915,000","583,610,000","582,828,000","552,855,000","545,234,000","542,101,000","539,094,000","537,966,000","537,368,000","536,432,000","537,969,000","538,599,000","537,140,000",,"317,369,000","529,000,000","528,600,000",,"528,392,500","528,320,000","528,245,000",,"528,210,000","528,155,000","527,987,500",,"537,234,043","533,333,333","583,105,000",,"620,588,235","618,110,236","614,485,000",,"614,224,138","610,465,116","607,157,500",,"603,658,537","587,579,618","559,320,000",,"554,054,054","552,816,901","553,212,500",,"541,666,667","562,500,000","535,714,286",,"554,878,049","548,076,923","548,297,500",,"552,777,778","570,224,719","585,532,500",,"502,118,644","500,000,000","500,000,000",,"491,071,429","507,352,941","494,186,047",,"500,000,000","486,607,143","525,000,000",,"500,000,000","495,192,308","493,055,556",,"505,319,149","508,264,463","517,500,000",,"508,450,704","519,758,065","510,080,645",,"520,312,500","509,831,461","512,276,786",,"505,660,377","516,111,111","503,488,372",,"504,000,000","497,142,857","503,846,154",,"539,285,714","529,166,667","533,196,721",,"534,615,385","530,479,452","509,010,000",,"509,010,000","509,010,000","511,595,000",,"510,982,500","507,470,000","507,470,000",,"488,610,000","488,482,500","486,930,000",,"486,847,500"
DilutedAverageShares,,"750,942,000","751,443,000","751,508,000","750,024,000","749,004,000","748,450,000","746,984,000","747,155,000","745,886,000","746,514,000","746,232,000","746,603,000","750,025,000","757,389,000","760,533,000","759,462,000","758,463,000","756,903,000","756,451,000","754,747,000","752,768,000","754,044,000","747,701,000","634,872,000","514,167,000","517,088,000","519,804,000","527,423,000","529,411,000","536,012,000","589,766,000","589,312,000","588,616,000","587,179,000","557,588,000","550,785,000","547,137,000","542,311,000","540,033,000","539,728,000","538,119,000","539,827,000","541,095,000","540,476,000",,"318,360,000","530,257,500","528,600,000",,"528,392,500","528,320,000","528,245,000",,"528,210,000","528,155,000","527,987,500",,"537,234,043","533,333,333","583,105,000",,"620,588,235","623,015,873","614,485,000",,"614,224,138","614,035,088","610,462,500",,"606,122,449","587,579,618","562,680,000",,"554,054,054","553,212,500","553,212,500",,"541,666,667","562,500,000","535,714,286",,"554,878,049","548,076,923","548,875,000",,"552,777,778","570,224,719","587,335,000",,"502,118,644","506,172,840","500,000,000",,"500,000,000","507,352,941","494,186,047",,"500,000,000","495,454,545","525,000,000",,"500,000,000","495,192,308","500,000,000",,"505,319,149","508,264,463","517,500,000",,"508,450,704","519,758,065","510,080,645",,"520,312,500","509,831,461","512,276,786",,"505,660,377","516,111,111","503,488,372",,"504,000,000","497,142,857","503,846,154",,"539,285,714","529,166,667","533,196,721",,"534,615,385","530,479,452","509,010,000",,"509,010,000","509,010,000","511,595,000",,"510,982,500","507,470,000","507,470,000",,"488,610,000","488,482,500","486,930,000",,"486,847,500"
TotalOperatingIncomeAsReported,"3,643,000,000","609,000,000","649,000,000","1,429,000,000","956,000,000","717,000,000","510,000,000","243,000,000","240,000,000","89,000,000","202,000,000","186,000,000","174,000,000","177,000,000","337,000,000","476,000,000","404,000,000","476,000,000","205,000,000","157,000,000","293,000,000","185,000,000","274,000,000","258,000,000","186,000,000","217,000,000","259,000,000","243,000,000","200,000,000","294,000,000","318,000,000","400,000,000","324,000,000","-97,000,000","277,000,000","311,000,000","256,000,000","256,000,000","202,000,000","176,000,000","101,000,000","131,000,000","100,000,000","127,000,000","238,000,000","53,000,000","167,000,000","164,000,000","84,000,000","-178,000,000","123,000,000","-62,000,000","-330,000,000","-1,539,000,000","-355,000,000","-383,000,000","-245,000,000","9,000,000","183,000,000","166,000,000","48,000,000","769,000,000","364,000,000","475,000,000","-409,000,000","-379,000,000","433,000,000","670,000,000","520,000,000","506,000,000","1,060,000,000","735,000,000","352,000,000","330,000,000","304,000,000","413,000,000","121,000,000","363,000,000","194,000,000","299,000,000","207,000,000","182,000,000","189,000,000","305,000,000","220,000,000","341,000,000","425,000,000","491,000,000","465,000,000","305,000,000","414,000,000","318,000,000","225,000,000","195,000,000","225,000,000","161,000,000","188,000,000","235,000,000","243,000,000","227,000,000","153,000,000","232,000,000","286,000,000","262,000,000","287,000,000","468,000,000","534,000,000","472,000,000","419,000,000","362,900,000","294,200,000","281,500,000","281,200,000","225,600,000","183,300,000","292,200,000","280,400,000","167,700,000","204,400,000","224,000,000","209,600,000","107,600,000","151,900,000","187,100,000","173,800,000","227,400,000","231,600,000","263,500,000","280,400,000","-191,600,000","344,900,000","372,700,000",,,,,,,,,,,,,,,
TotalExpenses,"6,604,000,000","1,620,000,000","1,728,000,000","1,711,000,000","1,545,000,000","1,525,000,000","1,515,000,000","1,393,000,000","1,484,000,000","1,427,000,000","1,511,000,000","1,499,000,000","1,441,000,000","1,458,000,000","1,562,000,000","1,564,000,000","1,474,000,000","1,419,000,000","1,463,000,000","1,499,000,000","1,388,000,000","1,382,000,000","1,424,000,000","1,374,000,000","1,578,000,000","1,470,000,000","1,540,000,000","1,576,000,000","1,480,000,000","1,506,000,000","1,598,000,000","1,614,000,000","1,693,000,000","1,963,000,000","1,905,000,000","1,827,000,000","1,693,000,000","1,863,000,000","1,560,000,000","1,666,000,000","1,389,000,000","1,534,000,000","1,414,000,000","1,495,000,000","1,510,000,000","1,483,000,000","1,481,000,000","1,638,000,000","1,333,000,000","1,372,000,000","1,135,000,000","1,334,000,000","1,463,000,000","1,503,000,000","2,451,000,000","2,518,000,000","2,287,000,000","3,831,000,000","3,928,000,000","4,166,000,000","3,835,000,000","4,947,000,000","4,960,000,000","5,191,000,000","5,784,000,000","6,152,000,000","5,169,000,000","5,164,000,000","4,874,000,000","5,363,000,000","4,781,000,000","5,145,000,000","4,670,000,000","4,663,000,000","4,856,000,000","4,492,000,000","4,464,000,000","4,122,000,000","4,718,000,000","4,650,000,000","3,801,000,000","3,226,000,000","3,553,000,000","3,543,000,000","3,326,000,000","4,123,000,000","3,265,000,000","3,696,000,000","3,446,000,000","3,128,000,000","2,706,000,000","2,726,000,000","2,440,000,000","2,556,000,000","2,511,000,000","2,515,000,000","2,415,000,000","2,635,000,000","2,580,000,000","2,682,000,000","2,455,000,000","2,539,000,000","2,566,000,000","2,624,000,000","2,318,000,000","2,389,000,000","2,578,000,000","2,602,000,000","2,326,000,000","2,370,200,000","2,386,500,000","2,316,900,000","2,104,600,000","2,365,800,000","2,041,600,000","2,095,300,000","2,060,600,000","2,169,300,000","2,132,600,000","2,125,000,000","1,986,100,000","2,021,300,000","2,061,500,000","2,109,500,000","1,888,900,000","1,858,500,000","2,031,900,000","2,128,900,000","2,002,100,000","2,757,500,000","2,229,500,000","2,271,300,000",,,,,,,,,,,,,,,
NetIncomeFromContinuingAndDiscontinuedOperation,"2,607,000,000","416,000,000","482,000,000","1,028,000,000","681,000,000","292,000,000","283,000,000","72,000,000","150,000,000","-14,000,000","99,000,000","128,000,000","-289,000,000","-93,000,000","255,000,000","317,000,000","269,000,000","271,000,000","130,000,000","24,000,000","157,000,000","551,000,000","227,000,000","168,000,000","81,000,000","70,000,000","191,000,000","144,000,000","101,000,000","177,000,000","1,164,000,000","291,000,000","194,000,000","54,000,000","167,000,000","198,000,000","144,000,000","143,000,000","117,000,000","84,000,000","41,000,000","65,000,000","157,000,000","10,000,000","99,000,000","171,000,000","1,116,000,000","14,000,000","-20,000,000","-175,000,000","0","-106,000,000","-264,000,000","-1,212,000,000","280,000,000","-96,000,000","-148,000,000","-98,000,000","101,000,000","32,000,000","755,000,000","508,000,000","211,000,000","314,000,000","-580,000,000","-211,000,000","285,000,000","420,000,000","239,000,000","199,000,000","594,000,000","369,000,000","121,000,000","92,000,000","82,000,000","157,000,000","-43,000,000","103,000,000","13,000,000","72,000,000","53,000,000","-15,000,000","91,000,000","171,000,000","107,000,000","194,000,000","199,000,000","203,000,000","244,000,000","173,000,000","237,000,000","164,000,000","42,000,000","30,000,000","110,000,000","69,000,000","85,000,000","98,000,000","114,000,000","109,000,000","21,000,000","98,100,000","120,000,000","103,000,000","142,000,000","250,900,000","95,000,000","246,000,000","207,000,000","189,200,000","144,400,000","128,900,000","126,500,000","101,700,000","66,600,000","181,500,000","177,400,000","85,300,000","107,200,000","92,900,000","86,600,000","-273,300,000","50,400,000","69,600,000","52,400,000","58,800,000","90,600,000","114,300,000","130,100,000","-128,700,000","166,800,000","154,900,000",,,,,,,,,,,,,,,
NormalizedIncome,"2,570,844,000","397,878,787.879","454,749,116.608","1,031,041,420.118","684,913,793.103","116,424,437.299","344,364,795.918","74,190,000","152,920,000","-40,280,000","124,235,294.118","133,110,000","-268,409,669.211","-92,184,210.526","263,030,000","337,746,073.298","275,297,658.863","218,828,877.005","252,400,000","115,200,000","167,408,839.779","82,666,666.667","171,684,782.609","148,571,428.571","137,940,594.059","98,200,000","203,600,000","132,993,630.573","135,508,333.333","167,074,766.355","197,164,556.962","227,993,902.439","168,392,000","307,500,000","166,177,339.901","200,475,000","145,556,756.757","50,153,846.154","126,000,000","43,247,524.752","43,600,000","32,500,000","168,750,000","15,200,000","-8,884,615.385","223,650,000","1,127,050,000","56,000,000","-18,700,000","-5,553,191.489","96,850,000","-8,027,027.027","-162,895,927.602","-461,800,804.829","-8,250,000","27,000,000","-148,912,568.306","63,250,000","110,034,782.609","65,254,545.455","900,000","195,623,318.386","201,879,562.044","314,136,125.654","-133,600,000","259,350,253.807","202,876,847.291","304,400,000","250,355,191.257","-22,986,798.68","607,860,000","405,966,010.733","131,579,234.973","-41,035,971.223","119,032,258.065","25,726,890.756","-23,815,384.615","57,654,088.05","24,050,000","88,864,864.865","69,358,024.691","4,375,000","118,598,360.656","191,685,483.871","133,435,294.118","271,346,405.229","186,284,345.048","263,195,583.596","235,803,617.571","144,483,516.484","223,021,447.721","159,550,387.597","98,636,363.636","120,000,000","88,628,571.429","60,137,614.679","73,037,037.037","103,727,272.727","110,200,000","95,691,860.465","46,454,545.455","100,714,257.162","130,267,379.679","114,515,527.95","135,603,603.604","255,510,921.502","286,275,167.785","251,735,751.295","218,359,756.098","190,307,957.286","144,593,134.195","136,324,230.387","132,328,921.569","110,755,971.731","56,640,000","147,972,824.091","137,374,376.417","61,078,150.573","84,316,798.059","92,900,000","78,349,287.322","9,741,779.825","46,555,223.881","61,757,746.479","49,321,762.35","80,526,101.695","84,649,151.292","105,192,430.279","110,734,465.534","-187,721,259.08","136,110,958.35","142,384,131.612",,,,,,,,,,,,,,,
InterestIncome,"5,000,000","1,000,000","1,000,000","2,000,000","1,000,000","0","2,000,000","2,000,000","1,000,000","8,000,000","6,000,000","6,000,000","10,000,000","24,000,000","13,000,000","11,000,000","12,000,000","10,000,000","11,000,000","9,000,000","9,000,000","9,000,000","15,000,000","10,000,000","9,000,000","27,000,000","4,000,000","2,000,000","3,000,000","10,000,000","7,000,000","11,000,000","9,000,000","16,000,000","21,000,000","10,000,000","11,000,000","14,000,000","15,000,000","11,000,000","12,000,000","12,000,000","15,000,000","9,000,000","11,000,000","26,000,000","22,000,000","17,000,000","12,000,000","-10,000,000","25,000,000","23,000,000","15,000,000",,,,,,,,,,,,,,,,,,,,,,,,,,,,,,,,,,,,,,,,,,,,,,,,,,,,,,,,,,,,,,,,,,,,,,,,,,,,,,,,,,,,,,,,,,,,,,
InterestExpense,"313,000,000","77,000,000","79,000,000","78,000,000","79,000,000","144,000,000","111,000,000","103,000,000","85,000,000","89,000,000","91,000,000","91,000,000","107,000,000","97,000,000","93,000,000","92,000,000","93,000,000","96,000,000","98,000,000","100,000,000","99,000,000","108,000,000","114,000,000","114,000,000","97,000,000","88,000,000","88,000,000","88,000,000","83,000,000","90,000,000","88,000,000","83,000,000","83,000,000","113,000,000","95,000,000","81,000,000","82,000,000","88,000,000","87,000,000","86,000,000","87,000,000","88,000,000","86,000,000","117,000,000","93,000,000","125,000,000","104,000,000","111,000,000","112,000,000","90,000,000","115,000,000","114,000,000","106,000,000",,,,,,,,,,,,,,,,,,,,,,,,,,,,,,,,,,,,,,,,,,,,,,,,,,,,,,,,,,,,,,,,,,,,,,,,,,,,,,,,,,,,,,,,,,,,,,
NetInterestIncome,"-308,000,000","-76,000,000","-78,000,000","-76,000,000","-78,000,000","-144,000,000","-109,000,000","-101,000,000","-84,000,000","-81,000,000","-85,000,000","-85,000,000","-97,000,000","-73,000,000","-80,000,000","-81,000,000","-81,000,000","-86,000,000","-87,000,000","-91,000,000","-90,000,000","-99,000,000","-99,000,000","-104,000,000","-88,000,000","-61,000,000","-84,000,000","-86,000,000","-80,000,000","-80,000,000","-81,000,000","-72,000,000","-74,000,000","-97,000,000","-74,000,000","-71,000,000","-71,000,000","-74,000,000","-72,000,000","-75,000,000","-75,000,000","-76,000,000","-71,000,000","-108,000,000","-82,000,000","-99,000,000","-82,000,000","-94,000,000","-100,000,000","-100,000,000","-90,000,000","-91,000,000","-91,000,000",,,,,,,,,,,,,,,,,,,,,,,,,,,,,,,,,,,,,,,,,,,,,,,,,,,,,,,,,,,,,,,,,,,,,,,,,,,,,,,,,,,,,,,,,,,,,,
EBIT,"3,629,000,000","605,000,000","645,000,000","1,430,000,000","949,000,000","455,000,000","503,000,000","235,000,000","232,000,000","76,000,000","193,000,000","182,000,000","-286,000,000","-17,000,000","333,000,000","474,000,000","392,000,000","470,000,000","201,000,000","158,000,000","280,000,000","195,000,000","298,000,000","275,000,000","198,000,000","139,000,000","263,000,000","245,000,000","203,000,000","304,000,000","325,000,000","411,000,000","333,000,000","-81,000,000","298,000,000","321,000,000","267,000,000","270,000,000","217,000,000","187,000,000","113,000,000","143,000,000","115,000,000","136,000,000","249,000,000","89,000,000","195,000,000","132,000,000","132,000,000","-192,000,000","145,000,000","-34,000,000","-336,000,000","-1,403,000,000","-344,000,000","-344,000,000","-191,000,000","106,000,000","218,000,000","168,000,000","56,000,000","708,000,000","368,000,000","496,000,000","-408,000,000","-369,000,000","435,000,000","674,000,000","530,000,000","523,000,000","1,068,000,000","748,000,000","367,000,000","482,000,000","328,000,000","438,000,000","150,000,000","530,000,000","194,000,000","299,000,000","207,000,000","182,000,000","189,000,000","309,000,000","227,000,000","341,000,000","425,000,000","491,000,000","465,000,000","305,000,000","414,000,000","318,000,000","225,000,000","195,000,000","225,000,000","161,000,000","188,000,000","235,000,000","243,000,000","227,000,000","153,000,000","232,000,000","286,000,000","262,000,000","287,000,000","468,000,000","534,000,000","472,000,000","419,000,000","362,900,000","294,200,000","281,500,000","281,200,000","225,600,000","183,300,000","292,200,000","280,400,000","167,700,000","204,400,000","224,000,000","209,600,000","107,600,000","151,900,000","187,100,000","173,800,000","227,400,000","231,600,000","263,500,000","280,400,000","-191,600,000","344,900,000","372,700,000","2,321,300,000","-6,146,900,000","2,480,000,000","2,480,000,000","2,480,000,000","-4,484,300,000","1,819,900,000","1,769,100,000","1,617,300,000","-3,801,600,000","1,397,300,000","1,497,400,000","1,306,700,000","-3,696,000,000","1,291,800,000"
EBITDA,"4,106,000,000"
ReconciledCostOfRevenue,"6,103,000,000","1,501,000,000","1,589,000,000","1,583,000,000","1,430,000,000","1,392,000,000","1,390,000,000","1,283,000,000","1,382,000,000","1,301,000,000","1,399,000,000","1,390,000,000","1,322,000,000","1,345,000,000","1,452,000,000","1,447,000,000","1,348,000,000","1,316,000,000","1,374,000,000","1,336,000,000","1,272,000,000","1,265,000,000","1,314,000,000","1,258,000,000","1,475,000,000","1,390,000,000","1,445,000,000","1,474,000,000","1,385,000,000","1,399,000,000","1,504,000,000","1,499,000,000","1,556,000,000","1,784,000,000","1,728,000,000","1,664,000,000","1,533,000,000","1,580,000,000","1,424,000,000","1,516,000,000","1,290,000,000","1,317,000,000","1,283,000,000","1,343,000,000","1,324,000,000","1,689,000,000","1,210,000,000","1,364,000,000","1,129,000,000","1,205,000,000","1,145,000,000","1,214,000,000","1,129,000,000","1,648,000,000","1,783,000,000","1,837,000,000","1,710,000,000","3,167,000,000","3,296,000,000","3,500,000,000","3,113,000,000","4,549,000,000","4,128,000,000","4,391,000,000","4,200,000,000","4,571,000,000","4,335,000,000","4,371,000,000","4,072,000,000","4,820,000,000","3,971,000,000","4,303,000,000","3,875,000,000","4,168,000,000","4,022,000,000","3,927,000,000","3,682,000,000","3,578,000,000","3,957,000,000","3,863,000,000","3,139,000,000","2,717,000,000","2,980,000,000","2,939,000,000","2,744,000,000","3,454,000,000","2,815,000,000","3,170,000,000","2,922,000,000","2,643,000,000","2,303,000,000","2,317,000,000","2,058,000,000","2,168,000,000","2,124,000,000","2,153,000,000","2,039,000,000","2,266,000,000","2,220,000,000","2,248,000,000","2,041,000,000","2,082,000,000","2,143,000,000","2,208,000,000","1,903,000,000","1,900,000,000","2,170,000,000","2,186,000,000","1,941,000,000","1,973,600,000","2,014,300,000","1,944,800,000","1,737,500,000","1,987,400,000","1,686,000,000","1,741,200,000","1,672,500,000","1,730,100,000","1,770,500,000","1,759,000,000","1,630,000,000","1,682,600,000","1,675,100,000","1,735,200,000","1,515,900,000","1,551,000,000","1,655,500,000","1,750,000,000","1,626,200,000","1,843,300,000","1,846,900,000","1,892,400,000",,,,,,,,,,,,,,,
ReconciledDepreciation,"477,000,000","121,000,000","118,000,000","120,000,000","118,000,000","117,000,000","115,000,000","117,000,000","123,000,000","128,000,000","135,000,000","124,000,000","123,000,000","125,000,000","122,000,000","119,000,000","120,000,000","127,000,000","132,000,000","129,000,000","133,000,000","137,000,000","139,000,000","147,000,000","142,000,000","120,000,000","118,000,000","118,000,000","123,000,000","125,000,000","123,000,000","126,000,000","126,000,000","129,000,000","120,000,000","111,000,000","112,000,000","118,000,000","112,000,000","113,000,000","113,000,000","117,000,000","120,000,000","120,000,000","123,000,000","127,000,000","137,000,000","120,000,000","119,000,000","127,000,000","126,000,000","129,000,000","126,000,000","143,000,000","152,000,000","153,000,000","211,000,000","221,000,000","236,000,000","228,000,000","289,000,000","341,000,000","314,000,000","313,000,000","315,000,000","338,000,000","333,000,000","332,000,000","334,000,000","334,000,000","329,000,000","332,000,000","327,000,000","356,000,000","323,000,000","315,000,000","324,000,000","342,000,000","305,000,000","312,000,000","266,000,000","231,000,000","220,000,000","217,000,000","208,000,000","262,000,000","195,000,000","201,000,000","201,000,000","176,000,000","154,000,000","154,000,000","156,000,000","177,000,000","146,000,000","144,000,000","149,000,000","158,000,000","146,000,000","159,000,000","165,000,000","168,000,000","152,000,000","150,000,000","147,000,000","200,000,000","135,000,000","148,000,000","138,000,000","145,000,000","128,700,000","136,800,000","123,500,000","120,700,000","120,700,000","118,100,000","127,400,000","151,200,000","125,800,000","109,000,000","116,700,000","85,700,000","145,400,000","132,700,000","137,500,000","88,200,000","131,600,000","123,600,000","124,900,000","130,200,000","121,900,000","114,600,000",,,,,,,,,,,,,,,
NetIncomeFromContinuingOperationNetMinorityInterest,"2,607,000,000","416,000,000","482,000,000","1,028,000,000","681,000,000","292,000,000","283,000,000","72,000,000","150,000,000","-14,000,000","99,000,000","128,000,000","-289,000,000","-93,000,000","255,000,000","317,000,000","269,000,000","271,000,000","130,000,000","24,000,000","157,000,000","62,000,000","162,000,000","130,000,000","81,000,000","70,000,000","191,000,000","144,000,000","101,000,000","177,000,000","198,000,000","269,000,000","194,000,000","54,000,000","167,000,000","198,000,000","144,000,000","143,000,000","117,000,000","84,000,000","41,000,000","65,000,000","133,000,000","23,000,000","99,000,000","171,000,000","1,116,000,000","14,000,000","-20,000,000","-175,000,000","0","-106,000,000","-264,000,000","-1,177,000,000","-200,000,000","-207,000,000","-229,000,000","-44,000,000","74,000,000","37,000,000","-16,000,000","456,000,000","185,000,000","300,000,000","-580,000,000","-241,000,000","286,000,000","299,000,000","238,000,000","199,000,000","594,000,000","369,000,000","121,000,000","92,000,000","82,000,000","157,000,000","-43,000,000","103,000,000","13,000,000","72,000,000","53,000,000","-15,000,000","91,000,000","171,000,000","107,000,000","194,000,000","199,000,000","203,000,000","244,000,000","173,000,000","237,000,000","164,000,000","42,000,000","30,000,000","110,000,000","69,000,000","85,000,000","98,000,000","114,000,000","109,000,000","21,000,000","98,100,000","120,000,000","103,000,000","142,000,000","250,900,000","95,000,000","246,000,000","207,000,000","189,200,000","144,400,000","128,900,000","126,500,000","101,700,000","66,600,000","181,500,000","177,400,000","85,300,000","107,200,000","92,900,000","86,600,000","-273,300,000","50,400,000","69,600,000","52,400,000","58,800,000","90,600,000","114,300,000","130,100,000","-128,700,000","166,800,000","154,900,000",,,,,,,,,,,,,,,
TotalUnusualItemsExcludingGoodwill,"46,000,000","23,000,000","32,000,000","-4,000,000","-5,000,000","187,000,000","-85,000,000","-3,000,000","-4,000,000","36,000,000","-26,000,000","-7,000,000","-28,000,000","-1,000,000","-11,000,000","-25,000,000","-7,000,000","72,000,000","-204,000,000","-152,000,000","-12,000,000","-29,000,000","-11,000,000","-23,000,000","-71,000,000","-47,000,000","-21,000,000","12,000,000","-41,000,000","12,000,000","1,000,000","50,000,000","33,000,000","-390,000,000","1,000,000","-3,000,000","-2,000,000","119,000,000","-10,000,000","49,000,000","-4,000,000","50,000,000","-55,000,000","12,000,000","170,000,000","-81,000,000","-17,000,000","-63,000,000","-2,000,000","-264,000,000","-149,000,000","-125,000,000","-168,000,000","-906,000,000","-295,000,000","-360,000,000","-128,000,000","-165,000,000","-56,000,000","-42,000,000","-26,000,000","382,000,000","-25,000,000","-18,000,000","-744,000,000","-818,000,000","118,000,000","-9,000,000","-19,000,000","338,000,000","-21,000,000","-56,000,000","-16,000,000","201,000,000","-56,000,000","199,000,000","-29,000,000","70,000,000","-17,000,000","-26,000,000","-25,000,000","-31,000,000","-37,000,000","-30,000,000","-42,000,000","-122,000,000","20,000,000","-94,000,000","13,000,000","45,000,000","22,000,000","7,000,000","-89,000,000","-132,000,000","34,000,000","14,000,000","19,000,000","-9,000,000","6,000,000","21,000,000","-40,000,000","-4,000,000","-16,000,000","-18,000,000","10,000,000","-7,000,000","-300,000,000","-9,000,000","-18,000,000","-1,700,000","-300,000","-11,600,000","-9,400,000","-12,600,000","16,600,000","50,300,000","59,700,000","34,700,000","35,200,000",,"12,700,000","-427,100,000","4,600,000","11,200,000","4,400,000","-32,700,000","8,900,000","14,000,000","29,800,000","94,700,000","45,500,000","19,400,000",,,,,,,,,,,,,,,
TotalUnusualItems,"46,000,000","23,000,000","32,000,000","-4,000,000","-5,000,000","187,000,000","-85,000,000","-3,000,000","-4,000,000","36,000,000","-26,000,000","-7,000,000","-28,000,000","-1,000,000","-11,000,000","-25,000,000","-7,000,000","72,000,000","-204,000,000","-152,000,000","-12,000,000","-29,000,000","-11,000,000","-23,000,000","-71,000,000","-47,000,000","-21,000,000","12,000,000","-41,000,000","12,000,000","1,000,000","50,000,000","33,000,000","-390,000,000","1,000,000","-3,000,000","-2,000,000","119,000,000","-10,000,000","49,000,000","-4,000,000","50,000,000","-55,000,000","12,000,000","170,000,000","-81,000,000","-17,000,000","-63,000,000","-2,000,000","-264,000,000","-149,000,000","-125,000,000","-168,000,000","-906,000,000","-295,000,000","-360,000,000","-128,000,000","-165,000,000","-56,000,000","-42,000,000","-26,000,000","382,000,000","-25,000,000","-18,000,000","-744,000,000","-818,000,000","118,000,000","-9,000,000","-19,000,000","338,000,000","-21,000,000","-56,000,000","-16,000,000","201,000,000","-56,000,000","199,000,000","-29,000,000","70,000,000","-17,000,000","-26,000,000","-25,000,000","-31,000,000","-37,000,000","-30,000,000","-42,000,000","-122,000,000","20,000,000","-94,000,000","13,000,000","45,000,000","22,000,000","7,000,000","-89,000,000","-132,000,000","34,000,000","14,000,000","19,000,000","-9,000,000","6,000,000","21,000,000","-40,000,000","-4,000,000","-16,000,000","-18,000,000","10,000,000","-7,000,000","-300,000,000","-9,000,000","-18,000,000","-1,700,000","-300,000","-11,600,000","-9,400,000","-12,600,000","16,600,000","50,300,000","59,700,000","34,700,000","35,200,000",,"12,700,000","-427,100,000","4,600,000","11,200,000","4,400,000","-32,700,000","8,900,000","14,000,000","29,800,000","94,700,000","45,500,000","19,400,000",,,,,,,,,,,,,,,
NormalizedEBITDA,"4,060,000,000","703,000,000","731,000,000","1,554,000,000","1,072,000,000","385,000,000","703,000,000","355,000,000","359,000,000","168,000,000","354,000,000","313,000,000","-135,000,000","109,000,000","466,000,000","618,000,000","519,000,000","525,000,000","537,000,000","439,000,000","425,000,000","361,000,000","448,000,000","445,000,000","411,000,000","306,000,000","402,000,000","351,000,000","367,000,000","417,000,000","447,000,000","487,000,000","426,000,000","438,000,000","417,000,000","435,000,000","381,000,000","269,000,000","339,000,000","251,000,000","230,000,000","210,000,000","290,000,000","244,000,000","202,000,000","297,000,000","349,000,000","315,000,000","253,000,000","199,000,000","420,000,000","220,000,000","-42,000,000","-354,000,000","104,000,000","169,000,000","148,000,000","492,000,000","510,000,000","438,000,000","371,000,000","667,000,000","708,000,000","827,000,000","651,000,000","787,000,000","650,000,000","1,015,000,000","883,000,000","519,000,000","1,418,000,000","1,136,000,000","710,000,000","637,000,000","707,000,000","554,000,000","503,000,000","802,000,000","516,000,000","637,000,000","498,000,000","444,000,000","446,000,000","556,000,000","477,000,000","725,000,000","600,000,000","786,000,000","653,000,000","436,000,000","546,000,000","465,000,000","470,000,000","504,000,000","337,000,000","291,000,000","318,000,000","402,000,000","383,000,000","365,000,000","358,000,000","404,000,000","454,000,000","430,000,000","424,000,000","675,000,000","969,000,000","629,000,000","575,000,000","509,600,000","424,200,000","429,900,000","414,100,000","358,900,000","287,400,000","360,000,000","348,100,000","284,200,000","295,000,000","336,900,000","313,600,000","620,400,000","292,700,000","311,000,000","306,900,000","348,300,000","354,300,000","373,800,000","375,500,000","-156,100,000","421,300,000","467,900,000","2,321,300,000","-6,146,900,000","2,480,000,000","2,480,000,000","2,480,000,000","-4,484,300,000","1,819,900,000","1,769,100,000","1,617,300,000","-3,801,600,000","1,397,300,000","1,497,400,000","1,306,700,000","-3,696,000,000","1,291,800,000"
TaxRateForCalcs,"0.214","0.212","0.148","0.24","0.217","0.061","0.278","0.27","0.27","0.27","0.029","0.27","0.265","0.184","0.27","0.17","0.1","0.275","0.4","0.4","0.133","0.287","0.12","0.193","0.198","0.4","0.4","0.083","0.158","0.173","0.165","0.18","0.224","0.35","0.177","0.175","0.222","0.22","0.1","0.168","0.35","0.35","0.35","0.35","0.365","0.35","0.35","0.333","0.35","0.358","0.35","0.216","0.398","0.211","0.35","0.35","0.374","0.35","0.357","0.327","0.35","0.318","0.325","0.215","0.4","0.388","0.296","0.4","0.35","0.343","0.34","0.34","0.339","0.338","0.339","0.34","0.338","0.352","0.35","0.351","0.346","0.375","0.254","0.31","0.371","0.366","0.364","0.36","0.37","0.366","0.365","0.364","0.364","0.318","0.371","0.367","0.37","0.364","0.367","0.366","0.364","0.346","0.358","0.36","0.36","0.341","0.362","0.363","0.369","0.348","0.356","0.36","0.38","0.281","0.4","0.333","0.33","0.302","0.35","0.35","0.35","0.337","0.164","0.3","0.3","0.336","0.331","0.349","0.35","0.377","0.326","0.355",,,,,,,,,,,,,,,
TaxEffectOfUnusualItems,"9,844,000","4,878,787.879","4,749,116.608","-958,579.882","-1,086,206.897","11,424,437.299","-23,635,204.082","-810,000","-1,080,000","9,720,000","-764,705.882","-1,890,000","-7,409,669.211","-184,210.526","-2,970,000","-4,253,926.702","-702,341.137","19,828,877.005","-81,600,000","-60,800,000","-1,591,160.221","-8,333,333.333","-1,315,217.391","-4,428,571.429","-14,059,405.941","-18,800,000","-8,400,000","993,630.573","-6,491,666.667","2,074,766.355","164,556.962","8,993,902.439","7,392,000","-136,500,000","177,339.901","-525,000","-443,243.243","26,153,846.154","-1,000,000","8,247,524.752","-1,400,000","17,500,000","-19,250,000","4,200,000","62,115,384.615","-28,350,000","-5,950,000","-21,000,000","-700,000","-94,553,191.489","-52,150,000","-27,027,027.027","-66,895,927.602","-190,800,804.829","-103,250,000","-126,000,000","-47,912,568.306","-57,750,000","-19,965,217.391","-13,745,454.545","-9,100,000","121,623,318.386","-8,120,437.956","-3,863,874.346","-297,600,000","-317,649,746.193","34,876,847.291","-3,600,000","-6,644,808.743","116,013,201.32","-7,140,000","-19,033,989.267","-5,420,765.027","67,964,028.777","-18,967,741.935","67,726,890.756","-9,815,384.615","24,654,088.05","-5,950,000","-9,135,135.135","-8,641,975.309","-11,625,000","-9,401,639.344","-9,314,516.129","-15,564,705.882","-44,653,594.771","7,284,345.048","-33,804,416.404","4,803,617.571","16,483,516.484","8,021,447.721","2,550,387.597","-32,363,636.364","-42,000,000","12,628,571.429","5,137,614.679","7,037,037.037","-3,272,727.273","2,200,000","7,691,860.465","-14,545,454.545","-1,385,742.838","-5,732,620.321","-6,484,472.05","3,603,603.604","-2,389,078.498","-108,724,832.215","-3,264,248.705","-6,640,243.902","-592,042.714","-106,865.805","-4,175,769.613","-3,571,078.431","-3,544,028.269","6,640,000","16,772,824.091","19,674,376.417","10,478,150.573","12,316,798.059","0","4,449,287.322","-144,058,220.175","755,223.881","3,357,746.479","1,321,762.35","-10,973,898.305","2,949,151.292","4,892,430.279","10,434,465.534","35,678,740.92","14,810,958.35","6,884,131.612",,,,,,,,,,,,,,,