name,ttm,12/31/2021,09/30/2021,06/30/2021,03/31/2021,12/31/2020,09/30/2020,06/30/2020,03/31/2020,12/31/2019,09/30/2019,06/30/2019,03/31/2019,12/31/2018,09/30/2018,06/30/2018,03/31/2018,12/31/2017,09/30/2017,06/30/2017,03/31/2017,12/31/2016,09/30/2016,06/30/2016,03/31/2016,12/31/2015,09/30/2015,06/30/2015,03/31/2015,12/31/2014,09/30/2014,06/30/2014,03/31/2014,12/31/2013,09/30/2013,06/30/2013,03/31/2013,12/31/2012,09/30/2012,06/30/2012,03/31/2012,12/31/2011,09/30/2011,06/30/2011,03/31/2011,12/31/2010,09/30/2010,06/30/2010,03/31/2010,12/31/2009,09/30/2009,06/30/2009,03/31/2009,12/31/2008,09/30/2008,06/30/2008,03/31/2008,12/31/2007,09/30/2007,06/30/2007,03/31/2007,12/31/2006,09/30/2006,06/30/2006,03/31/2006,12/31/2005,09/30/2005,06/30/2005,03/31/2005,12/31/2004,09/30/2004,06/30/2004,03/31/2004,12/31/2003,09/30/2003,06/30/2003,03/31/2003,12/31/2002,09/30/2002,06/30/2002,03/31/2002,12/31/2001,09/30/2001,06/30/2001,03/31/2001,12/31/2000,09/30/2000,06/30/2000,03/31/2000,12/31/1999,09/30/1999,06/30/1999,03/31/1999,12/31/1998,09/30/1998,06/30/1998,03/31/1998,12/31/1997,09/30/1997,06/30/1997,03/31/1997,12/31/1996,09/30/1996,06/30/1996,03/31/1996,12/31/1995,09/30/1995,06/30/1995,03/31/1995,12/31/1994,09/30/1994,06/30/1994,03/31/1994,12/31/1993,09/30/1993,06/30/1993,03/31/1993,12/31/1992,09/30/1992,06/30/1992,03/31/1992,12/31/1991,09/30/1991,06/30/1991,03/31/1991,12/31/1990,09/30/1990,06/30/1990,03/31/1990,12/31/1989,09/30/1989,06/30/1989,03/31/1989,12/31/1988,09/30/1988,06/30/1988,03/31/1988,12/31/1987,09/30/1987,06/30/1987,03/31/1987,12/31/1986,09/30/1986,06/30/1986,03/31/1986,12/31/1985,09/30/1985
TotalRevenue,"13,431,000,000","3,355,000,000","3,467,000,000","3,068,000,000","3,541,000,000","2,947,000,000","3,182,000,000","2,586,000,000","2,811,000,000","2,798,000,000","3,013,000,000","2,577,000,000","3,141,000,000","2,880,000,000","3,048,000,000","2,658,000,000","2,951,000,000","2,795,753,000","3,016,897,000","2,644,928,000","2,946,422,000","2,794,651,000","3,040,147,000","2,499,849,000","2,772,273,000","2,645,821,000","2,901,312,000","2,515,134,000","2,962,219,000","2,928,628,000","2,869,807,000","2,685,096,000","3,202,604,000","2,730,822,000","2,822,338,000","2,578,913,000","2,782,849,000","2,551,135,000","2,724,341,000","2,274,668,000","2,578,079,000","2,568,410,000","2,831,598,000","2,438,222,000","2,816,540,000","2,566,934,000","2,628,787,000","2,307,764,000","2,807,462,000","2,618,116,000","2,314,562,000","2,016,083,000","2,695,542,000","2,707,573,000","2,851,680,000","2,615,515,000","3,028,388,000","2,603,219,000","2,399,997,000","2,267,292,000","2,763,662,000","2,466,736,000","2,411,591,000","2,073,873,000","2,888,104,000","2,884,938,000","2,286,123,000","2,067,017,000","2,399,689,000","2,259,361,000","2,008,612,000","1,807,351,000","2,290,585,000","1,962,195,000","2,057,724,000","1,771,015,000","2,720,352,000","2,283,601,000","2,536,089,000","3,427,967,000","3,317,587,000","3,118,535,000","3,763,474,000","3,636,755,000","4,207,106,000","4,636,313,000","2,562,719,000","679,051,000","793,005,000","652,900,000","813,400,000","659,400,000","743,200,000","712,800,000","766,400,000","638,700,000","701,300,000","699,600,000","697,500,000","594,300,000","742,500,000","710,000,000","633,300,000","592,300,000","718,700,000","652,800,000","664,900,000","589,700,000","661,200,000","608,700,000","612,300,000","582,000,000","683,400,000","630,000,000","588,000,000","545,300,000","640,800,000","572,000,000","523,400,000","500,300,000","563,800,000","533,500,000","589,200,000","501,500,000","577,000,000","431,200,000","554,900,000","494,800,000","583,600,000","499,600,000","483,000,000","446,500,000","560,600,000","484,000,000","530,300,000","442,800,000","549,400,000","428,800,000","470,300,000","398,700,000","472,500,000","421,100,000","432,700,000","387,200,000","540,600,000","465,800,000","389,900,000"
	OperatingRevenue,"13,337,000,000","3,330,000,000","3,444,000,000","3,046,000,000","3,517,000,000","2,926,000,000","3,160,000,000","2,566,000,000","2,786,000,000","2,774,000,000","2,993,000,000","2,557,000,000","3,119,000,000","2,858,000,000","3,029,000,000","2,640,000,000","2,932,000,000","2,775,559,000","2,997,822,000","2,627,856,000","2,924,763,000","2,775,424,000","3,021,920,000","2,483,041,000","2,750,808,000","2,626,118,000","2,883,499,000","2,497,591,000","2,940,859,000","2,907,465,000","2,853,000,000","2,666,765,000","3,181,398,000","2,710,451,000","2,805,283,000","2,561,198,000","2,761,792,000","2,477,582,000","2,724,341,000","2,274,668,000","2,578,079,000","2,568,410,000","2,831,598,000","2,438,222,000","2,816,540,000","2,566,934,000","2,628,787,000","2,307,764,000","2,807,462,000","2,618,116,000","2,314,562,000","2,016,083,000","2,695,542,000","2,707,573,000","2,851,680,000","2,615,515,000","3,028,388,000","2,603,219,000","2,399,997,000","2,267,292,000","2,763,662,000","2,466,736,000","2,411,591,000","2,073,873,000","2,888,104,000","2,884,938,000","2,286,123,000","2,067,017,000","2,399,689,000","2,259,361,000","2,008,612,000","1,807,351,000","2,290,585,000","1,962,195,000","2,057,724,000","1,771,015,000","2,720,352,000","2,283,601,000","2,536,089,000","3,427,967,000","3,317,587,000","3,118,535,000","3,763,474,000","3,636,755,000","4,207,106,000","4,636,313,000","2,562,719,000","679,051,000","793,005,000","652,900,000","813,400,000","659,400,000","743,200,000","712,800,000","766,400,000","638,700,000","701,300,000","699,600,000","697,500,000","594,300,000","742,500,000","710,000,000","633,300,000","592,300,000","718,700,000","652,800,000","664,900,000","589,700,000","661,200,000","608,700,000","612,300,000","582,000,000","683,400,000","630,000,000","588,000,000","545,300,000","640,800,000","572,000,000","523,400,000","500,300,000","563,800,000","533,500,000","589,200,000","501,500,000","577,000,000","431,200,000","554,900,000","494,800,000","583,600,000","499,600,000","483,000,000","446,500,000","560,600,000","484,000,000","530,300,000","442,800,000","549,400,000","428,800,000","470,300,000","398,700,000","472,500,000","421,100,000","432,700,000","387,200,000","540,600,000","465,800,000","389,900,000"
CostOfRevenue,"8,173,000,000","2,147,000,000","1,875,000,000","1,874,000,000","2,277,000,000","1,790,000,000","1,625,000,000","1,477,000,000","1,670,000,000","1,689,000,000","1,596,000,000","1,521,000,000","2,000,000,000","1,885,000,000","1,700,000,000","1,625,000,000","1,872,000,000","1,791,750,000","1,620,148,000","1,619,730,000","1,885,372,000","1,798,548,000","1,703,486,000","1,551,349,000","1,759,624,000","1,726,452,000","1,654,984,000","1,633,815,000","2,018,382,000","2,089,860,000","1,755,602,000","1,845,469,000","2,260,421,000","1,980,335,000","1,755,636,000","1,770,247,000","1,902,060,000","3,406,910,000","1,063,820,000","950,076,000","1,289,230,000","1,298,935,000","1,244,513,000","1,159,360,000","1,483,259,000","1,321,888,000","1,186,200,000","1,117,755,000","1,577,283,000","1,433,026,000","1,058,656,000","947,476,000","1,521,879,000","1,610,510,000","1,669,739,000","1,589,222,000","1,088,080,000","1,521,701,000","1,191,089,000","1,251,473,000","979,571,000","996,251,000","1,160,896,000","951,214,000","994,695,000","1,127,372,000","1,121,154,000","912,400,000","761,408,000","750,199,000","888,845,000","723,022,000","678,693,000","660,307,000","816,554,000","640,904,000","592,690,000","2,761,591,000","618,442,000","544,405,000","488,114,000","6,896,084,000","940,161,000","827,430,000","779,665,000","3,535,164,000","1,172,651,000","233,363,000","323,952,000","253,700,000","294,400,000","223,700,000","280,200,000","250,500,000","234,600,000","209,500,000","261,700,000","260,200,000","193,100,000","182,600,000","291,600,000","258,700,000","165,700,000","180,500,000","271,800,000","215,600,000","187,600,000","189,400,000","234,400,000","202,700,000","183,200,000","194,100,000","254,300,000",,,,,,,,,,,,,,,,,,,,,,,,,,,,,,,,,,
GrossProfit,"5,258,000,000","1,208,000,000","1,592,000,000","1,194,000,000","1,264,000,000","1,157,000,000","1,557,000,000","1,109,000,000","1,141,000,000","1,109,000,000","1,417,000,000","1,056,000,000","1,141,000,000","995,000,000","1,348,000,000","1,033,000,000","1,079,000,000","1,004,003,000","1,396,749,000","1,025,198,000","1,061,050,000","996,103,000","1,336,661,000","948,500,000","1,012,649,000","919,369,000","1,246,328,000","881,319,000","943,837,000","838,768,000","1,114,205,000","839,627,000","942,183,000","750,487,000","1,066,702,000","808,666,000","880,789,000","-855,775,000","1,660,521,000","1,324,592,000","1,288,849,000","1,269,475,000","1,587,085,000","1,278,862,000","1,333,281,000","1,245,046,000","1,442,587,000","1,190,009,000","1,230,179,000","1,185,090,000","1,255,906,000","1,068,607,000","1,173,663,000","1,097,063,000","1,181,941,000","1,026,293,000","1,940,308,000","1,081,518,000","1,208,908,000","1,015,819,000","1,784,091,000","1,470,485,000","1,250,695,000","1,122,659,000","1,893,409,000","1,757,566,000","1,164,969,000","1,154,617,000","1,638,281,000","1,509,162,000","1,119,767,000","1,084,329,000","1,611,892,000","1,301,888,000","1,241,170,000","1,130,111,000","2,127,662,000","-477,990,000","1,917,647,000","2,883,562,000","2,829,473,000","-3,777,549,000","2,823,313,000","2,809,325,000","3,427,441,000","1,101,149,000","1,390,068,000","445,688,000","469,053,000","399,200,000","519,000,000","435,700,000","463,000,000","462,300,000","531,800,000","429,200,000","439,600,000","439,400,000","504,400,000","411,700,000","450,900,000","451,300,000","467,600,000","411,800,000","446,900,000","437,200,000","477,300,000","400,300,000","426,800,000","406,000,000","429,100,000","387,900,000","429,100,000",,,,,,,,,,,,,,,,,,,,,,,,,,,,,,,,,,
OperatingExpense,"3,055,000,000","775,000,000","767,000,000","756,000,000","757,000,000","731,000,000","744,000,000","687,000,000","686,000,000","659,000,000","659,000,000","646,000,000","655,000,000","655,000,000","652,000,000","585,000,000","599,000,000","578,724,000","578,918,000","566,528,000","575,830,000","531,558,000","510,755,000","517,839,000","523,279,000","480,632,000","459,827,000","458,696,000","595,037,000","449,778,000","448,942,000","444,857,000","449,999,000","427,265,000","403,975,000","407,837,000","428,304,000","-1,164,807,000","940,087,000","918,902,000","908,687,000","925,474,000","935,589,000","919,420,000","906,618,000","922,676,000","873,957,000","864,705,000","826,514,000","831,831,000","790,758,000","789,239,000","802,866,000","744,220,000","733,947,000","766,457,000","1,610,190,000","795,732,000","713,138,000","725,272,000","1,505,963,000","1,241,002,000","840,592,000","898,001,000","1,580,660,000","1,507,011,000","800,244,000","952,112,000","1,363,757,000","1,294,358,000","781,710,000","891,978,000","1,297,769,000","1,056,069,000","880,163,000","963,938,000","1,820,088,000","-971,750,000","4,458,603,000","2,538,001,000","2,501,555,000","-3,911,610,000","2,161,651,000","2,434,227,000","2,957,648,000","919,490,000","984,786,000","350,607,000","357,320,000","183,600,000","396,500,000","380,500,000","332,800,000","231,700,000","396,900,000","364,000,000","360,600,000","331,000,000","333,100,000","375,200,000","362,400,000","189,300,000","362,100,000","340,900,000","357,600,000","211,500,000","365,600,000","332,100,000","339,000,000","208,800,000","340,100,000","322,200,000","343,400,000",,,,,,,,,,,,,,,,,,,,,,,,,,,,,,,,,,
	SellingGeneralAndAdministration,,,,,,,,,,,,,,,"0","2,000,000","0","451,000","528,000","1,022,000","999,000","805,000","1,148,000","920,000","500,000","2,273,000","-689,000","222,000","2,045,000","2,260,000","417,000","2,438,000","1,808,000","2,360,000","2,386,000","1,407,000","2,139,000","-183,877,000","68,920,000","58,615,000","63,707,000","69,303,000","71,280,000","65,497,000","75,298,000","65,376,000","60,861,000","55,551,000","58,039,000","48,319,000","47,157,000","41,417,000","45,219,000",,,,,,,,,,,,,,,,,,,,,,,,,,,,,,,,,,,"32,899,000","38,100,000","27,300,000","34,300,000","35,200,000","30,600,000","38,900,000","36,900,000","36,500,000","37,800,000","33,300,000","37,500,000","36,300,000","34,600,000","32,100,000","41,200,000","40,400,000","34,900,000","57,300,000","45,300,000","39,700,000","43,700,000","51,300,000","48,300,000","45,100,000","49,200,000",,,,,,,,,,,,,,,,,,,,,,,,,,,,,,,,,,
		GeneralAndAdministrativeExpense,,,,,,,,,,,,,,,,"2,000,000",,"451,000","528,000","1,022,000","999,000","805,000","1,148,000","920,000","500,000","2,273,000","-689,000","222,000","2,045,000","2,260,000","417,000","2,438,000","1,808,000","2,360,000","2,386,000","1,407,000","2,139,000",,,,,,,,,,,,,,,,,,,,,,,,,,,,,,,,,,,,,,,,,,,,,,,,,,,,,,,,,,,,,,,,,,,,,,,,,,,,,,,,,,,,,,,,,,,,,,,,,,,,,,,,,,,,,,
			InsuranceAndClaims,,,,,,,,,,,,,,,"0","2,000,000","0","451,000","528,000","1,022,000","999,000","805,000","1,148,000","920,000","500,000","2,273,000","-689,000","222,000","2,045,000","2,260,000","417,000","2,438,000","1,808,000","2,360,000","2,386,000","1,407,000","2,139,000",,,,,,,,,,,,,,,,,,,,,,,,,,,,,,,,,,,,,,,,,,,,,,,,,,,,,,,,,,,,,,,,,,,,,,,,,,,,,,,,,,,,,,,,,,,,,,,,,,,,,,,,,,,,,,
	DepreciationAmortizationDepletionIncomeStatement,"2,121,000,000","535,000,000","537,000,000","528,000,000","521,000,000","499,000,000","513,000,000","473,000,000","463,000,000","446,000,000","447,000,000","439,000,000","433,000,000","443,000,000","440,000,000","377,000,000","383,000,000","376,985,000","371,091,000","365,720,000","365,204,000","332,146,000","328,503,000","322,534,000","320,020,000","296,703,000","280,121,000","274,602,000","273,098,000","262,400,000","255,395,000","255,307,000","245,943,000","256,732,000","228,491,000","243,934,000","248,706,000","231,689,000","239,051,000","226,641,000","228,672,000","194,303,000","242,329,000","229,264,000","224,723,000","219,579,000","221,671,000","211,506,000","206,126,000","208,767,000","198,222,000","202,348,000","208,715,000","205,867,000","209,131,000","207,774,000","219,288,000","207,403,000","191,663,000","214,694,000","213,413,000","206,916,000","208,657,000","203,665,000","202,660,000","191,853,000","189,798,000","194,076,000","191,789,000","187,708,000","176,903,000","179,864,000","175,771,000","158,266,000","193,793,000","210,051,000","263,473,000","245,311,000","270,899,000","272,496,000","260,544,000","264,237,000","250,578,000","221,075,000","213,310,000","208,825,000","201,073,000","91,688,000","132,671,000","128,700,000","121,100,000","112,400,000","111,600,000","106,000,000","108,600,000","104,900,000","103,800,000","102,700,000","100,600,000","98,800,000","96,800,000","99,100,000","97,100,000","94,000,000","91,200,000","94,200,000","95,000,000","90,600,000","92,300,000","88,500,000","89,200,000","86,000,000","86,300,000",,,,,,,,,,,,,,,,,,,,,,,,,,,,,,,,,,
		DepreciationAndAmortizationInIncomeStatement,"2,121,000,000","535,000,000","537,000,000","528,000,000","521,000,000","499,000,000","513,000,000","473,000,000","463,000,000","446,000,000","447,000,000","439,000,000","433,000,000","443,000,000","440,000,000","377,000,000","383,000,000","376,985,000","371,091,000","365,720,000","365,204,000","332,146,000","328,503,000","322,534,000","320,020,000","296,703,000","280,121,000","274,602,000","273,098,000","262,400,000","255,395,000","255,307,000","245,943,000","256,732,000","228,491,000","243,934,000","248,706,000","231,689,000","239,051,000","226,641,000","228,672,000","194,303,000","242,329,000","229,264,000","224,723,000","219,579,000","221,671,000","211,506,000","206,126,000","208,767,000","198,222,000","202,348,000","208,715,000",,,,,,,,,,,,,,,,,,,,,,,,,,,,,,,,,,,,,,,,,,,,,,,,,,,,,,,,,,,,,,,,,,,,,,,,,,,,,,,,,,,,,,,,,,,,,,
	OtherTaxes,"630,000,000","158,000,000","152,000,000","157,000,000","163,000,000","159,000,000","158,000,000","146,000,000","149,000,000","140,000,000","137,000,000","142,000,000","150,000,000","139,000,000","135,000,000","137,000,000","145,000,000","134,409,000","133,571,000","134,926,000","142,094,000","131,089,000","117,190,000","138,469,000","145,323,000","122,237,000","123,081,000","129,731,000","136,626,000","106,898,000","117,958,000","116,278,000","124,702,000","99,735,000","105,287,000","102,051,000","113,427,000","103,032,000","100,636,000","99,632,000","105,624,000","96,738,000","89,018,000","92,489,000","96,570,000","87,719,000","81,791,000","81,008,000","81,376,000","77,408,000","78,914,000","73,073,000","77,038,000","68,360,000","70,245,000","68,562,000","79,413,000","67,291,000","66,021,000","66,236,000","78,176,000","74,314,000","71,552,000","71,326,000","78,535,000","67,176,000","73,547,000","71,370,000","81,938,000","73,283,000","86,255,000","82,596,000","84,895,000","71,435,000","84,746,000","81,757,000","81,584,000","63,498,000","87,538,000","84,708,000","82,897,000","80,097,000","53,894,000","87,753,000","94,748,000","79,421,000","90,062,000","53,585,000","57,857,000","-62,200,000","115,700,000","50,700,000","51,400,000","-66,000,000","123,300,000","76,800,000","86,500,000","61,700,000","62,100,000","78,800,000","98,400,000","-69,600,000","114,000,000","87,600,000","100,800,000","-60,300,000","114,800,000","85,800,000","98,900,000","-52,100,000","97,700,000","86,900,000","102,100,000",,,,,,,,,,,,,,,,,,,,,,,,,,,,,,,,,,
	OtherOperatingExpenses,"304,000,000","82,000,000","78,000,000","71,000,000","73,000,000","73,000,000","73,000,000","68,000,000","74,000,000","73,000,000","75,000,000","65,000,000","72,000,000","74,000,000","77,000,000","69,000,000","71,000,000","66,879,000","73,728,000","64,860,000","67,533,000","67,518,000","63,914,000","55,916,000","57,436,000","59,419,000","57,314,000","54,141,000","183,268,000","78,220,000","75,172,000","70,834,000","77,546,000","68,438,000","67,811,000","60,445,000","64,032,000","69,285,000","531,480,000","534,014,000","510,684,000","565,130,000","532,962,000","532,170,000","510,027,000",,"509,634,000","516,640,000","480,973,000","497,337,000","466,465,000","472,401,000","471,894,000","469,993,000","454,571,000","490,121,000","1,311,489,000","521,038,000","455,454,000","444,342,000","1,214,374,000","959,772,000","560,383,000","623,010,000","1,299,465,000","1,247,982,000","536,899,000","686,666,000","1,090,030,000","1,033,367,000","518,552,000","629,518,000","1,037,103,000","826,368,000","601,624,000","672,130,000","1,475,031,000","-1,280,559,000","4,100,166,000","2,180,797,000","2,158,114,000","-4,255,944,000","1,857,179,000","2,125,399,000","2,649,590,000","631,244,000","693,651,000","172,435,000","128,692,000","89,800,000","125,400,000","182,200,000","139,200,000","152,800,000","128,100,000","145,800,000","132,500,000","133,300,000","132,900,000","161,300,000","132,600,000","127,700,000","109,800,000","118,900,000","130,700,000","120,300,000","110,500,000","116,000,000","104,100,000","121,100,000","104,900,000","104,200,000","105,800,000",,,,,,,,,,,,,,,,,,,,,,,,,,,,,,,,,,
OperatingIncome,"2,203,000,000","433,000,000","825,000,000","438,000,000","507,000,000","426,000,000","813,000,000","422,000,000","455,000,000","450,000,000","758,000,000","410,000,000","486,000,000","340,000,000","696,000,000","448,000,000","480,000,000","425,279,000","817,831,000","458,670,000","485,220,000","464,545,000","825,906,000","430,661,000","489,370,000","438,737,000","786,501,000","422,623,000","348,800,000","388,990,000","665,263,000","394,770,000","492,184,000","323,222,000","662,727,000","400,829,000","452,485,000","309,032,000","720,434,000","405,690,000","380,162,000","344,001,000","651,496,000","359,442,000","426,663,000","322,370,000","568,630,000","325,304,000","403,665,000","353,259,000","465,148,000","279,368,000","370,797,000","352,843,000","447,994,000","259,836,000","330,118,000","285,786,000","495,770,000","290,547,000","278,128,000","229,483,000","410,103,000","224,658,000","312,749,000","250,555,000","364,725,000","202,505,000","274,524,000","214,804,000","338,057,000","192,351,000","314,123,000","245,819,000","361,007,000","166,173,000","307,574,000","493,760,000","-2,540,956,000","345,561,000","327,918,000","134,061,000","661,662,000","375,098,000","469,793,000","181,659,000","405,282,000","95,081,000","111,733,000","215,600,000","122,500,000","55,200,000","130,200,000","230,600,000","134,900,000","65,200,000","79,000,000","108,400,000","171,300,000","36,500,000","88,500,000","262,000,000","105,500,000","70,900,000","89,300,000","225,700,000","111,700,000","68,200,000","87,800,000","197,200,000","89,000,000","65,700,000","85,700,000","630,000,000","588,000,000","545,300,000","640,800,000","572,000,000","523,400,000","500,300,000","563,800,000","533,500,000","589,200,000","501,500,000","577,000,000","431,200,000","554,900,000","494,800,000","583,600,000","499,600,000","483,000,000","446,500,000","560,600,000","484,000,000","530,300,000","442,800,000","549,400,000","428,800,000","470,300,000","398,700,000","472,500,000","421,100,000","432,700,000","387,200,000","540,600,000","465,800,000","389,900,000"
NetNonOperatingInterestIncomeExpense,"-816,000,000","-206,000,000","-204,000,000","-206,000,000","-200,000,000","-203,000,000","-210,000,000","-196,000,000","-189,000,000","-185,000,000","-192,000,000","-179,000,000","-179,000,000","-175,000,000","-160,000,000","-161,000,000","-155,000,000","-148,106,000","-151,307,000","-154,475,000","-155,112,000","-152,902,000","-156,940,000","-155,312,000","-146,383,000","-145,848,000","-145,223,000","-137,668,000","-134,558,000","-135,073,000","-132,132,000","-127,995,000","-125,653,000","-132,544,000","-134,077,000","-135,007,000","-126,049,000","-131,522,000","-141,460,000","-151,040,000","-146,208,000","-149,984,000","-146,037,000","-137,019,000","-139,581,000","-136,273,000","-133,646,000","-133,637,000","-141,779,000","-124,926,000","-127,040,000","-126,433,000","-129,223,000",,,,,,,,,,,,,,,,,,,,,,,,,,,,,,,,,,,,,,,,,,,,,,,,,,,,,,,,,,,,,,,,,,,,,,,,,,,,,,,,,,,,,,,,,,,,,,
	InterestIncomeNonOperating,,,,,,,,,,,,,,,"4,000,000","3,000,000","5,000,000","7,321,000","5,772,000","2,107,000","3,800,000","1,903,000","1,385,000","984,000","4,070,000","798,000","312,000","389,000","4,238,000","1,029,000","1,139,000","1,292,000","3,893,000","728,000","1,304,000","1,505,000","4,806,000","2,004,000","1,820,000","881,000","5,622,000","2,411,000","1,974,000","1,481,000","4,773,000","2,849,000","4,880,000","1,243,000","2,051,000","6,153,000","2,709,000","3,019,000","2,352,000",,,,,,,,,,,,,,,,,,,,,,,,,,,,,,,,,,,,,,,,,,,,,,,,,,,,,,,,,,,,,,,,,,,,,,,,,,,,,,,,,,,,,,,,,,,,,,
	InterestExpenseNonOperating,"787,000,000","177,000,000","204,000,000","199,000,000","193,000,000","203,000,000","210,000,000","189,000,000","182,000,000","178,000,000","186,000,000","173,000,000","173,000,000","157,000,000","158,000,000","158,000,000","154,000,000","149,084,000","151,156,000","150,706,000","153,054,000","148,661,000","152,265,000","149,666,000","144,117,000","140,290,000","139,275,000","132,196,000","133,098,000","130,260,000","127,534,000","123,673,000","123,754,000","127,195,000","129,361,000","124,283,000","125,046,000","109,439,000","143,280,000","151,921,000","151,830,000","152,395,000","148,011,000","138,500,000","144,354,000","139,122,000","138,526,000","134,880,000","143,830,000","131,079,000","129,749,000","129,452,000","131,575,000",,,,,,,,,,,,,,,,,,,,,,,,,,,,,,,,,,,,,,,,,,,,,,,,,,,,,,,,,,,,,,,,,,,,,,,,,,,,,,,,,,,,,,,,,,,,,,
	TotalOtherFinanceCost,"29,000,000",,,"7,000,000","7,000,000",,,"7,000,000","7,000,000","7,000,000","6,000,000","6,000,000","6,000,000","7,000,000","6,000,000","6,000,000","6,000,000","6,343,000","5,923,000","5,876,000","5,858,000","6,144,000","6,060,000","6,630,000","6,336,000","6,356,000","6,260,000","5,861,000","5,698,000","5,842,000","5,737,000","5,614,000","5,792,000","6,077,000","6,020,000","12,229,000","5,809,000","5,961,000",,,,,,,,,,,,,,,,,,,,,,,,,,,,,,,,,,,,,,,,,,,,,,,,,,,,,,,,,,,,,,,,,,,,,,,,,,,,,,,,,,,,,,,,,,,,,,,,,,,,,,,,,,,,,
OtherIncomeExpense,"140,000,000","35,000,000","31,000,000","41,000,000","33,000,000","35,000,000","43,000,000","48,000,000","23,000,000","34,000,000","33,000,000","31,000,000","33,000,000","43,000,000","28,000,000","32,000,000","25,000,000","30,309,000","30,408,000","25,450,000","25,833,000","25,592,000","27,241,000","25,843,000","26,975,000","26,365,000","24,214,000","21,857,000","21,404,000","30,239,000","31,420,000","32,647,000","30,461,000","32,850,000","29,235,000","29,953,000","28,586,000","32,740,000","22,018,000","30,226,000","25,330,000","25,402,000","26,140,000","20,781,000","13,514,000","104,895,000","16,247,000","466,000","27,352,000","19,345,000","14,932,000","21,975,000","21,369,000","7,278,000","192,000","24,535,000","2,025,000","7,953,000","122,000","-223,000","1,666,000","4,021,000","1,030,000","12,177,000","1,118,000","6,445,000","-288,000","9,984,000","10,016,000","8,467,000","3,738,000","3,111,000","1,335,000","341,094,000",,"-351,192,000","2,937,000",,,,,"170,726,000","22,577,000","69,032,000","39,999,000","193,813,000","-5,027,000","112,354,000","49,611,000","96,000,000","51,500,000","-4,200,000","-12,400,000","48,500,000","-7,300,000","1,200,000","5,100,000","2,600,000","-200,000","-1,600,000","-3,700,000","-5,300,000","-300,000","-5,000,000","-3,400,000","-18,400,000","-2,100,000","13,100,000","-600,000","-4,500,000","5,300,000","-2,000,000","3,200,000",,,,,,,,,,,,,,,,,,,,,,,,,,,,,,,,,,
	EarningsFromEquityInterest,"62,000,000","15,000,000","13,000,000","20,000,000","14,000,000","11,000,000","12,000,000","6,000,000","11,000,000","10,000,000","10,000,000","9,000,000","9,000,000","10,000,000","9,000,000","9,000,000","6,000,000","7,504,000","7,080,000","7,541,000","7,875,000","9,623,000","9,701,000","9,617,000","13,182,000","10,030,000","8,162,000","8,422,000","7,776,000","7,501,000","7,401,000","7,811,000","7,438,000","7,641,000","7,273,000","7,529,000","7,577,000","7,821,000","7,490,000","7,502,000","7,158,000","7,714,000","7,423,000","7,677,000","7,713,000","7,515,000","7,670,000","7,362,000","7,401,000",,,"3,255,000","3,142,000",,,,,,,,,,,,,,,,,,,,,,,,,,,,,,,,,,,,,,,,,,,,,,,,,,,,,,,,,,,,,,,,,,,,,,,,,,,,,,,,,,,,,,,,,,,,,,
	SpecialIncomeCharges,"73,000,000","20,000,000","21,000,000","18,000,000","14,000,000","24,000,000","30,000,000","37,000,000","23,000,000","22,000,000","15,000,000","20,000,000","20,000,000","29,000,000","30,000,000","26,000,000","23,000,000","20,818,000","23,483,000","16,386,000","14,313,000","15,505,000","17,199,000","14,730,000","13,113,000","15,208,000","15,427,000","12,641,000","12,660,000","20,898,000","23,337,000","23,608,000","21,907,000","24,536,000","21,284,000","22,109,000","19,754,000","21,706,000","14,528,000","22,724,000","18,172,000","17,688,000","18,717,000","13,104,000","5,801,000","97,380,000","8,577,000","-6,896,000","19,951,000","19,345,000","14,932,000","18,720,000","18,227,000","7,278,000","192,000","24,535,000","2,025,000","7,953,000","122,000","-223,000","1,666,000","4,021,000","1,030,000","12,177,000","1,118,000","6,445,000","-288,000","9,984,000","10,016,000","8,467,000","3,738,000","3,111,000","1,335,000","341,094,000",,"-351,192,000","2,937,000",,,,,"170,726,000","22,577,000","69,032,000","39,999,000","193,813,000","-5,027,000","112,354,000","49,611,000","96,000,000","51,500,000","-4,200,000","-12,400,000","48,500,000","-7,300,000","1,200,000","5,100,000","2,600,000","-200,000","-1,600,000","-3,700,000","-5,300,000","-300,000","-5,000,000","-3,400,000","-18,400,000","-2,100,000","13,100,000","-600,000","-4,500,000","5,300,000","-2,000,000","3,200,000",,,,,,,,,,,,,,,,,,,,,,,,,,,,,,,,,,
		OtherSpecialCharges,"-73,000,000","-20,000,000","-21,000,000","-18,000,000","-14,000,000","-24,000,000","-30,000,000","-37,000,000","-23,000,000","-22,000,000","-15,000,000","-20,000,000","-20,000,000","-29,000,000","-30,000,000","-26,000,000","-23,000,000","-20,818,000","-23,483,000","-16,386,000","-14,313,000","-15,505,000","-17,199,000","-14,730,000","-13,113,000","-15,208,000","-15,427,000","-12,641,000","-12,660,000","-20,898,000","-23,337,000","-23,608,000","-21,907,000","-24,536,000","-21,284,000","-22,109,000","-19,754,000","-21,706,000","-14,528,000",,"-18,172,000","-17,688,000","-18,717,000",,"-5,801,000",,,,,,,,,,,,,,,,,,,,,,,,,,,,,,,,,,,,,,,,,,,,,,,,,,,,,,,,,,,,,,,,,,,,,,,,,,,,,,,,,,,,,,,,,,,,,,,,,,,,,,
	OtherNonOperatingIncomeExpenses,"5,000,000","0","-3,000,000","3,000,000","5,000,000","0","1,000,000","5,000,000","-11,000,000","2,000,000","8,000,000","2,000,000","4,000,000","4,000,000","-11,000,000","-3,000,000","-4,000,000","1,987,000","-155,000","1,523,000","3,645,000","464,000","341,000","1,496,000","680,000","1,127,000","625,000","794,000","968,000","1,840,000","682,000","1,228,000","1,116,000","673,000","678,000","315,000","1,255,000","1,222,000",,,,,,,,,,,,,,,,,,,,,,,,,,,,,,,,,,,,,,,,,,,,,,,,,,,,,,,,,,,,,,,,,,,,,,,,,,,,,,,,,,,,,,,,,,,,,,,,,,,,,,,,,,,,,
PretaxIncome,"1,527,000,000","262,000,000","652,000,000","273,000,000","340,000,000","258,000,000","646,000,000","274,000,000","289,000,000","299,000,000","599,000,000","262,000,000","340,000,000","208,000,000","564,000,000","319,000,000","350,000,000","307,482,000","696,932,000","329,645,000","355,941,000","337,235,000","696,207,000","301,192,000","369,962,000","319,254,000","665,492,000","306,812,000","235,646,000","284,156,000","564,551,000","299,422,000","396,992,000","223,528,000","557,885,000","295,775,000","355,022,000","210,250,000","600,992,000","284,876,000","259,284,000","219,419,000","531,599,000","243,204,000","315,468,000","208,174,000","478,688,000","212,491,000","289,238,000","272,342,000","353,040,000","171,655,000","259,801,000","248,798,000","344,451,000","160,579,000","230,578,000","130,577,000","382,290,000","186,385,000","166,423,000","121,270,000","307,200,000","118,473,000","203,148,000","142,263,000","258,450,000","103,180,000","171,391,000","123,888,000","240,401,000","94,436,000","213,843,000","504,879,000","274,902,000","-293,649,000","25,920,000","228,558,000","-2,755,160,000","138,520,000","136,781,000","144,954,000","422,803,000","238,054,000","315,591,000","199,952,000","195,650,000","84,105,000","70,267,000","232,200,000","107,600,000","-100,000","78,700,000","237,300,000","83,700,000","23,200,000","43,100,000","68,900,000","131,200,000","1,500,000","59,400,000","237,800,000","80,200,000","40,200,000","63,200,000",,,,,,,,,,,,,,,,,,,,,,,,,,,,,,,,,,,,,,,,,,
TaxProvision,"-70,000,000","-53,000,000","43,000,000","-38,000,000","-22,000,000","-30,000,000","43,000,000","-13,000,000","-6,000,000","7,000,000","72,000,000","24,000,000","25,000,000","-6,000,000","73,000,000","54,000,000","59,000,000","118,156,000","204,791,000","102,389,000","116,664,000","109,758,000","238,412,000","104,397,000","128,650,000","110,229,000","239,029,000","109,881,000","83,580,000","87,817,000","195,969,000","104,258,000","135,771,000","73,300,000","193,349,000","98,893,000","118,434,000","70,042,000","202,845,000","101,801,000","75,515,000","78,478,000","193,304,000","84,533,000","112,001,000","71,671,000","166,200,000","76,866,000","121,898,000","90,733,000","135,610,000","57,846,000","87,125,000","85,240,000","121,756,000","55,106,000","76,584,000","39,306,000","135,945,000","62,282,000","47,909,000","24,512,000","83,025,000","20,537,000","53,336,000","43,298,000","60,633,000","24,770,000","45,509,000","-2,701,000","74,218,000","13,259,000","69,545,000","118,805,000","-12,593,000","-11,087,000","98,089,000","-11,051,000","-687,955,000","37,707,000","33,277,000","10,345,000","149,900,000","70,197,000","106,281,000","62,151,000","97,734,000","21,943,000","22,266,000","183,000,000","-3,700,000","-11,600,000","26,400,000","148,700,000","-18,000,000","-11,800,000","-14,000,000","3,500,000","43,300,000","-16,800,000","-6,400,000","158,100,000","-4,000,000","-3,200,000","-4,000,000",,,,,,,,,,,,,,,,,,,,,,,,,,,,,,,,,,,,,,,,,,
EarningsFromEquityInterestNetOfTax,,,,,,,,,,,,,,,,,,,,,,,,,,,,,,,,,,,,,,,,,,,,,,,,,,"13,904,000","4,363,000",,,,,,,,,,,,,,,,,,,,,,,,,,,,,,,,,,,,,,,,,,,,,,,,,,,,,,,,,,,,,,,,,,,,,,,,,,,,,,,,,,,,,,,,,,,,,,,,
NetIncomeCommonStockholders,"1,597,000,000","315,000,000","609,000,000","311,000,000","362,000,000","288,000,000","603,000,000","287,000,000","295,000,000","292,000,000","527,000,000","238,000,000","315,000,000","214,000,000","491,000,000","265,000,000","291,000,000","189,326,000","492,141,000","227,256,000","239,277,000","227,477,000","457,795,000","196,795,000","241,312,000","209,025,000","426,463,000","196,931,000","152,066,000","196,339,000","368,582,000","195,164,000","261,221,000","150,055,000","364,752,000","196,857,000","236,570,000","140,170,000","398,106,000","183,060,000","183,893,000","140,509,000","333,658,000","157,702,000","202,509,000","135,573,000","311,246,000","138,716,000","166,058,000","167,824,000","219,768,000","116,047,000","173,007,000","163,015,000","221,729,000","104,512,000","152,047,000","128,861,000","250,654,000","74,941,000","118,651,000","96,658,000","223,402,000","97,215,000","150,238,000","111,008,000","196,019,000","82,346,000","120,418,000","71,964,000","45,660,000","85,246,000","148,851,000","476,386,000","286,435,000","-283,622,000","138,952,000","-335,898,000","-2,075,020,000","86,242,000","102,444,000","143,835,000","271,843,000","166,797,000","208,250,000","136,741,000","91,554,000","61,102,000","46,941,000","48,100,000","110,200,000","9,400,000","51,200,000","87,600,000","100,600,000","33,900,000","54,700,000","63,000,000","85,500,000","15,900,000","61,800,000","76,700,000","81,100,000","40,300,000","64,100,000","56,000,000","85,700,000","56,700,000","65,000,000","45,600,000","73,000,000","49,700,000","62,700,000","58,200,000","56,200,000","32,200,000","50,700,000","26,000,000","51,800,000","27,000,000","85,400,000","32,500,000","84,900,000","20,100,000","68,400,000","-8,400,000","80,300,000","43,900,000","61,500,000",,,,,,,,,,,,,,,,,,
	NetIncome,"1,597,000,000","315,000,000","609,000,000","311,000,000","362,000,000","288,000,000","603,000,000","287,000,000","295,000,000","292,000,000","527,000,000","238,000,000","315,000,000","214,000,000","491,000,000","265,000,000","291,000,000","189,326,000","492,141,000","227,256,000","239,277,000","227,477,000","457,795,000","196,795,000","241,312,000","209,025,000","426,463,000","196,931,000","152,066,000","196,339,000","368,582,000","195,164,000","261,221,000","150,055,000","364,752,000","196,857,000","236,570,000","140,170,000","398,106,000","183,060,000","183,893,000","140,509,000","338,332,000","158,762,000","203,569,000","136,634,000","312,306,000","139,776,000","167,118,000","168,885,000","220,828,000","117,107,000","174,067,000","164,076,000","222,789,000","105,572,000","153,107,000","129,922,000","251,714,000","76,001,000","119,711,000","97,719,000","224,462,000","98,275,000","151,298,000","112,069,000","196,019,000","83,406,000","121,478,000","73,025,000","46,720,000","86,306,000","149,911,000","477,447,000","287,495,000","-282,562,000","140,012,000","-334,837,000","-2,073,960,000","87,302,000","103,504,000","144,896,000","272,903,000","167,857,000","209,310,000","137,801,000","92,614,000","62,162,000","48,001,000","49,200,000","111,300,000","11,500,000","52,300,000","88,600,000","101,700,000","35,000,000","57,100,000","65,400,000","87,900,000","18,300,000","65,800,000","79,700,000","84,200,000","43,400,000","67,200,000","59,000,000","88,800,000","59,800,000","68,200,000","48,800,000","76,100,000","52,800,000","65,800,000","61,500,000","59,900,000","35,900,000","54,500,000","29,800,000","55,700,000","31,100,000","89,800,000","37,000,000","89,400,000","24,600,000","72,900,000","-3,800,000","84,800,000","48,500,000","65,900,000",,,,,,,,,,,,,,,,,,
		NetIncomeIncludingNoncontrollingInterests,"1,597,000,000","315,000,000","609,000,000","311,000,000","362,000,000","288,000,000","603,000,000","287,000,000","295,000,000","292,000,000","527,000,000","238,000,000","315,000,000","214,000,000","491,000,000","265,000,000","291,000,000","189,326,000","492,141,000","227,256,000","239,277,000","227,477,000","457,795,000","196,795,000","241,312,000","209,025,000","426,463,000","196,931,000","152,066,000","196,339,000","368,582,000","195,164,000","261,221,000","150,055,000","364,752,000","196,857,000","236,570,000","140,170,000","398,106,000","183,060,000","183,893,000","140,509,000","338,332,000","158,762,000","203,569,000","136,634,000","312,306,000","139,776,000","167,118,000","168,885,000","220,828,000","117,107,000","174,067,000","163,991,000","222,545,000","105,572,000","152,859,000","129,795,000","251,489,000","75,888,000","119,577,000","97,456,000","222,667,000","98,275,000","151,298,000","112,758,000","195,848,000","83,406,000","121,478,000","72,822,000","46,916,000","86,330,000","149,894,000","477,447,000","287,495,000","-282,562,000","140,206,000","-312,724,000","-2,100,089,000","82,451,000","99,632,000","159,144,000","312,602,000","177,766,000","217,962,000","149,538,000","111,639,000","62,162,000","48,001,000","49,200,000","111,300,000","11,500,000","52,300,000","88,600,000","101,700,000","35,000,000","57,100,000","65,400,000","87,900,000","13,500,000","58,600,000","67,100,000","77,900,000","37,300,000","61,200,000","28,000,000","79,200,000","51,800,000","57,700,000","33,800,000","68,000,000","39,900,000","65,800,000","61,500,000","59,900,000","35,900,000","54,500,000","29,800,000","55,700,000","31,100,000","89,800,000","37,000,000","89,400,000","24,600,000","72,900,000","-3,800,000","84,800,000","48,500,000","65,900,000","40,800,000","73,300,000","36,900,000","71,000,000","22,300,000","84,600,000","44,000,000","63,900,000","28,800,000","78,000,000","35,100,000","63,000,000","40,200,000","63,100,000","30,200,000","73,400,000","43,400,000","49,100,000"
			NetIncomeContinuousOperations,"1,597,000,000","315,000,000","609,000,000","311,000,000","362,000,000","288,000,000","603,000,000","287,000,000","295,000,000","292,000,000","527,000,000","238,000,000","315,000,000","214,000,000","491,000,000","265,000,000","291,000,000","189,326,000","492,141,000","227,256,000","239,277,000","227,477,000","457,795,000","196,795,000","241,312,000","209,025,000","426,463,000","196,931,000","152,066,000","196,339,000","368,582,000","195,164,000","261,221,000","150,228,000","364,536,000","196,882,000","236,588,000","140,208,000","398,147,000","183,075,000","183,769,000","140,941,000","338,295,000","158,671,000","203,467,000","136,503,000","312,488,000","135,625,000","167,340,000","170,849,000","221,793,000","117,064,000","175,818,000","163,558,000","222,695,000","105,473,000","153,994,000","91,271,000","246,345,000","124,103,000","118,514,000","96,758,000","224,175,000","97,936,000","149,812,000","98,965,000","197,817,000","78,410,000","125,882,000","126,589,000","166,183,000","81,177,000","144,298,000","386,074,000","287,495,000","-282,562,000","-72,169,000","239,609,000","-2,067,205,000","100,813,000","103,504,000","134,609,000","272,903,000","167,857,000","209,310,000","137,801,000","97,916,000","62,162,000","48,001,000","49,200,000","111,300,000","11,500,000","52,300,000","88,600,000","101,700,000","35,000,000","57,100,000","65,400,000","87,900,000","18,300,000","65,800,000","79,700,000","84,200,000","43,400,000","67,200,000","59,000,000","88,800,000","59,800,000","68,200,000","48,800,000","76,100,000","52,800,000","65,800,000","61,500,000","59,900,000","35,900,000","54,500,000","29,800,000","55,700,000","31,100,000","44,300,000","37,000,000","89,400,000","24,600,000","55,900,000","-6,300,000","84,800,000","48,500,000","65,900,000","40,800,000","73,300,000","36,900,000","71,000,000","22,300,000","84,600,000","44,000,000","63,900,000","28,800,000","78,000,000","35,100,000","63,000,000","40,200,000","63,100,000","30,200,000","73,400,000","43,400,000","49,100,000"
			NetIncomeDiscontinuousOperations,,,,,,,,,,,,,,,,,,,,,,,,,,,,,,,,,,,"216,000","-25,000","-18,000","-38,000","-41,000","-15,000","124,000","-432,000","37,000","91,000","102,000","131,000","-182,000","4,151,000","-222,000","-1,964,000","-965,000","43,000","-1,751,000","518,000","94,000","99,000","-887,000","38,651,000","5,369,000","-48,102,000","1,197,000","961,000","287,000","339,000","1,486,000","13,104,000","-1,798,000","4,996,000","-4,404,000","-53,564,000","-119,463,000","5,129,000","5,613,000","91,373,000",,,"212,181,000","-574,446,000","-6,755,000","-13,511,000",,,,,,,,,,,,,,,,,,,,,,,,,,,,,,,,,,,,,,,,,,"0",,,"17,000,000",,,,,,,,,,,,,,,,,,,,,,
			NetIncomeExtraordinary,,,,,,,,,,,,,,,,,,,,,,,,,,,,,,,,,,,,,,,,,,,,,,,,,,,,,,,,,,,,,,,,,,,,,,,,,,,,,,,,,,,,,,,"-5,302,000",,,,,,,,,,,,,,,,,,,,,,,,,,,,,,,"0",,,"45,500,000",,,,,,,,,,,,,,,,,,,,,,,,,,
		MinorityInterests,,,,,,,,,,,,,,,,,,,,,,,,,,,,,,,,,,,,,,,,,,,,,,,,,,,,,,"85,000","244,000",,"248,000","127,000","225,000","113,000","134,000","263,000","1,795,000",,,,"171,000",,,,"-196,000","-24,000","17,000",,,,"-194,000","-22,113,000","26,129,000","4,851,000","3,872,000","-14,248,000","-39,699,000","-9,909,000","-8,652,000","-11,737,000","-19,025,000",,,,,,,,,,,,,"4,800,000","7,200,000","12,600,000","6,300,000","6,100,000","6,000,000","31,000,000","9,600,000","8,000,000","10,500,000","15,000,000","8,100,000","12,900,000",,,,,,,,,,,,,,,,,,,,,,,,,,,,,,,,,,,
	PreferredStockDividends,,,,,,,,,,,,,,,,,,,,,,,,,,,,,,,,,,,,,,,,,,"0","4,674,000","1,060,000","1,060,000","1,061,000","1,060,000","1,060,000","1,060,000","1,061,000","1,060,000","-1,060,000","1,060,000","1,061,000","1,060,000","1,060,000","1,060,000","1,061,000","1,060,000","1,060,000","1,060,000","1,061,000","1,060,000","1,060,000","1,060,000","1,061,000",,"1,060,000","1,060,000","1,061,000","1,060,000","1,060,000","1,060,000","1,061,000","1,060,000","1,060,000","1,060,000","1,061,000","1,060,000","1,060,000","1,060,000","1,061,000","1,060,000","1,060,000","1,060,000","1,060,000","1,060,000","1,060,000","1,060,000","1,100,000","1,100,000","2,100,000","1,100,000","1,000,000","1,100,000","1,100,000","2,400,000","2,400,000","2,400,000","2,400,000","4,000,000","3,000,000","3,100,000","3,100,000","3,100,000","3,000,000","3,100,000","3,100,000","3,200,000","3,200,000","3,100,000","3,100,000","3,100,000",,,,,,,,,,,,,,,,,,,,,,,,,,,,,,,,,,
	OtherunderPreferredStockDividend,,,,,,,,,,,,,,,,,,,,,,,,,,,,,,,,,,,,,,,,,,,,,,,,,,,,"2,120,000",,,,,,,,,,,,,,,,,,,,,,,,,,,,,,,,,,,,,,,,,,,,,,,,,,,,,,,,,,,,,,"3,300,000","3,700,000","3,700,000","3,800,000","3,800,000","3,900,000","4,100,000","4,400,000","4,500,000","4,500,000","4,500,000","4,500,000","4,600,000","4,500,000","4,600,000","4,400,000",,,,,,,,,,,,,,,,,,
AverageDilutionEarnings,,,,,,,,,,,,,,,"0","0","0","0","0","0","0","0","0","0","0","0","0","0","0","0","0","0","0","0","0","0","0",,,,,,,,,,,,,,,,,,,,,,,,,,,,,,,,,,,,,,,,,,,,,,,,,,,,,,,,,,,,,,,,,,,,,,,,,,,,,,,,,,,,,,,,,,,,,,,,,,,,,,,,,,,,,,
DilutedNIAvailtoComStockholders,"1,597,000,000","315,000,000","609,000,000","311,000,000","362,000,000","288,000,000","603,000,000","287,000,000","295,000,000","292,000,000","527,000,000","238,000,000","315,000,000","214,000,000","491,000,000","265,000,000","291,000,000","189,326,000","492,141,000","227,256,000","239,277,000","227,477,000","457,795,000","196,795,000","241,312,000","209,025,000","426,463,000","196,931,000","152,066,000","196,339,000","368,582,000","195,164,000","261,221,000","150,055,000","364,752,000","196,857,000","236,570,000","140,170,000","398,106,000","183,060,000","183,893,000","140,509,000","333,658,000","157,702,000","202,509,000","135,573,000","311,246,000","138,716,000","166,058,000","167,824,000","219,768,000","116,047,000","173,007,000","163,015,000","221,729,000","104,512,000","152,047,000","128,861,000","250,654,000","74,941,000","118,651,000","96,658,000","223,402,000","97,215,000","150,238,000","111,008,000","196,019,000","82,346,000","120,418,000","71,964,000","45,660,000","85,246,000","148,851,000","476,386,000","286,435,000","-283,622,000","138,952,000","-335,898,000","-2,075,020,000","86,242,000","102,444,000","143,835,000","271,843,000","166,797,000","208,250,000","136,741,000","91,554,000","61,102,000","46,941,000","48,100,000","110,200,000","9,400,000","51,200,000","87,600,000","100,600,000","33,900,000","54,700,000","63,000,000","85,500,000","15,900,000","61,800,000","76,700,000","81,100,000","40,300,000","64,100,000","56,000,000","85,700,000","56,700,000","65,000,000","45,600,000","73,000,000","49,700,000","62,700,000","58,200,000","56,200,000","32,200,000","50,700,000","26,000,000","51,800,000","27,000,000","85,400,000","32,500,000","84,900,000","20,100,000","68,400,000","-8,400,000","80,300,000","43,900,000","61,500,000",,,,,,,,,,,,,,,,,,
BasicEPS,,"0.58","1.13","0.58","0.67","0.54","1.15","0.54","0.56","0.56","1.02","0.46","0.61","0.42","0.96","0.52","0.57","0.37","0.97","0.45","0.47","0.45","0.9","0.39","0.47","0.41","0.84","0.39","0.3","0.39","0.73","0.39","0.52","0.3","0.73","0.4","0.48","0.29","0.82","0.38","0.38","0.29","0.69","0.33","0.42",,"0.68","0.3","0.36",,"0.48","0.25","0.38",,"0.51","0.24","0.35",,"0.6","0.18","0.29",,"0.55","0.24","0.37",,"0.48","0.2","0.3",,"0.11","0.21","0.37",,"0.72","-0.71","0.35",,"-5.22","0.23","0.29",,"0.79","0.49","0.61",,"0.27","0.39","0.3",,"0.72","0.06","0.34",,"0.67","0.23","0.37",,"0.62","0.12","0.45",,"0.59","0.3","0.47",,"0.64","0.42","0.49",,"0.55","0.37","0.47",,"0.42","0.25","0.41",,"0.42","0.22","0.69",,"0.68","0.16","0.55",,"0.64","0.35","0.49",,"0.55","0.26","0.53",,"0.64","0.32","0.48",,"0.59","0.25","0.48",,"0.48","0.22","0.56",,"0.37"
DilutedEPS,,"0.58","1.13","0.58","0.67","0.54","1.14","0.54","0.56","0.56","1.01","0.46","0.61","0.42","0.96","0.52","0.57","0.37","0.97","0.45","0.47","0.45","0.9","0.39","0.47","0.41","0.84","0.39","0.3","0.39","0.73","0.39","0.52","0.3","0.73","0.4","0.48","0.29","0.81","0.38","0.38","0.29","0.69","0.33","0.42",,"0.67","0.3","0.36",,"0.48","0.25","0.38",,"0.51","0.24","0.35",,"0.58","0.18","0.28",,"0.53","0.24","0.36",,"0.47","0.2","0.29",,"0.11","0.21","0.36",,"0.69","-0.711","0.349",,"-5.22","0.228","0.289",,"0.79","0.485","0.61",,"0.27","0.39","0.3",,"0.72","0.06","0.34",,"0.67","0.23","0.37",,"0.62","0.12","0.45",,"0.59","0.3","0.47",,"0.64","0.42","0.49",,"0.55","0.37","0.47",,"0.42","0.25","0.41",,"0.42","0.22","0.69",,"0.68","0.16","0.55",,"0.64","0.35","0.49",,"0.55","0.26","0.53",,"0.64","0.32","0.48",,"0.59","0.25","0.48",,"0.48","0.22","0.56",,"0.37"
BasicAverageShares,,"541,000,000","539,000,000","539,000,000","538,000,000","530,000,000","526,000,000","527,000,000","526,000,000","525,000,000","519,000,000","516,000,000","515,000,000","515,000,000","510,000,000","510,000,000","509,000,000","509,000,000","508,581,000","508,542,000","508,278,000","508,656,000","508,941,000","508,930,000","508,667,000","508,312,000","508,031,000","507,707,000","506,983,000","506,411,000","506,082,000","503,272,000","499,523,000","498,499,000","498,149,000","497,747,000","489,781,000","488,428,000","488,084,000","487,717,000","487,360,000","486,223,000","485,344,000","484,918,000","483,641,000",,"460,471,000","460,041,000","458,918,000",,"456,769,000","456,307,000","455,192,000",,"434,131,000","430,811,000","429,563,000",,"419,822,000","412,710,000","408,003,000",,"406,123,000","405,434,000","404,125,000",,"402,735,000","402,214,000","401,116,000",,"399,746,000","399,217,000","398,583,000",,"398,751,000","398,717,000","398,714,000",,"397,405,000","377,983,000","353,827,000",,"343,770,000","342,553,000","340,780,000",,"338,495,000","156,719,000","155,891,000",,"153,055,556","156,666,667","150,588,235",,"150,149,254","147,391,304","147,837,838",,"137,903,226","132,500,000","137,333,333",,"137,457,627","134,333,333","136,382,979",,"133,906,250","135,000,000","132,653,061",,"132,727,273","134,324,324","133,404,255",,"133,809,524","128,800,000","123,658,537",,"123,333,333","122,727,273","123,768,116",,"124,852,941","125,625,000","124,363,636",,"125,468,750","125,428,571","125,510,204",,"125,082,000","125,082,000","125,082,000",,"125,082,000","125,082,000","125,082,000",,"125,082,000","125,082,000","125,082,000",,"125,082,000","125,084,000","125,084,000",,"124,780,000"
DilutedAverageShares,,"542,000,000","539,000,000","539,000,000","539,000,000","532,000,000","528,000,000","527,000,000","527,000,000","526,000,000","521,000,000","518,000,000","516,000,000","515,000,000","511,000,000","510,000,000","509,000,000","509,000,000","509,242,000","509,135,000","508,774,000","509,421,000","509,566,000","509,490,000","509,150,000","508,738,000","508,427,000","508,074,000","507,393,000","506,799,000","506,365,000","503,456,000","499,746,000","498,802,000","498,641,000","498,036,000","490,531,000","489,136,000","488,578,000","488,017,000","487,995,000","486,991,000","485,894,000","485,241,000","484,301,000",,"462,019,000","460,432,000","459,697,000",,"457,453,000","456,766,000","455,952,000",,"439,397,000","435,868,000","434,853,000",,"433,387,000","432,861,000","432,054,000",,"430,000,000","429,099,000","427,461,000",,"426,085,000","425,552,000","424,449,000",,"423,078,000","422,545,000","421,921,000",,"418,128,000","398,717,000","398,714,000",,"397,405,000","378,129,000","354,172,000",,"344,385,000","343,688,000","341,472,000",,"338,876,000","156,828,000","155,906,000",,"153,055,556","156,666,667","150,588,235",,"150,149,254","147,391,304","147,837,838",,"137,903,226","132,500,000","137,333,333",,"137,457,627","134,333,333","136,382,979",,"133,906,250","135,000,000","132,653,061",,"132,727,273","134,324,324","133,404,255",,"133,809,524","128,800,000","123,658,537",,"123,333,333","122,727,273","123,768,116",,"124,852,941","125,625,000","124,363,636",,"125,468,750","125,428,571","125,510,204",,"125,082,000","125,082,000","125,082,000",,"125,082,000","125,082,000","125,082,000",,"125,082,000","125,082,000","125,082,000",,"125,082,000","125,084,000","125,084,000",,"124,780,000"
TotalOperatingIncomeAsReported,"2,203,000,000","433,000,000","825,000,000","438,000,000","507,000,000","426,000,000","813,000,000","422,000,000","455,000,000","450,000,000","758,000,000","410,000,000","486,000,000","339,000,000","696,000,000","450,000,000","480,000,000","425,730,000","818,359,000","459,692,000","486,219,000","465,350,000","827,054,000","431,581,000","489,870,000","441,010,000","785,812,000","422,845,000","350,845,000","391,250,000","665,680,000","397,208,000","493,992,000","325,582,000","665,113,000","402,236,000","454,624,000","316,397,000","720,434,000","405,690,000","380,162,000","344,001,000","651,496,000","359,442,000","426,663,000","322,370,000","568,630,000","325,304,000","403,665,000","353,259,000","465,148,000","279,368,000","370,797,000","352,843,000","447,994,000","259,836,000","330,118,000","285,786,000","495,770,000","290,547,000","278,128,000","229,483,000","410,103,000","224,658,000","312,749,000","250,555,000","364,725,000","202,505,000","274,524,000","214,804,000","338,057,000","192,351,000","314,123,000","245,819,000","361,007,000","166,173,000","307,574,000","493,760,000","-2,540,956,000","345,561,000","327,918,000","134,061,000","661,662,000","375,098,000","469,793,000","181,659,000","405,282,000","95,081,000","111,733,000","215,600,000","122,500,000","55,200,000","130,200,000","230,600,000","134,900,000","65,200,000","79,000,000","108,400,000","171,300,000","36,500,000","88,500,000","262,000,000","105,500,000","70,900,000","89,300,000","225,700,000","111,700,000","68,200,000","87,800,000","197,200,000","89,000,000","65,700,000","85,700,000",,,,,,,,,,,,,,,,,,,,,,,,,,,,,,,,,,
TotalExpenses,"11,228,000,000","2,922,000,000","2,642,000,000","2,630,000,000","3,034,000,000","2,521,000,000","2,369,000,000","2,164,000,000","2,356,000,000","2,348,000,000","2,255,000,000","2,167,000,000","2,655,000,000","2,540,000,000","2,352,000,000","2,210,000,000","2,471,000,000","2,370,474,000","2,199,066,000","2,186,258,000","2,461,202,000","2,330,106,000","2,214,241,000","2,069,188,000","2,282,903,000","2,207,084,000","2,114,811,000","2,092,511,000","2,613,419,000","2,539,638,000","2,204,544,000","2,290,326,000","2,710,420,000","2,407,600,000","2,159,611,000","2,178,084,000","2,330,364,000","2,242,103,000","2,003,907,000","1,868,978,000","2,197,917,000","2,224,409,000","2,180,102,000","2,078,780,000","2,389,877,000","2,244,564,000","2,060,157,000","1,982,460,000","2,403,797,000","2,264,857,000","1,849,414,000","1,736,715,000","2,324,745,000","2,354,730,000","2,403,686,000","2,355,679,000","2,698,270,000","2,317,433,000","1,904,227,000","1,976,745,000","2,485,534,000","2,237,253,000","2,001,488,000","1,849,215,000","2,575,355,000","2,634,383,000","1,921,398,000","1,864,512,000","2,125,165,000","2,044,557,000","1,670,555,000","1,615,000,000","1,976,462,000","1,716,376,000","1,696,717,000","1,604,842,000","2,412,778,000","1,789,841,000","5,077,045,000","3,082,406,000","2,989,669,000","2,984,474,000","3,101,812,000","3,261,657,000","3,737,313,000","4,454,654,000","2,157,437,000","583,970,000","681,272,000","437,300,000","690,900,000","604,200,000","613,000,000","482,200,000","631,500,000","573,500,000","622,300,000","591,200,000","526,200,000","557,800,000","654,000,000","448,000,000","527,800,000","521,400,000","629,400,000","427,100,000","553,200,000","521,500,000","573,400,000","411,500,000","523,300,000","516,300,000","597,700,000",,,,,,,,,,,,,,,,,,,,,,,,,,,,,,,,,,
NetIncomeFromContinuingAndDiscontinuedOperation,"1,597,000,000","315,000,000","609,000,000","311,000,000","362,000,000","288,000,000","603,000,000","287,000,000","295,000,000","292,000,000","527,000,000","238,000,000","315,000,000","214,000,000","491,000,000","265,000,000","291,000,000","189,326,000","492,141,000","227,256,000","239,277,000","227,477,000","457,795,000","196,795,000","241,312,000","209,025,000","426,463,000","196,931,000","152,066,000","196,339,000","368,582,000","195,164,000","261,221,000","150,055,000","364,752,000","196,857,000","236,570,000","140,170,000","398,106,000","183,060,000","183,893,000","140,509,000","338,332,000","158,762,000","203,569,000","136,634,000","312,306,000","139,776,000","167,118,000","168,885,000","220,828,000","117,107,000","174,067,000","164,076,000","222,789,000","105,572,000","153,107,000","129,922,000","251,714,000","76,001,000","119,711,000","97,719,000","224,462,000","98,275,000","151,298,000","112,069,000","196,019,000","83,406,000","121,478,000","73,025,000","46,720,000","86,306,000","149,911,000","477,447,000","287,495,000","-282,562,000","140,012,000","-334,837,000","-2,073,960,000","87,302,000","103,504,000","134,609,000","272,903,000","167,857,000","209,310,000","137,801,000","97,916,000","62,162,000","48,001,000","49,200,000","111,300,000","11,500,000","52,300,000","88,600,000","101,700,000","35,000,000","57,100,000","65,400,000","87,900,000","18,300,000","65,800,000","79,700,000","84,200,000","43,400,000","67,200,000","59,000,000","88,800,000","59,800,000","68,200,000","48,800,000","76,100,000","52,800,000","65,800,000","61,500,000","59,900,000","35,900,000","54,500,000","29,800,000","55,700,000","31,100,000","44,300,000","37,000,000","89,400,000","24,600,000","72,900,000","-3,800,000","84,800,000","48,500,000","65,900,000",,,,,,,,,,,,,,,,,,
NormalizedIncome,"1,543,710,000","300,400,000","589,386,000","297,860,000","351,780,000","270,480,000","575,010,000","259,990,000","278,210,000","270,515,050.167","513,800,000","219,840,000","296,480,000","192,830,000","464,870,000","243,394,000","271,887,000","176,507,725.538","475,562,002","215,966,046","229,658,664","217,018,326.123","446,478,058","187,176,310","232,749,211","199,067,874.326","416,574,293","188,815,478","143,900,300","181,899,423.07","353,319,602","179,441,072","246,630,938","133,737,921.764","350,445,992","182,157,406","223,431,836","125,733,066.121","388,522,446.568","168,471,466.182","170,889,492.325","129,579,338.485","326,384,015.376","150,121,696.6","199,725,536.311","72,649,386.484","306,888,925.914","140,026,457.003","154,371,850","157,948,947.474","212,596,691.48","104,652,450.788","163,703,475.991","158,773,495.607","222,570,867.859","89,357,691.927","152,641,581.946","85,711,994.486","246,266,384.054","124,251,482.812","117,327,599.539","93,549,754.614","223,423,371.582","87,869,852.675","148,987,528.108","94,481,547.345","198,037,434.498","70,822,817.988","118,525,522.052","121,508,800","163,599,017.18","78,502,790.514","143,397,162.329","125,244,127.979","287,495,000","55,370,408.774","-73,931,200","239,609,000","-2,067,205,000","100,813,000","103,504,000","-23,932,717.607","258,330,418.843","119,181,050.745","182,781,389.583","4,230,817.091","100,932,200","-20,878,834.053","14,110,587.559","-8,400,000","80,400,000","14,020,000","60,540,406.607","59,500,000","106,080,000","34,280,000","54,040,000","62,932,075.472","88,033,993.902","19,260,000","68,020,000","82,880,000","84,380,000","46,400,000","69,240,000","70,040,000","90,060,000","51,940,000","68,560,000","51,500,000","72,920,000","54,000,000","63,880,000","61,500,000","59,900,000","35,900,000","54,500,000","29,800,000","55,700,000","31,100,000","44,300,000","37,000,000","89,400,000","24,600,000","55,900,000","-6,300,000","84,800,000","48,500,000","65,900,000",,,,,,,,,,,,,,,,,,
InterestIncome,,,,,,,,,,,,,,,"4,000,000","3,000,000","5,000,000","7,321,000","5,772,000","2,107,000","3,800,000","1,903,000","1,385,000","984,000","4,070,000","798,000","312,000","389,000","4,238,000","1,029,000","1,139,000","1,292,000","3,893,000","728,000","1,304,000","1,505,000","4,806,000","2,004,000","1,820,000","881,000","5,622,000","2,411,000","1,974,000","1,481,000","4,773,000","2,849,000","4,880,000","1,243,000","2,051,000","6,153,000","2,709,000","3,019,000","2,352,000",,,,,,,,,,,,,,,,,,,,,,,,,,,,,,,,,,,,,,,,,,,,,,,,,,,,,,,,,,,,,,,,,,,,,,,,,,,,,,,,,,,,,,,,,,,,,,
InterestExpense,"787,000,000","177,000,000","204,000,000","199,000,000","193,000,000","203,000,000","210,000,000","189,000,000","182,000,000","178,000,000","186,000,000","173,000,000","173,000,000","157,000,000","158,000,000","158,000,000","154,000,000","149,084,000","151,156,000","150,706,000","153,054,000","148,661,000","152,265,000","149,666,000","144,117,000","140,290,000","139,275,000","132,196,000","133,098,000","130,260,000","127,534,000","123,673,000","123,754,000","127,195,000","129,361,000","124,283,000","125,046,000","109,439,000","143,280,000","151,921,000","151,830,000","152,395,000","148,011,000","138,500,000","144,354,000","139,122,000","138,526,000","134,880,000","143,830,000","131,079,000","129,749,000","129,452,000","131,575,000",,,,,,,,,,,,,,,,,,,,,,,,,,,,,,,,,,,,,,,,,,,,,,,,,,,,,,,,,,,,,,,,,,,,,,,,,,,,,,,,,,,,,,,,,,,,,,
NetInterestIncome,"-816,000,000","-206,000,000","-204,000,000","-206,000,000","-200,000,000","-203,000,000","-210,000,000","-196,000,000","-189,000,000","-185,000,000","-192,000,000","-179,000,000","-179,000,000","-175,000,000","-160,000,000","-161,000,000","-155,000,000","-148,106,000","-151,307,000","-154,475,000","-155,112,000","-152,902,000","-156,940,000","-155,312,000","-146,383,000","-145,848,000","-145,223,000","-137,668,000","-134,558,000","-135,073,000","-132,132,000","-127,995,000","-125,653,000","-132,544,000","-134,077,000","-135,007,000","-126,049,000","-131,522,000","-141,460,000","-151,040,000","-146,208,000","-149,984,000","-146,037,000","-137,019,000","-139,581,000","-136,273,000","-133,646,000","-133,637,000","-141,779,000","-124,926,000","-127,040,000","-126,433,000","-129,223,000",,,,,,,,,,,,,,,,,,,,,,,,,,,,,,,,,,,,,,,,,,,,,,,,,,,,,,,,,,,,,,,,,,,,,,,,,,,,,,,,,,,,,,,,,,,,,,
EBIT,"2,314,000,000","439,000,000","856,000,000","472,000,000","533,000,000","461,000,000","856,000,000","463,000,000","471,000,000","477,000,000","785,000,000","435,000,000","513,000,000","365,000,000","722,000,000","477,000,000","504,000,000","456,566,000","848,088,000","480,351,000","508,995,000","485,896,000","848,472,000","450,858,000","514,079,000","459,544,000","804,767,000","439,008,000","368,744,000","414,416,000","692,085,000","423,095,000","520,746,000","350,723,000","687,246,000","420,058,000","480,068,000","319,689,000","744,272,000","436,797,000","411,114,000","371,814,000","679,610,000","381,704,000","459,822,000","347,296,000","617,214,000","347,371,000","433,068,000","403,421,000","482,789,000","301,107,000","391,376,000","352,843,000","447,994,000","259,836,000","330,118,000","285,786,000","495,770,000","290,547,000","278,128,000","229,483,000","410,103,000","224,658,000","312,749,000","250,555,000","364,725,000","202,505,000","274,524,000","214,804,000","338,057,000","192,351,000","314,123,000","245,819,000","361,007,000","166,173,000","307,574,000","493,760,000","-2,540,956,000","345,561,000","327,918,000","134,061,000","661,662,000","375,098,000","469,793,000","181,659,000","405,282,000","95,081,000","111,733,000","215,600,000","122,500,000","55,200,000","130,200,000","230,600,000","134,900,000","65,200,000","79,000,000","108,400,000","171,300,000","36,500,000","88,500,000","262,000,000","105,500,000","70,900,000","89,300,000","225,700,000","111,700,000","68,200,000","87,800,000","197,200,000","89,000,000","65,700,000","85,700,000","630,000,000","588,000,000","545,300,000","640,800,000","572,000,000","523,400,000","500,300,000","563,800,000","533,500,000","589,200,000","501,500,000","577,000,000","431,200,000","554,900,000","494,800,000","583,600,000","499,600,000","483,000,000","446,500,000","560,600,000","484,000,000","530,300,000","442,800,000","549,400,000","428,800,000","470,300,000","398,700,000","472,500,000","421,100,000","432,700,000","387,200,000","540,600,000","465,800,000","389,900,000"
EBITDA,"4,571,000,000"
ReconciledCostOfRevenue,"8,037,000,000","2,108,000,000","1,828,000,000","1,850,000,000","2,251,000,000","1,760,000,000","1,592,000,000","1,442,000,000","1,634,000,000","1,652,000,000","1,561,000,000","1,490,000,000","1,964,000,000","1,852,000,000","1,666,000,000","1,589,000,000","1,837,000,000","1,760,807,000","1,585,450,000","1,589,899,000","1,850,844,000","1,767,117,000","1,668,435,000","1,514,791,000","1,730,133,000","1,697,752,000","1,616,992,000","1,608,396,000","1,985,627,000","2,063,187,000","1,719,393,000","1,809,601,000","2,227,159,000","1,954,205,000","1,724,200,000","1,737,564,000","1,870,240,000","3,379,047,000","1,029,952,000","921,932,000","1,258,805,000","1,268,711,000","1,208,359,000","1,136,647,000","1,453,214,000","1,290,151,000","1,153,003,000","1,094,351,000","1,546,948,000","1,429,836,000","1,024,592,000","917,584,000","1,491,376,000","1,552,671,000","1,683,028,000","1,553,858,000","1,069,657,000","1,504,729,000","1,169,911,000","1,234,573,000","961,124,000","979,838,000","1,143,118,000","928,712,000","978,432,000","1,109,288,000","1,114,884,000","902,284,000","747,610,000","735,984,000","880,902,000","710,372,000","661,096,000","619,920,000","796,695,000","734,903,000","567,086,000","2,770,576,000","608,156,000","535,654,000","483,519,000","6,923,357,000","929,172,000","804,727,000","760,668,000","3,522,265,000","1,012,647,000","182,447,000","323,952,000","253,700,000","294,400,000","223,700,000","280,200,000","250,500,000","234,600,000","209,500,000","261,700,000","260,200,000","193,100,000","182,600,000","291,600,000","258,700,000","165,700,000","180,500,000","271,800,000","215,600,000","187,600,000","189,400,000","234,400,000","202,700,000","183,200,000","194,100,000","254,300,000",,,,,,,,,,,,,,,,,,,,,,,,,,,,,,,,,,
ReconciledDepreciation,"2,257,000,000","574,000,000","584,000,000","552,000,000","547,000,000","529,000,000","546,000,000","508,000,000","499,000,000","483,000,000","482,000,000","470,000,000","469,000,000","476,000,000","474,000,000","413,000,000","418,000,000","407,928,000","405,789,000","395,551,000","399,732,000","363,577,000","363,554,000","359,092,000","349,511,000","325,403,000","318,113,000","300,021,000","305,853,000","289,073,000","291,604,000","291,175,000","279,205,000","282,862,000","259,927,000","276,617,000","280,526,000","259,552,000","272,919,000","254,785,000","259,097,000","224,527,000","278,483,000","251,977,000","254,768,000","251,316,000","254,868,000","234,910,000","236,461,000","211,957,000","232,286,000","232,240,000","239,218,000","263,706,000","195,842,000","243,138,000","237,711,000","224,375,000","212,841,000","231,594,000","231,860,000","223,329,000","226,435,000","226,167,000","218,923,000","209,937,000","196,068,000","204,192,000","205,587,000","201,923,000","184,846,000","192,514,000","193,368,000","198,653,000","213,652,000","116,052,000","289,077,000","236,326,000","281,185,000","281,247,000","265,139,000","236,964,000","261,567,000","243,778,000","232,307,000","221,724,000","361,077,000","142,604,000","132,671,000",,,,,,,,,,,,,,,,,,,,,,,,,,,,,,,,,,,,,,,,,,,,,,,,,,,,,,,,,,
NetIncomeFromContinuingOperationNetMinorityInterest,"1,597,000,000","315,000,000","609,000,000","311,000,000","362,000,000","288,000,000","603,000,000","287,000,000","295,000,000","292,000,000","527,000,000","238,000,000","315,000,000","214,000,000","491,000,000","265,000,000","291,000,000","189,326,000","492,141,000","227,256,000","239,277,000","227,477,000","457,795,000","196,795,000","241,312,000","209,025,000","426,463,000","196,931,000","152,066,000","196,339,000","368,582,000","195,164,000","261,221,000","150,228,000","364,536,000","196,882,000","236,588,000","140,208,000","398,147,000","183,075,000","183,769,000","140,941,000","338,295,000","158,671,000","203,467,000","136,503,000","312,488,000","135,625,000","167,340,000","170,849,000","221,793,000","117,064,000","175,818,000","163,558,000","222,695,000","105,473,000","153,994,000","91,271,000","246,345,000","124,103,000","118,514,000","96,758,000","224,175,000","97,936,000","149,812,000","98,965,000","197,817,000","78,410,000","125,882,000","126,589,000","166,183,000","81,177,000","144,298,000","386,074,000","287,495,000","-282,562,000","-72,169,000","239,609,000","-2,067,205,000","100,813,000","103,504,000","134,609,000","272,903,000","167,857,000","209,310,000","137,801,000","97,916,000","62,162,000","48,001,000","49,200,000","111,300,000","11,500,000","52,300,000","88,600,000","101,700,000","35,000,000","57,100,000","65,400,000","87,900,000","18,300,000","65,800,000","79,700,000","84,200,000","43,400,000","67,200,000","59,000,000","88,800,000","59,800,000","68,200,000","48,800,000","76,100,000","52,800,000","65,800,000","61,500,000","59,900,000","35,900,000","54,500,000","29,800,000","55,700,000","31,100,000","44,300,000","37,000,000","89,400,000","24,600,000","55,900,000","-6,300,000","84,800,000","48,500,000","65,900,000",,,,,,,,,,,,,,,,,,
TotalUnusualItemsExcludingGoodwill,"73,000,000","20,000,000","21,000,000","18,000,000","14,000,000","24,000,000","30,000,000","37,000,000","23,000,000","22,000,000","15,000,000","20,000,000","20,000,000","29,000,000","30,000,000","26,000,000","23,000,000","20,818,000","23,483,000","16,386,000","14,313,000","15,505,000","17,199,000","14,730,000","13,113,000","15,208,000","15,427,000","12,641,000","12,660,000","20,898,000","23,337,000","23,608,000","21,907,000","24,536,000","21,284,000","22,109,000","19,754,000","21,706,000","14,528,000","22,724,000","18,172,000","17,688,000","18,717,000","13,104,000","5,801,000","97,380,000","8,577,000","-6,896,000","19,951,000","19,345,000","14,932,000","18,720,000","18,227,000","7,278,000","192,000","24,535,000","2,025,000","7,953,000","122,000","-223,000","1,666,000","4,021,000","1,030,000","12,177,000","1,118,000","6,445,000","-288,000","9,984,000","10,016,000","8,467,000","3,738,000","3,111,000","1,335,000","341,094,000",,"-351,192,000","2,937,000",,,,,"170,726,000","22,577,000","69,032,000","39,999,000","193,813,000","-5,027,000","112,354,000","49,611,000","96,000,000","51,500,000","-4,200,000","-12,400,000","48,500,000","-7,300,000","1,200,000","5,100,000","2,600,000","-200,000","-1,600,000","-3,700,000","-5,300,000","-300,000","-5,000,000","-3,400,000","-18,400,000","-2,100,000","13,100,000","-600,000","-4,500,000","5,300,000","-2,000,000","3,200,000",,,,,,,,,,,,,,,,,,,,,,,,,,,,,,,,,,
TotalUnusualItems,"73,000,000","20,000,000","21,000,000","18,000,000","14,000,000","24,000,000","30,000,000","37,000,000","23,000,000","22,000,000","15,000,000","20,000,000","20,000,000","29,000,000","30,000,000","26,000,000","23,000,000","20,818,000","23,483,000","16,386,000","14,313,000","15,505,000","17,199,000","14,730,000","13,113,000","15,208,000","15,427,000","12,641,000","12,660,000","20,898,000","23,337,000","23,608,000","21,907,000","24,536,000","21,284,000","22,109,000","19,754,000","21,706,000","14,528,000","22,724,000","18,172,000","17,688,000","18,717,000","13,104,000","5,801,000","97,380,000","8,577,000","-6,896,000","19,951,000","19,345,000","14,932,000","18,720,000","18,227,000","7,278,000","192,000","24,535,000","2,025,000","7,953,000","122,000","-223,000","1,666,000","4,021,000","1,030,000","12,177,000","1,118,000","6,445,000","-288,000","9,984,000","10,016,000","8,467,000","3,738,000","3,111,000","1,335,000","341,094,000",,"-351,192,000","2,937,000",,,,,"170,726,000","22,577,000","69,032,000","39,999,000","193,813,000","-5,027,000","112,354,000","49,611,000","96,000,000","51,500,000","-4,200,000","-12,400,000","48,500,000","-7,300,000","1,200,000","5,100,000","2,600,000","-200,000","-1,600,000","-3,700,000","-5,300,000","-300,000","-5,000,000","-3,400,000","-18,400,000","-2,100,000","13,100,000","-600,000","-4,500,000","5,300,000","-2,000,000","3,200,000",,,,,,,,,,,,,,,,,,,,,,,,,,,,,,,,,,
NormalizedEBITDA,"4,498,000,000","993,000,000","1,419,000,000","1,006,000,000","1,066,000,000","966,000,000","1,372,000,000","934,000,000","947,000,000","938,000,000","1,252,000,000","885,000,000","962,000,000","812,000,000","1,166,000,000","864,000,000","899,000,000","843,676,000","1,230,394,000","859,516,000","894,414,000","833,968,000","1,194,827,000","795,220,000","850,477,000","769,739,000","1,107,453,000","726,388,000","661,937,000","682,591,000","960,352,000","690,662,000","778,044,000","609,049,000","925,889,000","674,566,000","740,840,000","557,535,000","1,002,663,000","668,858,000","652,039,000","578,653,000","939,376,000","620,577,000","708,789,000","501,232,000","863,505,000","589,177,000","649,578,000","596,033,000","700,143,000","514,627,000","612,367,000","609,271,000","656,933,000","478,439,000","565,804,000","502,208,000","708,489,000","522,364,000","508,322,000","448,791,000","635,508,000","438,648,000","530,554,000","454,047,000","561,081,000","396,713,000","470,095,000","408,260,000","519,165,000","381,754,000","506,156,000","103,378,000","574,659,000","727,416,000","593,714,000","739,071,000","-2,259,771,000","626,808,000","593,057,000","227,572,000","900,652,000","549,844,000","662,101,000","209,570,000","771,386,000","125,331,000","194,793,000","248,300,000","192,100,000","171,800,000","254,200,000","288,100,000","250,800,000","168,900,000","177,700,000","208,500,000","272,100,000","136,900,000","189,000,000","366,400,000","202,900,000","169,900,000","183,900,000","338,300,000","208,800,000","145,700,000","180,700,000","290,200,000","172,900,000","153,700,000","168,800,000","630,000,000","588,000,000","545,300,000","640,800,000","572,000,000","523,400,000","500,300,000","563,800,000","533,500,000","589,200,000","501,500,000","577,000,000","431,200,000","554,900,000","494,800,000","583,600,000","499,600,000","483,000,000","446,500,000","560,600,000","484,000,000","530,300,000","442,800,000","549,400,000","428,800,000","470,300,000","398,700,000","472,500,000","421,100,000","432,700,000","387,200,000","540,600,000","465,800,000","389,900,000"
TaxRateForCalcs,"0.27","0.27","0.066","0.27","0.27","0.27","0.067","0.27","0.27","0.023","0.12","0.092","0.074","0.27","0.129","0.169","0.169","0.384","0.294","0.311","0.328","0.325","0.342","0.347","0.347","0.345","0.359","0.358","0.355","0.309","0.346","0.334","0.334","0.328","0.338","0.334","0.334","0.333","0.338","0.357","0.291","0.358","0.364","0.348","0.355","0.344","0.347","0.362","0.35","0.333","0.384","0.337","0.335","0.343","0.353","0.343","0.332","0.301","0.356","0.334","0.288","0.202","0.27","0.173","0.263","0.304","0.235","0.24","0.266","0.4","0.309","0.14","0.325","0.235","0.4","0.038","0.4","0.4","0.25","0.272","0.243","0.071","0.355","0.295","0.337","0.311","0.4","0.261","0.317","0.4","0.4","0.4","0.335","0.4","0.4","0.4","0.4","0.051","0.33","0.4","0.4","0.4","0.4","0.4","0.4","0.4","0.4","0.4","0.4","0.4","0.4","0.4","0.4","0.4","0.4","0.4","0.4","0.4","0.4","0.4","0.4","0.4","0.4","0.4","0.4","0.4","0.4","0.4","0.4",,,,,,,,,,,,,,,,,,
TaxEffectOfUnusualItems,"19,710,000","5,400,000","1,386,000","4,860,000","3,780,000","6,480,000","2,010,000","9,990,000","6,210,000","515,050.167","1,800,000","1,840,000","1,480,000","7,830,000","3,870,000","4,394,000","3,887,000","7,999,725.538","6,904,002","5,096,046","4,694,664","5,046,326.123","5,882,058","5,111,310","4,550,211","5,250,874.326","5,538,293","4,525,478","4,494,300","6,458,423.07","8,074,602","7,885,072","7,316,938","8,045,921.764","7,193,992","7,384,406","6,597,836","7,231,066.121","4,903,446.568","8,120,466.182","5,292,492.325","6,326,338.485","6,806,015.376","4,554,696.6","2,059,536.311","33,526,386.484","2,977,925.914","-2,494,542.997","6,982,850","6,444,947.474","5,735,691.48","6,308,450.788","6,112,475.991","2,493,495.607","67,867.859","8,419,691.927","672,581.946","2,393,994.486","43,384.054","-74,517.188","479,599.539","812,754.614","278,371.582","2,110,852.675","293,528.108","1,961,547.345","-67,565.502","2,396,817.988","2,659,522.052","3,386,800","1,154,017.18","436,790.514","434,162.329","80,264,127.979","0","-13,259,591.226","1,174,800","0","0","0","0","12,184,282.393","8,004,418.843","20,356,050.745","13,470,389.583","60,242,817.091","-2,010,800","29,313,165.947","15,720,587.559","38,400,000","20,600,000","-1,680,000","-4,159,593.393","19,400,000","-2,920,000","480,000","2,040,000","132,075.472","-66,006.098","-640,000","-1,480,000","-2,120,000","-120,000","-2,000,000","-1,360,000","-7,360,000","-840,000","5,240,000","-240,000","-1,800,000","2,120,000","-800,000","1,280,000","0","0","0","0","0","0","0","0","0","0","0","0","0","0","0","0",,,,,,,,,,,,,,,,,,