name,ttm,12/31/2021,09/30/2021,06/30/2021,03/31/2021,12/31/2020,09/30/2020,06/30/2020,03/31/2020,12/31/2019,09/30/2019,06/30/2019,03/31/2019,12/31/2018,09/30/2018,06/30/2018,03/31/2018,12/31/2017,09/30/2017,06/30/2017,03/31/2017,12/31/2016,09/30/2016,06/30/2016,03/31/2016,12/31/2015,09/30/2015,06/30/2015,03/31/2015,12/31/2014,09/30/2014,06/30/2014,03/31/2014,12/31/2013,09/30/2013,06/30/2013,03/31/2013,12/31/2012,09/30/2012,06/30/2012,03/31/2012,12/31/2011,09/30/2011,06/30/2011,03/31/2011,12/31/2010,09/30/2010,06/30/2010,03/31/2010,12/31/2009,09/30/2009,06/30/2009,03/31/2009,12/31/2008,09/30/2008,06/30/2008,03/31/2008,12/31/2007,09/30/2007,06/30/2007,03/31/2007,12/31/2006,09/30/2006,06/30/2006,03/31/2006,12/31/2005,09/30/2005,06/30/2005,03/31/2005,12/31/2004,09/30/2004,06/30/2004,03/31/2004,12/31/2003,09/30/2003,06/30/2003,03/31/2003,12/31/2002,09/30/2002,06/30/2002,03/31/2002,12/31/2001,09/30/2001,06/30/2001,03/31/2001,12/31/2000,09/30/2000,06/30/2000,03/31/2000,12/31/1999,09/30/1999,06/30/1999,03/31/1999,12/31/1998,09/30/1998,06/30/1998,03/31/1998,12/31/1997,09/30/1997,06/30/1997,03/31/1997,12/31/1996,09/30/1996,06/30/1996,03/31/1996,12/31/1995,09/30/1995,06/30/1995,03/31/1995,12/31/1994,09/30/1994,06/30/1994,03/31/1994,12/31/1993,09/30/1993,06/30/1993,03/31/1993,12/31/1992,09/30/1992,06/30/1992,03/31/1992,12/31/1991,09/30/1991,06/30/1991,03/31/1991,12/31/1990,09/30/1990,06/30/1990,03/31/1990,12/31/1989,09/30/1989,06/30/1989,03/31/1989,12/31/1988,09/30/1988,06/30/1988,03/31/1988,12/31/1987,09/30/1987,06/30/1987,03/31/1987,12/31/1986,09/30/1986,06/30/1986,03/31/1986,12/31/1985,09/30/1985
TotalRevenue,"4,251,000,000","1,088,000,000","1,069,000,000","1,067,000,000","1,027,000,000","1,082,300,000","894,800,000","490,600,000","874,300,000","1,111,500,000","962,100,000","1,009,400,000","946,200,000","1,059,700,000","928,400,000","1,042,100,000","956,100,000","1,091,000,000","1,009,200,000","992,700,000","900,500,000","996,500,000","954,200,000","1,022,000,000","772,600,000","671,100,000","648,900,000","698,006,000","656,320,000","719,041,000","708,240,000","765,225,000","730,114,000","753,658,000","704,018,000","761,010,000","732,084,000","753,288,000","695,734,000","762,994,000","716,413,000","738,013,000","619,759,000","609,443,000","570,503,000","568,169,000","541,815,000","565,086,000","545,944,000","568,719,000","531,032,000","553,216,000","506,949,000","508,141,000","529,953,000","594,847,000","560,782,000","541,504,000","488,103,000","507,362,000","472,864,000","471,331,000","435,725,000","472,444,000","430,996,000","447,362,000","415,964,000","444,834,000","406,975,000","462,934,000","390,592,000","425,325,000","415,381,000","356,369,000","400,420,000","417,949,000","396,187,000","421,090,000","363,456,000","377,978,000","351,218,000","375,289,000","253,501,000","254,635,000","245,669,000","238,721,000","215,255,000","223,290,000","212,530,000","221,600,000","203,600,000","209,100,000","196,600,000","220,300,000","197,000,000","197,100,000","180,700,000","197,500,000","172,700,000","178,300,000","172,400,000","180,300,000","155,300,000","165,000,000","155,900,000","161,700,000","137,300,000","139,900,000","133,100,000","140,100,000","129,900,000","141,100,000","140,400,000","147,800,000","133,500,000","131,800,000","44,500,000","44,100,000","38,700,000","28,900,000","23,500,000","21,400,000","20,500,000","19,200,000","18,500,000","17,600,000","10,700,000","7,800,000","7,900,000","7,000,000","7,300,000","7,300,000","4,600,000","4,900,000","4,900,000","4,100,000","4,300,000","4,400,000","4,000,000","3,600,000","3,200,000","3,200,000","3,200,000","3,100,000","2,600,000","2,600,000","2,600,000"
	OperatingRevenue,"4,251,000,000","1,088,000,000","1,069,000,000","1,067,000,000","1,027,000,000","1,082,300,000","894,800,000","490,600,000","874,300,000","1,111,500,000","962,100,000","1,009,400,000","946,200,000","1,059,700,000","928,400,000","1,042,100,000","956,100,000","1,091,000,000","1,009,200,000","992,700,000","900,500,000","996,500,000","954,200,000","1,022,000,000","772,600,000","671,100,000","648,900,000","698,006,000","656,320,000","719,041,000","708,240,000","765,225,000","730,114,000","753,658,000","704,018,000","761,010,000","732,084,000","753,288,000","695,734,000","762,994,000","716,413,000","738,013,000","619,759,000","609,443,000","570,503,000","568,169,000","541,815,000","565,086,000","545,944,000","568,719,000","531,032,000","553,216,000","506,949,000","508,141,000","529,953,000","594,847,000","560,782,000","541,504,000","488,103,000","507,362,000","472,864,000","471,331,000","435,725,000","472,444,000","430,996,000","447,362,000","415,964,000","444,834,000","406,975,000","462,934,000","390,592,000","425,325,000","415,381,000","356,369,000","400,420,000","417,949,000","396,187,000","421,090,000","363,456,000","377,978,000","351,218,000","375,289,000","253,501,000","254,635,000","245,669,000","238,721,000","215,255,000","223,290,000","212,530,000","221,600,000","203,600,000","209,100,000","196,600,000","220,300,000","197,000,000","197,100,000","180,700,000","197,500,000","172,700,000","178,300,000","172,400,000","180,300,000","155,300,000","165,000,000","155,900,000","161,700,000","137,300,000","139,900,000","133,100,000","140,100,000","129,900,000","141,100,000","140,400,000","147,800,000","133,500,000","131,800,000","44,500,000","44,100,000","38,700,000","28,900,000","23,500,000","21,400,000","20,500,000","19,200,000","18,500,000","17,600,000","10,700,000","7,800,000","7,900,000","7,000,000","7,300,000","7,300,000","4,600,000","4,900,000","4,900,000","4,100,000","4,300,000","4,400,000","4,000,000","3,600,000","3,200,000","3,200,000","3,200,000","3,100,000","2,600,000","2,600,000","2,600,000"
CostOfRevenue,"1,890,000,000","495,000,000","478,000,000","469,000,000","448,000,000","511,500,000","452,500,000","314,500,000","406,500,000","500,900,000","448,100,000","468,600,000","446,500,000","534,900,000","452,300,000","489,300,000","442,000,000","497,700,000","450,200,000","448,500,000","408,500,000","455,000,000","440,600,000","495,100,000","353,700,000","296,400,000","279,400,000","298,345,000","282,952,000","325,990,000","320,176,000","340,756,000","335,909,000","355,819,000","327,601,000","346,054,000","343,884,000","361,235,000","331,619,000","355,525,000","323,663,000","377,056,000","322,111,000","294,592,000","270,519,000","280,457,000","269,001,000","277,491,000","263,906,000","284,336,000","258,051,000","266,245,000","239,980,000","237,109,000","249,770,000","279,361,000","275,539,000","268,773,000","235,113,000","238,578,000","226,586,000","230,521,000","209,814,000","230,290,000","210,860,000","223,570,000","206,962,000","217,551,000","198,034,000","233,218,000","191,548,000","212,424,000","210,524,000","169,583,000","209,186,000","212,839,000","206,116,000","223,293,000","184,230,000","192,448,000","180,872,000","201,544,000","121,116,000","120,908,000","109,445,000","107,219,000","92,438,000","93,909,000","91,277,000","95,700,000","87,300,000","91,900,000","84,400,000","96,500,000","84,400,000","84,100,000","76,300,000","87,000,000","76,800,000","79,400,000","76,400,000","81,600,000","74,100,000","76,200,000","72,000,000","75,400,000","68,000,000","64,400,000","61,900,000","68,100,000","59,300,000","69,100,000","70,600,000","71,300,000","66,400,000","61,900,000","26,200,000","25,600,000","22,100,000","17,000,000","14,000,000","12,900,000","13,000,000","12,400,000","11,600,000","10,700,000","6,600,000","4,800,000","5,200,000","4,000,000","4,500,000","4,300,000",,,,,,,,,,,,,,,
GrossProfit,"2,361,000,000","593,000,000","591,000,000","598,000,000","579,000,000","570,800,000","442,300,000","176,100,000","467,800,000","610,600,000","514,000,000","540,800,000","499,700,000","524,800,000","476,100,000","552,800,000","514,100,000","593,300,000","559,000,000","544,200,000","492,000,000","541,500,000","513,600,000","526,900,000","418,900,000","374,700,000","369,500,000","399,661,000","373,368,000","393,051,000","388,064,000","424,469,000","394,205,000","397,839,000","376,417,000","414,956,000","388,200,000","392,053,000","364,115,000","407,469,000","392,750,000","360,957,000","297,648,000","314,851,000","299,984,000","287,712,000","272,814,000","287,595,000","282,038,000","284,383,000","272,981,000","286,971,000","266,969,000","271,032,000","280,183,000","315,486,000","285,243,000","272,731,000","252,990,000","268,784,000","246,278,000","240,810,000","225,911,000","242,154,000","220,136,000","223,792,000","209,002,000","227,283,000","208,941,000","229,716,000","199,044,000","212,901,000","204,857,000","186,786,000","191,234,000","205,110,000","190,071,000","197,797,000","179,226,000","185,530,000","170,346,000","173,745,000","132,385,000","133,727,000","136,224,000","131,502,000","122,817,000","129,381,000","121,253,000","125,900,000","116,300,000","117,200,000","112,200,000","123,800,000","112,600,000","113,000,000","104,400,000","110,500,000","95,900,000","98,900,000","96,000,000","98,700,000","81,200,000","88,800,000","83,900,000","86,300,000","69,300,000","75,500,000","71,200,000","72,000,000","70,600,000","72,000,000","69,800,000","76,500,000","67,100,000","69,900,000","18,300,000","18,500,000","16,600,000","11,900,000","9,500,000","8,500,000","7,500,000","6,800,000","6,900,000","6,900,000","4,100,000","3,000,000","2,700,000","3,000,000","2,800,000","3,000,000",,,,,,,,,,,,,,,
OperatingExpense,"1,722,000,000","433,000,000","429,000,000","438,000,000","422,000,000","420,500,000","341,900,000","279,100,000","393,500,000","461,400,000","399,300,000","430,900,000","431,900,000","433,200,000","418,500,000","432,200,000","435,200,000","421,900,000","430,500,000","417,600,000","404,700,000","399,700,000","379,100,000","402,100,000","342,100,000","267,800,000","264,300,000","274,979,000","270,233,000","283,163,000","275,980,000","296,121,000","287,842,000","292,127,000","269,165,000","289,921,000","293,677,000","287,991,000","260,352,000","296,034,000","304,353,000","293,603,000","231,493,000","210,984,000","200,767,000","186,427,000","182,057,000","182,383,000","188,034,000","180,020,000","178,841,000","185,138,000","179,228,000","173,569,000","180,729,000","200,867,000","184,002,000","178,669,000","165,708,000","172,084,000","164,077,000","156,104,000","148,521,000","152,926,000","145,431,000","144,093,000","134,324,000","146,376,000","138,548,000","146,409,000","128,825,000","135,003,000","134,027,000","113,486,000","125,887,000","134,085,000","128,061,000","126,142,000","118,173,000","120,099,000","114,716,000","124,549,000","87,975,000","89,391,000","95,803,000","82,250,000","84,680,000","89,650,000","84,513,000","81,700,000","81,600,000","80,800,000","77,900,000","81,300,000","80,700,000","77,700,000","72,900,000","68,400,000","66,000,000","66,400,000","67,900,000","62,100,000","56,600,000","57,600,000","57,000,000","52,700,000","52,000,000","48,600,000","48,300,000","45,500,000","46,000,000","46,500,000","46,600,000","50,900,000","42,200,000","64,700,000","9,700,000","10,800,000","9,800,000","7,600,000","5,600,000","5,200,000","4,500,000","4,300,000","4,200,000","4,200,000","2,600,000","1,800,000","1,600,000","1,700,000","1,600,000","1,800,000",,,,,,,,,,,,,,,
	SellingGeneralAndAdministration,"1,551,000,000","374,000,000","394,000,000","398,000,000","385,000,000","420,500,000","341,900,000","279,100,000","393,500,000","461,400,000","399,300,000","430,900,000","431,900,000","433,200,000","418,500,000","432,200,000","435,200,000","421,900,000","430,500,000","417,600,000","404,700,000","399,700,000","379,100,000","402,100,000","342,100,000","267,800,000","264,300,000","274,979,000","270,233,000","283,163,000","275,980,000","296,121,000","287,842,000","292,127,000","269,165,000","289,921,000","293,677,000","287,991,000","260,352,000","296,034,000","304,353,000","293,603,000","231,493,000","210,984,000","200,767,000","186,427,000","182,057,000","182,383,000","188,034,000","180,020,000","178,841,000","185,138,000","179,228,000","173,569,000","180,729,000","200,867,000","184,002,000","173,496,000","165,708,000","172,084,000","164,077,000","159,532,000","148,521,000","152,926,000","145,431,000","144,093,000","134,324,000","146,376,000","138,548,000","146,409,000","128,825,000","135,003,000","134,027,000","113,486,000","125,887,000","134,085,000","128,061,000","126,142,000","118,173,000","120,099,000","114,716,000","119,476,000","87,975,000","78,700,000","89,393,000","73,046,000","74,166,000","78,745,000","73,777,000","70,400,000","71,700,000","73,000,000","67,300,000","71,600,000","71,200,000","68,500,000","63,800,000","60,100,000","57,900,000","58,300,000","60,000,000","55,000,000","49,800,000","50,400,000","50,000,000","47,700,000","45,600,000","43,300,000","43,500,000","40,500,000","41,000,000","41,500,000","41,400,000","42,600,000","39,400,000","56,000,000","8,500,000","9,500,000","8,900,000","6,800,000","4,800,000","4,400,000","3,800,000","3,600,000","3,400,000","3,400,000","2,200,000","1,500,000","1,300,000","1,400,000","1,300,000","1,500,000",,,,,,,,,,,,,,,
	ResearchAndDevelopment,"171,000,000","59,000,000","35,000,000","40,000,000","37,000,000",,,,,,,,,,,,,,,,,,,,,,,,,,,,,,,,,,,,,,,,,,,,,,,,,,,,,,,,,,,,,,,,,,,,,,,,,,,,,,,,,,,,,,,,,,,,,,,,,,,,,,,,,,,,,,,,,,,,,,,,,,,,,,,,,,,,,,,,,,,,,,
	DepreciationAmortizationDepletionIncomeStatement,,,,,,,,,,,,,,,,,,,,,,,,,,,,,,,,,,,,,,,,,,,,,,,,,,,,,,,,,,,,,,,,,,,,,,,,,,,,,,,,,,,,,"6,410,000","9,204,000","10,514,000","10,905,000","10,736,000","11,300,000","9,900,000","7,800,000","10,600,000","9,700,000","9,500,000","9,200,000","9,100,000","8,300,000","8,100,000","8,100,000","7,900,000","7,100,000","6,800,000","7,200,000","7,000,000","5,000,000","6,400,000","5,300,000","4,800,000","5,000,000","5,000,000","5,000,000","5,200,000","8,300,000","2,800,000","8,700,000","1,200,000","1,300,000","900,000","800,000","800,000","800,000","700,000","700,000","800,000","800,000","400,000","300,000","300,000","300,000","300,000","300,000",,,,,,,,,,,,,,,
		DepreciationAndAmortizationInIncomeStatement,,,,,,,,,,,,,,,,,,,,,,,,,,,,,,,,,,,,,,,,,,,,,,,,,,,,,,,,,,,,,,,,,,,,,,,,,,,,,,,,,,,,,"6,410,000","9,204,000","10,514,000","10,905,000","10,736,000","11,300,000","9,900,000","7,800,000","10,600,000","9,700,000","9,500,000","9,200,000","9,100,000","8,300,000","8,100,000","8,100,000","7,900,000","7,100,000","6,800,000","7,200,000","7,000,000","5,000,000","6,400,000","5,300,000","4,800,000","5,000,000","5,000,000","5,000,000","5,200,000","8,300,000","2,800,000","8,700,000","1,200,000","1,300,000","900,000","800,000","800,000","800,000","700,000","700,000","800,000","800,000","400,000","300,000","300,000","300,000","300,000","300,000",,,,,,,,,,,,,,,
	OtherOperatingExpenses,,,,,,,,,,,,,,,,,,,,,,,,,,,,,,,,,,,,,,,,,,,,,,,,,,,,,,,,,,,,,,,,,,,,,,,,,,,,,,,,,,,,"10,691,000",,,,,,,,,,,,,,,,,,,,,,,,,,,,,,,,,,,,,,,,,,,,,,,,,,,,,,,,,,,,,,,
OperatingIncome,"639,000,000","160,000,000","162,000,000","160,000,000","157,000,000","150,300,000","100,400,000","-103,000,000","74,300,000","149,200,000","114,700,000","109,900,000","67,800,000","91,600,000","57,600,000","120,600,000","78,900,000","171,400,000","128,500,000","126,600,000","87,300,000","141,800,000","134,500,000","124,800,000","76,800,000","106,900,000","105,200,000","124,682,000","103,135,000","109,888,000","112,084,000","128,348,000","106,363,000","105,712,000","107,252,000","125,035,000","94,523,000","104,062,000","103,763,000","111,435,000","88,397,000","67,354,000","66,155,000","103,867,000","99,217,000","101,285,000","90,757,000","105,212,000","94,004,000","104,363,000","94,140,000","101,833,000","87,741,000","97,463,000","99,454,000","114,619,000","101,241,000","94,062,000","87,282,000","96,700,000","82,201,000","84,706,000","77,390,000","89,228,000","74,705,000","79,699,000","74,678,000","80,907,000","70,393,000","83,307,000","70,219,000","77,898,000","70,830,000","73,300,000","65,347,000","71,025,000","62,010,000","71,655,000","61,053,000","65,431,000","55,630,000","49,196,000","44,410,000","44,336,000","40,421,000","49,252,000","38,137,000","39,731,000","36,740,000","44,200,000","34,700,000","36,400,000","34,300,000","42,500,000","31,900,000","35,300,000","31,500,000","42,100,000","29,900,000","32,500,000","28,100,000","36,600,000","24,600,000","31,200,000","26,900,000","33,600,000","17,300,000","26,900,000","22,900,000","26,500,000","24,600,000","25,500,000","23,200,000","25,600,000","24,900,000","5,200,000","8,600,000","7,700,000","6,800,000","4,300,000","3,900,000","3,300,000","3,000,000","2,500,000","2,700,000","2,700,000","1,500,000","1,200,000","1,100,000","1,300,000","1,200,000","1,200,000","-11,300,000","4,900,000","4,900,000","4,100,000","-9,500,000","4,400,000","4,000,000","3,600,000","-8,100,000","3,200,000","3,200,000","3,100,000","-7,100,000","2,600,000","2,600,000"
NetNonOperatingInterestIncomeExpense,"-55,000,000","-12,000,000","-13,000,000","-16,000,000","-14,000,000","-15,300,000","-14,100,000","-11,300,000","-6,300,000","-6,000,000","-5,900,000","-7,800,000","-7,300,000","-8,900,000","-9,100,000","-9,200,000","-8,000,000","-8,900,000","-9,400,000","-9,000,000","-8,600,000","-8,400,000","-7,900,000","-8,900,000","-8,700,000","-25,400,000","-9,200,000","-9,164,000","-9,926,000","-10,470,000","-11,274,000","-10,054,000","-9,520,000","-9,888,000","-9,304,000","-9,264,000","-13,046,000","-9,887,000","-12,146,000","-12,573,000","-13,485,000","-13,059,000","-13,644,000","-3,140,000","-4,515,000","-5,312,000","-4,731,000","-5,859,000","-4,933,000","-4,313,000","-4,598,000","-3,756,000","-4,197,000",,,,,,,,,,,,,,,,,,,,,,,,,,,,,,,,,,,,,,,,,,,,,,,,,,,,,,,,,,,,,,,,,,,,,,,,,,,,,,,,,,,,,,,,,,,,,,
	InterestIncomeNonOperating,,,,,,"-800,000","400,000","1,000,000","400,000","400,000","700,000","200,000","1,100,000","500,000","600,000","400,000","600,000","700,000","400,000","600,000","700,000","600,000","500,000","400,000","500,000","400,000","400,000","660,000","742,000","1,022,000","1,391,000","1,744,000","1,435,000","1,567,000","2,138,000","2,243,000","2,175,000","2,110,000","2,342,000","2,011,000","2,297,000","2,780,000","2,418,000","2,430,000","1,828,000","1,371,000","1,268,000","827,000","787,000","706,000","858,000","1,512,000","1,956,000",,,,,,,,,,,,,,,,,,,,,,,,,,,,,,,,,,,,,,,,,,,,,,,,,,,,,,,,,,,,,,,,,,,,,,,,,,,,,,,,,,,,,,,,,,,,,,
	InterestExpenseNonOperating,"55,000,000","12,000,000","13,000,000","16,000,000","14,000,000","14,500,000","14,500,000","12,300,000","6,700,000","6,400,000","6,600,000","8,000,000","8,400,000","9,400,000","9,700,000","9,600,000","8,600,000","9,600,000","9,800,000","9,600,000","9,300,000","9,000,000","8,400,000","9,300,000","9,200,000","25,800,000","9,600,000","9,824,000","10,668,000","11,492,000","12,665,000","11,798,000","10,955,000","11,455,000","11,442,000","11,507,000","15,221,000","11,997,000","14,488,000","14,584,000","15,782,000","15,839,000","16,062,000","5,570,000","6,343,000","6,683,000","5,999,000","6,686,000","5,720,000","5,019,000","5,456,000","5,268,000","6,153,000",,,,,,,,,,,,,,,,,,,,,,,,,,,,,,,,,,,,,,,,,,,,,,,,,,,,,,,,,,,,,,,,,,,,,,,,,,,,,,,,,,,,,,,,,,,,,,
	TotalOtherFinanceCost,,"16,000,000",,,,"12,000,000",,,"4,900,000","-900,000",,,,"4,400,000",,"8,200,000","-26,100,000","6,500,000","10,300,000",,"7,600,000","1,700,000",,"-2,600,000","5,300,000","20,800,000","5,400,000","8,788,000","10,535,000","8,625,000",,,,"9,494,000",,,,"11,088,000",,,,,,,,,,,,,,,,,,,,,,,,,,,,,,,,,,,,,,,,,,,,,,,,,,,,,,,,,,,,,,,,,,,,,,,,,,,,,,,,,,,,,,,,,,,,,,,,,,,,,,,,,,,,,
OtherIncomeExpense,"-25,000,000","-10,000,000","-11,000,000","-10,000,000","6,000,000","-12,100,000","-19,600,000","-5,600,000","-197,700,000","-5,700,000","-2,300,000","-54,500,000","-6,700,000","-5,300,000","-16,800,000","-1,273,700,000","23,900,000","-875,400,000","-21,500,000","-1,182,400,000","-2,100,000","-800,000","-9,500,000","7,900,000","-700,000","-9,200,000","-2,800,000","-38,505,000","-6,035,000","-4,700,000","-3,294,000","-1,817,000","-1,181,000","-7,897,000","-3,812,000","-6,392,000","-3,583,000","-8,055,000","-15,836,000","-3,276,000","-1,721,000","-3,589,000","-33,535,000","-8,297,000","-703,000","-5,253,000","-923,000","-965,000","-5,625,000","-626,000","-1,690,000","-3,057,000","-2,483,000","-17,519,000","-19,588,000","-1,458,000","-3,301,000","-1,319,000","-4,912,000","-2,860,000","-780,000","-2,036,000","511,000","-3,601,000","-4,183,000","-99,941,000","-131,737,000","1,833,000","3,974,000","-4,160,000","-2,455,000","-908,000","-947,000","1,104,000","1,525,000","552,000","538,000","-4,075,000","-1,856,000","-1,530,000","2,061,000","5,740,000","-1,695,000","-9,803,000","17,332,000","-1,656,000","-925,000","-169,000","-23,000","1,600,000","500,000","700,000","700,000","-42,700,000","-500,000","-29,500,000","1,700,000","-400,000","-100,000","300,000","2,500,000","-100,000","600,000","800,000","1,300,000","-300,000","1,000,000","-2,500,000","200,000","1,500,000","-200,000","700,000","200,000","3,400,000","-300,000","-1,200,000","0",,"-600,000","-700,000",,,,,,,,"-100,000",,,,,,,,,,,,,,,,,,,
	GainOnSaleOfSecurity,"6,000,000",,,,,,,,,"6,500,000",,,,,,,,,,,,,,,,,,,,,,,,,,,,,,,,,,,,,,,,,,,,,,,,,,,,,,,,,,,,,,,,,,,,,,,,,,,,,,,,,,,,,,,,,,,,,,,,,,,,,,,,,,,,,,,,,,,,,,,,,,,,,,,,,,,,,,,,,
	SpecialIncomeCharges,"-17,000,000","-6,000,000","-3,000,000","-5,000,000","-3,000,000","-14,900,000","-18,700,000","-1,300,000","-199,100,000","3,200,000","-5,200,000","-42,400,000","-20,500,000","-9,800,000","-12,100,000","-1,274,700,000","-10,200,000","-877,800,000","-20,600,000","-1,174,600,000","-3,100,000","-7,600,000","-7,900,000","-3,600,000","-4,100,000","-13,800,000","-6,600,000","-38,881,000","-5,426,000","-6,545,000","-2,503,000","-1,242,000","-793,000","-8,291,000","-2,231,000","-2,169,000","-665,000","-4,886,000","-15,836,000","-3,276,000","-1,721,000","-3,589,000","-33,535,000","-8,297,000","-703,000","-5,253,000","-923,000","-965,000","-5,625,000","-626,000","-1,690,000","-3,057,000","-2,483,000","-17,519,000","-19,588,000","-1,458,000","-3,301,000","-1,319,000","-4,912,000","-2,860,000","-780,000","-2,036,000","511,000","-3,601,000","-4,183,000","-99,941,000","-131,737,000","1,833,000","3,974,000","-4,160,000","-2,455,000","-908,000","-947,000","1,104,000","1,525,000","552,000","538,000","-4,075,000","-1,856,000","-1,530,000","2,061,000","5,740,000","-1,695,000","-9,803,000","17,332,000","-1,656,000","-925,000","-169,000","-23,000","1,600,000","500,000","700,000","700,000","-42,700,000","-500,000","-29,500,000","1,700,000","-400,000","-100,000","300,000","2,500,000","-100,000","600,000","800,000","1,300,000","-300,000","1,000,000","-2,500,000","200,000","1,500,000","-200,000","700,000","200,000","3,400,000","-300,000","-1,200,000",,,"-600,000","-700,000",,,,,,,,,,,,,,,,,,,,,,,,,,,
		RestructuringAndMergernAcquisition,"17,000,000","6,000,000","3,000,000","5,000,000","3,000,000","14,500,000","18,700,000","1,300,000","42,500,000","12,600,000","5,200,000","42,400,000","20,500,000","9,800,000","12,100,000","188,900,000","10,200,000","319,800,000","20,600,000","81,700,000","3,100,000","7,600,000","7,900,000","3,600,000","4,100,000","13,800,000","6,600,000","38,881,000","5,426,000","6,545,000","2,503,000","1,242,000","793,000","8,291,000","2,231,000","2,169,000","665,000","6,855,000","15,097,000","2,528,000","1,237,000","2,016,000","26,353,000","6,863,000","633,000","5,723,000","338,000","243,000","4,680,000","985,000","1,210,000","3,125,000","1,570,000","12,153,000","18,539,000","1,458,000","204,000","-3,535,000","4,692,000","3,207,000","990,000","5,051,000","-1,149,000","2,636,000","4,697,000","101,404,000","131,311,000","-228,000","268,000","3,959,000","2,108,000","333,000","724,000",,,,,"47,000","-778,000","-44,000","-1,957,000",,,,"5,500,000",,,,,,,,,,,,,,,,,,,,,,,,,,,,,,,,,,,,,,,,,,,,,,,,,,,,,,,,,,,,,,
		ImpairmentOfCapitalAssets,"0","0","0","0","0","400,000","0","0","156,600,000","0","0","0",,"0","0","1,085,800,000",,"558,000,000","0","1,092,900,000",,,,,,,,,,,,,,,,,,,,,,,,,,,,,,,,,,,,,,,,,,,,,,,,,,,,,,,,,,,,,,,,,,,,,,,,,,,,,,,,,,,,,,,,,,,,,,,,,,,,,,,,,,,,,,,,,,,,,,,,,,,,,,,
		OtherSpecialCharges,,,,,,,,,,,,,,,,,,,"0",,,,,,,,,,,,,,,"0",,,,,"739,000","748,000","484,000","1,573,000","7,182,000","1,434,000","70,000","-470,000","585,000","722,000","945,000","-359,000","480,000","-68,000","913,000","5,366,000","1,049,000",,"3,097,000","4,854,000","220,000","-347,000","-210,000","-3,015,000","638,000","965,000","-514,000","-1,463,000","426,000","-1,605,000","-4,242,000","201,000","347,000","575,000","223,000",,,,,"4,028,000","2,634,000","1,574,000","-104,000",,,,"-22,832,000",,,,,,,,,,,,,,,,,,,,,,,,,,,,,,,,,,,,,,,,,,,,,,,,,,,,,,,,,,,,,,
	OtherNonOperatingIncomeExpenses,"-14,000,000","-10,000,000","-8,000,000","-5,000,000","9,000,000","-10,200,000","-900,000","-4,300,000","1,400,000",,"2,900,000","-12,100,000","13,800,000","10,300,000","-4,700,000","1,000,000","34,100,000","2,400,000","-900,000","-7,800,000","1,000,000","6,800,000","-1,600,000","11,500,000","3,400,000","-600,000","3,800,000","376,000","-609,000","3,187,000","-791,000","-575,000","-388,000","9,376,000","-1,581,000","-4,223,000","-2,918,000",,,,,,,,,,,,,,,,,,,,,,,,,,,,,,,,,,,,,,,,,,,,,,,,,,,,,,,,,,,,,,,,,,,,,,,,,,,,,,,,,,,,,,,,,,,,,,,,,,,,,,,,,,,,,,
PretaxIncome,"559,000,000","138,000,000","138,000,000","134,000,000","149,000,000","122,900,000","66,700,000","-119,900,000","-129,700,000","137,500,000","106,500,000","47,600,000","53,800,000","77,400,000","31,700,000","-1,162,300,000","94,800,000","-712,900,000","97,600,000","-1,064,800,000","76,600,000","132,600,000","117,100,000","123,800,000","67,400,000","72,300,000","93,200,000","77,013,000","87,174,000","94,718,000","97,516,000","116,477,000","95,662,000","87,927,000","94,136,000","109,379,000","77,894,000","86,120,000","75,781,000","95,586,000","73,191,000","50,706,000","18,976,000","92,430,000","93,999,000","90,720,000","85,103,000","98,388,000","83,446,000","99,424,000","87,852,000","95,020,000","81,061,000","75,379,000","75,251,000","109,945,000","94,898,000","97,198,000","81,845,000","95,626,000","83,466,000","79,077,000","78,485,000","86,066,000","71,209,000","-20,269,000","-59,496,000","80,453,000","70,350,000","74,626,000","62,568,000","72,351,000","64,610,000","67,848,000","61,145,000","65,483,000","56,720,000","63,089,000","51,895,000","55,784,000","50,216,000","51,488,000","38,055,000","41,168,000","54,416,000","45,586,000","34,769,000","37,335,000","34,106,000","43,100,000","31,700,000","32,800,000","30,400,000","-4,400,000","27,100,000","2,100,000","30,300,000","38,200,000","26,800,000","29,300,000","27,800,000","33,900,000","22,500,000","29,500,000","25,100,000","30,800,000","15,800,000","21,900,000","21,500,000","25,300,000","22,600,000","24,200,000","21,300,000","24,300,000","19,400,000","-1,400,000","8,000,000","7,500,000","6,200,000","3,600,000","3,000,000","2,500,000","2,000,000","1,500,000","1,300,000","1,300,000","1,200,000","1,100,000","900,000","1,000,000","1,000,000","900,000",,,,,,,,,,,,,,,
TaxProvision,"138,000,000","36,000,000","35,000,000","35,000,000","32,000,000","24,300,000","12,500,000","-24,000,000","10,200,000","35,000,000","21,500,000","11,200,000","14,600,000","75,900,000","4,200,000","-41,300,000","13,700,000","-62,700,000","7,100,000","-14,500,000","16,900,000","24,700,000","24,800,000","17,900,000","-57,900,000","13,800,000","19,600,000","24,775,000","18,853,000","11,289,000","21,283,000","26,096,000","22,452,000","12,551,000","13,187,000","22,870,000","3,542,000","57,470,000","-18,960,000","14,875,000","14,715,000","9,974,000","-40,627,000","17,957,000","23,712,000","21,640,000","21,288,000","25,042,000","21,255,000","23,374,000","19,999,000","24,440,000","21,131,000","4,384,000","9,204,000","31,297,000","26,718,000","27,168,000","16,126,000","30,193,000","24,994,000","14,128,000","29,036,000","26,750,000","21,205,000","-19,545,000","1,309,000","22,560,000","21,301,000","5,673,000","16,225,000","23,129,000","18,842,000","21,794,000","19,831,000","21,265,000","18,453,000","20,820,000","16,129,000","18,964,000","17,120,000","17,641,000","12,136,000","13,764,000","20,090,000","14,724,000","11,434,000","12,708,000","11,913,000","14,600,000","11,000,000","11,600,000","10,900,000","-2,000,000","9,500,000","1,500,000","11,300,000","14,600,000","10,500,000","11,500,000","10,900,000","13,300,000","8,600,000","11,700,000","10,100,000","12,500,000","6,300,000","8,700,000","8,500,000","10,100,000","8,800,000","10,200,000","8,900,000","10,600,000","8,400,000","2,800,000","3,200,000","3,200,000","2,700,000","1,500,000","1,300,000","1,000,000","800,000","600,000","600,000","600,000","500,000","400,000","300,000","400,000","400,000","400,000",,,,,,,,,,,,,,,
EarningsFromEquityInterestNetOfTax,,,,,,,,,,,,,,,,,,,,,,"0",,"0","0","100,000","10,800,000","-8,174,000","-4,367,000","1,284,000","-967,000","-367,000","-290,000","656,000","-83,000","2,182,000","-1,779,000","2,178,000","-2,529,000","1,329,000","-4,248,000","661,000","1,597,000","917,000","-824,000",,,,,,,,,,,,,,,,,,,,,,,,,,,,,,,,,,,,,,,,,,,,,,,,,,,,,,,,,,,,,,,,,,,,,,,,,,,,,,,,,,,,,,,,,,,,,,,,,,,,,,
NetIncomeCommonStockholders,"421,000,000","102,000,000","103,000,000","99,000,000","117,000,000","98,500,000","53,800,000","-95,400,000","-139,900,000","102,300,000","85,000,000","36,400,000","39,200,000","1,800,000","28,000,000","-1,122,000,000","81,200,000","-650,400,000","90,600,000","-1,050,000,000","59,800,000","107,000,000","92,500,000","105,400,000","125,000,000","58,600,000","84,500,000","44,099,000","63,961,000","84,710,000","75,273,000","89,993,000","72,878,000","74,429,000","79,851,000","87,228,000","71,685,000","126,800,000","53,364,000","80,764,000","53,284,000","40,603,000","60,597,000","74,236,000","69,084,000","67,827,000","63,653,000","72,386,000","61,843,000","74,834,000","67,483,000","70,199,000","61,743,000","70,995,000","66,047,000","78,648,000","68,180,000","70,030,000","65,719,000","65,433,000","58,472,000","64,949,000","49,449,000","59,316,000","50,004,000","-724,000","-60,805,000","57,893,000","49,049,000","68,607,000","46,683,000","49,043,000","88,832,000","50,384,000","41,314,000","44,218,000","38,267,000","42,269,000","35,766,000","36,820,000","33,096,000","33,847,000","25,919,000","27,404,000","34,326,000","30,862,000","23,335,000","24,627,000","22,193,000","28,500,000","20,700,000","21,200,000","19,500,000","-2,400,000","17,600,000","600,000","19,000,000","23,600,000","16,300,000","17,800,000","16,900,000","20,600,000","13,900,000","17,800,000","15,000,000","18,300,000","9,500,000","13,200,000","13,000,000","21,800,000","13,900,000","14,000,000","12,400,000","-300,000","11,000,000","-4,200,000","4,800,000","4,300,000","3,500,000","2,100,000","1,700,000","1,500,000","1,200,000","900,000","700,000","700,000","700,000","700,000","600,000","600,000","600,000","500,000",,,,,,,,,,,,,,,
	NetIncome,"421,000,000","102,000,000","103,000,000","99,000,000","117,000,000","98,500,000","53,800,000","-95,400,000","-139,900,000","102,300,000","85,000,000","36,400,000","39,200,000","1,800,000","28,000,000","-1,122,000,000","81,200,000","-650,400,000","90,600,000","-1,050,000,000","59,800,000","107,000,000","92,500,000","105,400,000","125,000,000","58,600,000","84,500,000","44,099,000","63,961,000","84,710,000","75,273,000","89,993,000","72,878,000","74,429,000","79,851,000","87,228,000","71,685,000","126,800,000","53,364,000","80,764,000","53,284,000","40,603,000","60,597,000","74,236,000","69,084,000","67,827,000","63,653,000","72,386,000","61,843,000","74,834,000","67,483,000","70,199,000","61,743,000","70,995,000","66,047,000","78,648,000","68,180,000","70,030,000","65,719,000","65,433,000","58,472,000","64,949,000","49,449,000","59,316,000","50,004,000","-724,000","-60,805,000","57,893,000","49,049,000","68,607,000","46,683,000","49,043,000","88,832,000","50,384,000","41,314,000","44,218,000","38,267,000","42,269,000","35,766,000","36,820,000","33,096,000","33,847,000","25,919,000","27,404,000","34,326,000","30,862,000","23,335,000","24,627,000","22,193,000","28,500,000","20,700,000","21,200,000","19,500,000","-2,400,000","17,600,000","600,000","19,000,000","23,600,000","16,300,000","17,800,000","16,900,000","20,600,000","13,900,000","17,800,000","15,000,000","18,300,000","9,500,000","13,200,000","13,000,000","21,800,000","13,900,000","14,000,000","12,400,000","-300,000","11,000,000","-4,200,000","4,800,000","4,300,000","3,500,000","2,100,000","1,700,000","1,500,000","1,200,000","900,000","700,000","700,000","700,000","700,000","600,000","600,000","600,000","500,000",,,,,,,,,,,,,,,
		NetIncomeIncludingNoncontrollingInterests,"421,000,000","102,000,000","103,000,000","99,000,000","117,000,000","98,600,000","54,200,000","-95,900,000","-139,900,000","102,500,000","85,000,000","36,400,000","39,200,000","1,500,000","27,500,000","-1,121,000,000","81,100,000","-650,200,000","90,500,000","-1,050,300,000","59,700,000","107,900,000","92,300,000","105,900,000","125,300,000","58,600,000","84,400,000","44,064,000","63,954,000","84,713,000","75,266,000","90,014,000","72,920,000","76,032,000","80,866,000","88,691,000","72,573,000","127,928,000","54,292,000","82,040,000","54,228,000","41,393,000","61,200,000","75,390,000","69,463,000","67,984,000","63,815,000","73,346,000","62,191,000","76,050,000","67,853,000","70,580,000","59,930,000","70,995,000","66,047,000","78,648,000","68,180,000","70,087,000","65,719,000","65,433,000","58,472,000","65,087,000","49,449,000","59,316,000","50,004,000","-724,000","-60,805,000","57,893,000","49,049,000","68,607,000","46,683,000","49,043,000","88,832,000","50,384,000","41,314,000","44,218,000","38,267,000","42,269,000","35,766,000","36,820,000","33,096,000","33,847,000","25,919,000","27,404,000","34,326,000","30,862,000","23,335,000","24,627,000","22,193,000","28,500,000","20,700,000","21,200,000","19,500,000","-2,400,000","17,600,000","600,000","19,000,000","23,600,000","16,300,000","17,800,000","16,900,000","20,600,000","13,900,000","17,800,000","15,000,000","18,300,000","9,500,000","13,200,000","13,000,000","21,800,000","13,900,000","14,000,000","12,400,000","-300,000","11,000,000","-4,200,000","4,800,000","4,300,000","3,500,000","2,100,000","1,700,000","1,500,000","1,200,000","900,000","700,000","700,000","700,000","700,000","600,000","600,000","600,000","500,000","400,000","500,000","500,000","300,000","400,000","500,000","200,000","200,000","200,000","200,000","200,000","200,000",,,
			NetIncomeContinuousOperations,"421,000,000","102,000,000","103,000,000","99,000,000","117,000,000","98,600,000","54,200,000","-95,900,000","-139,900,000","102,500,000","85,000,000","36,400,000","39,200,000","1,500,000","27,500,000","-1,121,000,000","81,100,000","-650,200,000","90,500,000","-1,050,300,000","59,700,000","107,900,000","92,300,000","105,900,000","125,300,000","58,600,000","84,400,000","44,064,000","63,954,000","84,713,000","75,266,000","90,014,000","72,920,000","76,032,000","80,866,000","88,691,000","72,573,000","127,928,000","54,292,000","82,040,000","54,228,000","41,393,000","61,200,000","75,390,000","69,463,000","67,984,000","63,815,000","73,346,000","62,191,000","76,050,000","67,853,000","70,580,000","59,930,000","70,995,000","66,047,000","78,648,000","68,180,000","70,030,000","65,719,000","65,433,000","58,472,000","64,949,000","49,449,000","59,316,000","50,004,000","-724,000","-60,805,000","57,893,000","49,049,000","68,953,000","46,343,000","49,222,000","45,768,000","46,054,000","41,314,000","44,218,000","38,267,000","42,269,000","35,766,000","36,820,000","33,096,000","33,847,000","25,919,000","27,404,000","34,326,000","30,862,000","23,335,000","24,627,000","22,193,000","28,500,000","20,700,000","21,200,000","19,500,000","-2,400,000","17,600,000","600,000","19,000,000","23,600,000","16,300,000","17,800,000","16,900,000","20,600,000","13,900,000","17,800,000","15,000,000","18,300,000","9,500,000","13,200,000","13,000,000","15,200,000","13,800,000","14,000,000","12,400,000","13,700,000","11,000,000","-4,200,000","4,800,000","4,300,000","3,500,000","2,100,000","1,700,000","1,500,000","1,200,000","900,000","700,000","700,000","700,000","700,000","600,000","600,000","600,000","500,000","400,000","500,000","500,000","300,000","400,000","500,000","200,000","200,000","200,000","200,000","200,000","200,000",,,
			NetIncomeDiscontinuousOperations,,,,,,,,,,,,,,,,,,,,,,,,,,,,,,,,,,,,,,,,,,,,,,,,,,,,,,,,,,,,,,,,,,,,,,"-346,000","340,000","-179,000","43,064,000",,,,,,,,,,,,,,,,,,,,,,,,,,,,,,,,,,,,,"6,600,000","100,000",,,,,,,,,,,,,,,,,,,,,,,,,,,,,,,,,,,,
		MinorityInterests,"0","0","0","0","0","-100,000","-400,000","500,000","0","-200,000","0","0","0","300,000","500,000","-1,000,000","100,000","-200,000","100,000","300,000","100,000","-900,000","200,000","-500,000","-300,000","0","100,000","35,000","7,000","-3,000","7,000","-21,000","-42,000","-1,603,000","-1,015,000","-1,463,000","-888,000","-1,128,000","-928,000","-1,276,000","-944,000","-790,000","-603,000","-1,154,000","-379,000","-157,000","-162,000","-960,000","-348,000","-1,216,000","-370,000","-381,000","1,813,000",,,,,,,,,,,,,,,,,,,,,,,,,,,,,,,,,,,,,,,,,,,,,,,,,,,,,,,,,,,,,,,,,,,,,,,,,,,,,,,,,,,,,,,,,,,,,,
DilutedNIAvailtoComStockholders,"421,000,000","102,000,000","103,000,000","99,000,000","117,000,000","98,500,000","53,800,000","-95,400,000","-139,900,000","102,300,000","85,000,000","36,400,000","39,200,000","1,800,000","28,000,000","-1,122,000,000","81,200,000","-650,400,000","90,600,000","-1,050,000,000","59,800,000","107,000,000","92,500,000","105,400,000","125,000,000","58,600,000","84,500,000","44,099,000","63,961,000","84,710,000","75,273,000","89,993,000","72,878,000","74,429,000","79,851,000","87,228,000","71,685,000","126,800,000","53,364,000","80,764,000","53,284,000","40,603,000","60,597,000","74,236,000","69,084,000","67,827,000","63,653,000","72,386,000","61,843,000","74,834,000","67,483,000","70,199,000","61,743,000","70,995,000","66,047,000","78,648,000","68,180,000","70,030,000","65,719,000","65,433,000","58,472,000","64,949,000","49,449,000","59,316,000","50,004,000","-724,000","-60,805,000","57,893,000","49,049,000","68,607,000","46,683,000","49,043,000","88,832,000","50,384,000","41,314,000","44,218,000","38,267,000","42,269,000","35,766,000","36,820,000","33,096,000","33,847,000","25,919,000","27,404,000","34,326,000","30,862,000","23,335,000","24,627,000","22,193,000","28,500,000","20,700,000","21,200,000","19,500,000","-2,400,000","17,600,000","600,000","19,000,000","23,600,000","16,300,000","17,800,000","16,900,000","20,600,000","13,900,000","17,800,000","15,000,000","18,300,000","9,500,000","13,200,000","13,000,000","21,800,000","13,900,000","14,000,000","12,400,000","-300,000","11,000,000","-4,200,000","4,800,000","4,300,000","3,500,000","2,100,000","1,700,000","1,500,000","1,200,000","900,000","700,000","700,000","700,000","700,000","600,000","600,000","600,000","500,000",,,,,,,,,,,,,,,
BasicEPS,,"0.47","0.47","0.45","0.53","0.45","0.25","-0.44","-0.63","0.46","0.38","0.16","0.18","0.01","0.13","-4.98","0.36","-2.95","0.39","-4.58","0.26","0.46","0.4","0.45","0.72","0.42","0.6","0.32","0.46","0.6","0.53","0.63","0.51","0.52","0.56","0.61","0.5","0.89","0.38","0.57","0.38",,"0.43","0.53","0.49",,"0.45","0.5","0.42",,"0.45","0.47","0.42",,"0.44","0.53","0.45",,"0.43","0.43","0.38",,"0.32","0.38","0.315",,"-0.385","0.36","0.305",,"0.29","0.305","0.555",,"0.26","0.28","0.245",,"0.23","0.235","0.21",,"0.167","0.177","0.22",,"0.15","0.157","0.14",,"0.13","0.133","0.123",,"0.11","0.003","0.117",,"0.1","0.11","0.103",,"0.087","0.11","0.093",,"0.06","0.083","0.08",,"0.083","0.087","0.077",,"0.077","-0.03",,"0.07","0.057","0.033",,"0.027","0.023","0.02",,"0.017","0.017","0.017",,"0.02","0.02","0.017",,"0.017","0.013","0.01",,"0.013","0.01","0.007",,"0.007","0.007","0.007",,"0.003",
DilutedEPS,,"0.47","0.47","0.45","0.53","0.45","0.25","-0.44","-0.63","0.46","0.38","0.16","0.17","0.01","0.13","-4.98","0.35","-2.95","0.39","-4.58","0.26","0.46","0.39","0.44","0.7","0.41","0.59","0.31","0.45","0.59","0.52","0.62","0.5","0.51","0.55","0.6","0.49","0.88","0.37","0.56","0.37",,"0.42","0.52","0.48",,"0.44","0.49","0.41",,"0.45","0.47","0.41",,"0.44","0.52","0.45",,"0.42","0.42","0.38",,"0.31","0.37","0.31",,"-0.385","0.355","0.3",,"0.285","0.3","0.545",,"0.255","0.275","0.24",,"0.225","0.23","0.21",,"0.163","0.173","0.22",,"0.15","0.157","0.14",,"0.13","0.133","0.123",,"0.11","0.003","0.117",,"0.1","0.11","0.103",,"0.087","0.11","0.093",,"0.06","0.083","0.08",,"0.083","0.087","0.077",,"0.077","-0.03",,"0.07","0.057","0.033",,"0.027","0.023","0.02",,"0.017","0.017","0.017",,"0.02","0.02","0.017",,"0.017","0.013","0.01",,"0.013","0.01","0.007",,"0.007","0.007","0.007",,"0.003",
BasicAverageShares,,"218,000,000","218,600,000","218,400,000","218,800,000","218,600,000","218,500,000","218,700,000","220,900,000","222,700,000","223,100,000","224,200,000","223,300,000","222,700,000","222,400,000","225,200,000","227,200,000","228,600,000","229,500,000","229,400,000","230,100,000","230,700,000","232,600,000","233,700,000","174,800,000","140,000,000","139,800,000","139,813,000","140,296,000","141,254,000","141,766,000","141,790,000","142,053,000","142,539,000","142,421,000","142,922,000","142,775,000","142,098,000","141,843,000","141,737,000","141,721,000",,"141,349,000","141,052,000","141,614,000",,"142,501,000","144,779,000","146,776,000",,"148,547,000","148,577,000","148,514,000",,"148,775,000","148,851,000","149,945,000",,"151,632,000","152,000,000","152,031,000",,"153,968,000","156,814,000","157,998,000",,"157,790,000","160,274,000","161,406,000",,"160,990,000","160,986,000","159,844,000",,"157,998,000","157,376,000","156,884,000",,"156,494,000","156,326,000","155,894,000",,"155,502,000","155,244,000","154,926,000",,"154,995,000","155,736,000","156,945,000",,"159,151,194","158,920,540","158,029,094",,"159,920,040","179,910,045","162,775,755",,"162,918,541","161,737,313","163,466,654",,"160,304,463","161,737,313","160,633,969",,"158,254,206","158,320,840","162,418,791",,"166,716,642","161,457,733","161,658,301",,"143,406,558","139,930,035",,"61,397,872","61,733,839","62,968,516",,"56,221,889","51,402,870","44,977,511",,"41,979,010","41,979,010","41,979,010",,"29,985,007","29,985,007","29,985,007",,"35,370,314","35,370,314","35,370,314",,"31,400,300","31,400,300","31,400,300",,"35,370,314","35,370,314","35,370,314",,"35,370,314","35,370,314"
DilutedAverageShares,,"219,200,000","220,500,000","220,700,000","219,900,000","219,500,000","219,200,000","218,700,000","220,900,000","223,500,000","224,900,000","225,700,000","225,000,000","223,500,000","223,700,000","225,200,000","229,900,000","228,600,000","233,100,000","229,400,000","234,000,000","234,200,000","236,300,000","237,400,000","178,400,000","142,900,000","142,400,000","142,262,000","142,804,000","143,996,000","144,286,000","144,164,000","144,453,000","145,157,000","144,698,000","145,133,000","145,099,000","144,297,000","143,884,000","143,863,000","143,984,000",,"143,395,000","143,373,000","144,044,000",,"144,063,000","146,939,000","149,294,000",,"150,638,000","150,057,000","149,705,000",,"151,697,000","151,790,000","152,983,000",,"154,736,000","154,873,000","154,564,000",,"157,153,000","159,834,000","161,060,000",,"157,790,000","163,216,000","164,578,000",,"164,220,000","164,178,000","163,002,000",,"162,014,000","160,654,000","160,014,000",,"160,254,000","160,152,000","159,242,000",,"158,298,000","157,854,000","156,981,000",,"156,966,000","157,134,000","157,608,000",,"159,151,194","158,920,540","158,029,094",,"159,920,040","179,910,045","162,775,755",,"162,918,541","161,737,313","163,466,654",,"160,304,463","161,737,313","160,633,969",,"158,254,206","158,320,840","162,418,791",,"166,716,642","161,457,733","161,658,301",,"143,406,558","139,930,035",,"61,397,872","61,733,839","62,968,516",,"56,221,889","51,402,870","44,977,511",,"41,979,010","41,979,010","41,979,010",,"29,985,007","29,985,007","29,985,007",,"35,370,314","35,370,314","35,370,314",,"31,400,300","31,400,300","31,400,300",,"35,370,314","35,370,314","35,370,314",,"35,370,314","35,370,314"
TotalOperatingIncomeAsReported,"622,000,000","154,000,000","159,000,000","155,000,000","154,000,000","135,400,000","81,700,000","-104,300,000","-124,800,000","136,600,000","109,500,000","67,500,000","47,300,000","81,800,000","45,500,000","-1,154,100,000","68,700,000","-706,400,000","107,900,000","-1,048,000,000","84,200,000","134,200,000","126,600,000","121,200,000","72,700,000","93,100,000","98,600,000","85,801,000","97,709,000","103,343,000","109,581,000","127,106,000","105,570,000","97,421,000","105,021,000","122,866,000","93,858,000","97,207,000","88,666,000","108,907,000","87,160,000","65,338,000","39,802,000","97,004,000","98,584,000","95,562,000","90,419,000","104,969,000","89,324,000","103,378,000","92,930,000","98,708,000","86,171,000","85,310,000","80,915,000","113,161,000","101,037,000","97,597,000","82,590,000","93,493,000","81,211,000","79,655,000","78,539,000","86,592,000","70,008,000","-21,705,000","-56,633,000","81,135,000","70,125,000","79,348,000","68,111,000","77,565,000","70,106,000","69,600,000","65,347,000","71,025,000","62,010,000","71,608,000","61,831,000","65,475,000","57,587,000","54,696,000","44,410,000","44,336,000","28,511,000","49,252,000","38,137,000","39,731,000","36,740,000","44,200,000","34,700,000","36,400,000","34,300,000","42,500,000","31,900,000","35,300,000","31,500,000","42,100,000","29,900,000","32,500,000","28,100,000","36,600,000","24,600,000","31,200,000","26,900,000","33,600,000","17,300,000","26,900,000","22,900,000","26,500,000","24,600,000","25,500,000","23,200,000","25,600,000","24,900,000","5,200,000","8,600,000","7,700,000","6,800,000","4,300,000","3,900,000","3,300,000","3,000,000","2,500,000","2,700,000","2,700,000","1,500,000","1,200,000","1,100,000","1,300,000","1,200,000","1,200,000",,,,,,,,,,,,,,,
TotalExpenses,"3,612,000,000","928,000,000","907,000,000","907,000,000","870,000,000","932,000,000","794,400,000","593,600,000","800,000,000","962,300,000","847,400,000","899,500,000","878,400,000","968,100,000","870,800,000","921,500,000","877,200,000","919,600,000","880,700,000","866,100,000","813,200,000","854,700,000","819,700,000","897,200,000","695,800,000","564,200,000","543,700,000","573,324,000","553,185,000","609,153,000","596,156,000","636,877,000","623,751,000","647,946,000","596,766,000","635,975,000","637,561,000","649,226,000","591,971,000","651,559,000","628,016,000","670,659,000","553,604,000","505,576,000","471,286,000","466,884,000","451,058,000","459,874,000","451,940,000","464,356,000","436,892,000","451,383,000","419,208,000","410,678,000","430,499,000","480,228,000","459,541,000","447,442,000","400,821,000","410,662,000","390,663,000","386,625,000","358,335,000","383,216,000","356,291,000","367,663,000","341,286,000","363,927,000","336,582,000","379,627,000","320,373,000","347,427,000","344,551,000","283,069,000","335,073,000","346,924,000","334,177,000","349,435,000","302,403,000","312,547,000","295,588,000","326,093,000","209,091,000","210,299,000","205,248,000","189,469,000","177,118,000","183,559,000","175,790,000","177,400,000","168,900,000","172,700,000","162,300,000","177,800,000","165,100,000","161,800,000","149,200,000","155,400,000","142,800,000","145,800,000","144,300,000","143,700,000","130,700,000","133,800,000","129,000,000","128,100,000","120,000,000","113,000,000","110,200,000","113,600,000","105,300,000","115,600,000","117,200,000","122,200,000","108,600,000","126,600,000","35,900,000","36,400,000","31,900,000","24,600,000","19,600,000","18,100,000","17,500,000","16,700,000","15,800,000","14,900,000","9,200,000","6,600,000","6,800,000","5,700,000","6,100,000","6,100,000",,,,,,,,,,,,,,,
NetIncomeFromContinuingAndDiscontinuedOperation,"421,000,000","102,000,000","103,000,000","99,000,000","117,000,000","98,500,000","53,800,000","-95,400,000","-139,900,000","102,300,000","85,000,000","36,400,000","39,200,000","1,800,000","28,000,000","-1,122,000,000","81,200,000","-650,400,000","90,600,000","-1,050,000,000","59,800,000","107,000,000","92,500,000","105,400,000","125,000,000","58,600,000","84,500,000","44,099,000","63,961,000","84,710,000","75,273,000","89,993,000","72,878,000","74,429,000","79,851,000","87,228,000","71,685,000","126,800,000","53,364,000","80,764,000","53,284,000","40,603,000","60,597,000","74,236,000","69,084,000","67,827,000","63,653,000","72,386,000","61,843,000","74,834,000","67,483,000","70,199,000","61,743,000","70,995,000","66,047,000","78,648,000","68,180,000","70,030,000","65,719,000","65,433,000","58,472,000","64,949,000","49,449,000","59,316,000","50,004,000","-724,000","-60,805,000","57,893,000","49,049,000","68,607,000","46,683,000","49,043,000","88,832,000","50,384,000","41,314,000","44,218,000","38,267,000","42,269,000","35,766,000","36,820,000","33,096,000","33,847,000","25,919,000","27,404,000","34,326,000","30,862,000","23,335,000","24,627,000","22,193,000","28,500,000","20,700,000","21,200,000","19,500,000","-2,400,000","17,600,000","600,000","19,000,000","23,600,000","16,300,000","17,800,000","16,900,000","20,600,000","13,900,000","17,800,000","15,000,000","18,300,000","9,500,000","13,200,000","13,000,000","21,800,000","13,900,000","14,000,000","12,400,000","13,700,000","11,000,000","-4,200,000","4,800,000","4,300,000","3,500,000","2,100,000","1,700,000","1,500,000","1,200,000","900,000","700,000","700,000","700,000","700,000","600,000","600,000","600,000","500,000",,,,,,,,,,,,,,,
NormalizedIncome,"429,283,000","102,000,000","105,244,000","102,695,000","119,355,000","100,024,328.723","69,003,100","-94,360,216.847","5,443,000","95,069,090.909","89,149,600","68,836,000","54,144,500","13,188,000","38,502,800","-64,253,940","89,921,000","150,196,942.068","109,696,200","108,604,789.632","62,214,900","113,184,313.725","98,725,200","108,478,000","127,460,000","65,558,506.224","89,714,000","70,460,318","68,214,984","91,656,984.976","77,230,346","90,956,792","73,484,881.834","89,236,393.042","81,769,660","88,943,679","72,320,075","131,717,250","63,657,400","83,530,192.078","54,658,994.139","43,486,034.513","82,394,750","80,921,085.805","69,609,662.624","71,826,969.577","64,345,117.14","73,105,385.393","66,035,224.612","75,312,831.067","68,788,281.268","72,469,712.061","63,578,730.993","87,495,104.87","83,239,178.655","79,690,964.973","70,551,621.952","70,980,323.772","69,663,183.86","67,389,982.201","59,018,428.007","66,621,245.583","49,127,047.538","61,797,780.448","52,941,363.704","59,240,600","18,237,200","56,573,995.5","46,278,271.841","72,796,760.62","48,161,374.648","49,839,732.664","46,438,829.531","45,304,624.69","40,283,599.313","43,845,256.906","37,904,030.219","44,999,209.307","37,045,153.984","37,829,870.214","31,737,650.948","30,073,659.027","27,073,452.897","33,929,490.964","23,392,851.073","31,983,122.099","23,955,808.047","24,738,476.175","22,207,966.252","27,441,995.36","20,373,501.577","20,747,560.976","19,050,986.842","23,220,000","17,924,723.247","18,300,000","17,933,993.399","23,847,120.419","16,360,820.896","17,617,747.44","15,380,215.827","20,660,766.962","13,529,333.333","17,317,288.136","14,220,000","18,480,000","8,898,734.177","14,706,849.315","12,879,069.767","14,298,814.229","13,922,123.894","13,580,000","12,280,000","11,660,000","11,180,000","-3,480,000","4,800,000","4,300,000","3,860,000","2,520,000","1,700,000","1,500,000","1,200,000","900,000","700,000","700,000","700,000","700,000","600,000","600,000","600,000","500,000",,,,,,,,,,,,,,,
InterestIncome,,,,,,"-800,000","400,000","1,000,000","400,000","400,000","700,000","200,000","1,100,000","500,000","600,000","400,000","600,000","700,000","400,000","600,000","700,000","600,000","500,000","400,000","500,000","400,000","400,000","660,000","742,000","1,022,000","1,391,000","1,744,000","1,435,000","1,567,000","2,138,000","2,243,000","2,175,000","2,110,000","2,342,000","2,011,000","2,297,000","2,780,000","2,418,000","2,430,000","1,828,000","1,371,000","1,268,000","827,000","787,000","706,000","858,000","1,512,000","1,956,000",,"4,669,000",,,,,"6,995,000",,"3,516,000",,,,"2,421,000",,"2,159,000",,,,,"674,000","868,000","377,000",,,,,"167,000",,,,,,"-74,000",,,,,,,,,,,,,,,,,,,,,,,,,,,,,,,,,,,,,,,,,,,,,,,,,,,,,,,,,,,,,
InterestExpense,"55,000,000","12,000,000","13,000,000","16,000,000","14,000,000","14,500,000","14,500,000","12,300,000","6,700,000","6,400,000","6,600,000","8,000,000","8,400,000","9,400,000","9,700,000","9,600,000","8,600,000","9,600,000","9,800,000","9,600,000","9,300,000","9,000,000","8,400,000","9,300,000","9,200,000","25,800,000","9,600,000","9,824,000","10,668,000","11,492,000","12,665,000","11,798,000","10,955,000","11,455,000","11,442,000","11,507,000","15,221,000","11,997,000","14,488,000","14,584,000","15,782,000","15,839,000","16,062,000","5,570,000","6,343,000","6,683,000","5,999,000","6,686,000","5,720,000","5,019,000","5,456,000","5,268,000","6,153,000",,"9,284,000",,,,,"5,209,000",,"3,543,000",,,,"2,448,000",,"4,446,000",,,,,"5,947,000","7,424,000","6,104,000",,,,,"8,284,000",,,,,,"1,936,000",,,,,,,,,"4,400,000",,,,,,,,"2,800,000",,,,,,,,,,,,,,"600,000",,,,,,,,,,,,,,,,,,,,,,,,,,,,,,
NetInterestIncome,"-55,000,000","-12,000,000","-13,000,000","-16,000,000","-14,000,000","-15,300,000","-14,100,000","-11,300,000","-6,300,000","-6,000,000","-5,900,000","-7,800,000","-7,300,000","-8,900,000","-9,100,000","-9,200,000","-8,000,000","-8,900,000","-9,400,000","-9,000,000","-8,600,000","-8,400,000","-7,900,000","-8,900,000","-8,700,000","-25,400,000","-9,200,000","-9,164,000","-9,926,000","-10,470,000","-11,274,000","-10,054,000","-9,520,000","-9,888,000","-9,304,000","-9,264,000","-13,046,000","-9,887,000","-12,146,000","-12,573,000","-13,485,000","-13,059,000","-13,644,000","-3,140,000","-4,515,000","-5,312,000","-4,731,000","-5,859,000","-4,933,000","-4,313,000","-4,598,000","-3,756,000","-4,197,000",,"-4,615,000",,,,,"1,786,000",,"-27,000",,,,"-27,000",,"-2,287,000",,,,,"-5,273,000","-6,556,000","-5,727,000",,,,,"-8,117,000",,,,,,"-2,010,000",,,,,,,,,"-4,400,000",,,,,,,,"-2,800,000",,,,,,,,,,,,,,"-600,000",,,,,,,,,,,,,,,,,,,,,,,,,,,,,,
EBIT,"614,000,000","150,000,000","151,000,000","150,000,000","163,000,000","137,400,000","81,200,000","-107,600,000","-123,000,000","143,900,000","113,100,000","55,600,000","62,200,000","86,800,000","41,400,000","-1,152,700,000","103,400,000","-703,300,000","107,400,000","-1,055,200,000","85,900,000","141,600,000","125,500,000","133,100,000","76,600,000","98,100,000","102,800,000","86,837,000","97,842,000","106,210,000","110,181,000","128,275,000","106,617,000","99,382,000","105,578,000","120,886,000","93,115,000","98,117,000","90,269,000","110,170,000","88,973,000","66,545,000","35,038,000","98,000,000","100,342,000","97,403,000","91,102,000","105,074,000","89,166,000","104,443,000","93,308,000","100,288,000","87,214,000","72,686,000","99,454,000","114,619,000","101,241,000","94,062,000","87,282,000","96,700,000","82,201,000","84,706,000","77,390,000","89,228,000","74,705,000","79,699,000","74,678,000","80,907,000","70,393,000","83,307,000","70,219,000","77,898,000","70,830,000","73,300,000","65,347,000","71,025,000","62,010,000","71,655,000","61,053,000","65,431,000","55,630,000","49,196,000","44,410,000","44,336,000","40,421,000","49,252,000","38,137,000","39,731,000","36,740,000","44,200,000","34,700,000","36,400,000","34,300,000","42,500,000","31,900,000","35,300,000","31,500,000","42,100,000","29,900,000","32,500,000","28,100,000","36,600,000","24,600,000","31,200,000","26,900,000","33,600,000","17,300,000","26,900,000","22,900,000","26,500,000","24,600,000","25,500,000","23,200,000","25,600,000","24,900,000","5,200,000","8,600,000","7,700,000","6,800,000","4,300,000","3,900,000","3,300,000","3,000,000","2,500,000","2,700,000","2,700,000","1,500,000","1,200,000","1,100,000","1,300,000","1,200,000","1,200,000","-11,300,000","4,900,000","4,900,000","4,100,000","-9,500,000","4,400,000","4,000,000","3,600,000","-8,100,000","3,200,000","3,200,000","3,100,000","-7,100,000","2,600,000","2,600,000"
EBITDA,"960,000,000"
ReconciledCostOfRevenue,"1,890,000,000","495,000,000","478,000,000","469,000,000","448,000,000","511,500,000","452,500,000","314,500,000","406,500,000","500,900,000","448,100,000","468,600,000","446,500,000","534,900,000","452,300,000","489,300,000","442,000,000","497,700,000","450,200,000","448,500,000","408,500,000","455,000,000","440,600,000","495,100,000","353,700,000","296,400,000","279,400,000","298,345,000","282,952,000","325,990,000","320,176,000","340,756,000","335,909,000","355,819,000","327,601,000","346,054,000","343,884,000","361,235,000","331,619,000","355,525,000","323,663,000","377,056,000","322,111,000","294,592,000","270,519,000","280,457,000","269,001,000","277,491,000","263,906,000","284,336,000","258,051,000","266,245,000","239,980,000","237,109,000","249,770,000","279,361,000","275,539,000","268,773,000","235,113,000","238,578,000","226,586,000","230,521,000","209,814,000","230,290,000","210,860,000","223,570,000","206,962,000","217,551,000","198,034,000","233,218,000","191,548,000","212,424,000","210,524,000","169,583,000","209,186,000","212,839,000","206,116,000","223,293,000","184,230,000","192,448,000","180,872,000","201,544,000","121,116,000","120,908,000","103,160,000","107,219,000","92,438,000","93,909,000","91,277,000","95,700,000","87,300,000","91,900,000","84,400,000","96,500,000","84,400,000","84,100,000","76,300,000","87,000,000","76,800,000","79,400,000","76,400,000","81,600,000","74,100,000","76,200,000","72,000,000","75,400,000","68,000,000","64,400,000","61,900,000","68,100,000","59,400,000","69,200,000","70,600,000","71,300,000","67,600,000","61,900,000","26,200,000","25,700,000","22,000,000","17,000,000","14,000,000","13,000,000","12,900,000","12,400,000","11,600,000","10,700,000","6,500,000","4,800,000","5,200,000","4,000,000","4,500,000","4,300,000",,,,,,,,,,,,,,,
ReconciledDepreciation,"346,000,000","85,000,000","85,000,000","88,000,000","88,000,000","87,600,000","88,100,000","78,900,000","79,400,000","78,300,000","78,600,000","82,800,000","83,100,000","77,700,000","84,200,000","85,700,000","83,200,000","82,000,000","80,500,000","77,800,000","76,100,000","74,800,000","76,200,000","75,400,000","45,300,000","28,500,000","33,772,000","30,411,000","30,217,000","29,599,000","32,660,000","32,879,000","33,939,000","31,658,000","31,068,000","32,827,000","32,350,000","32,401,000","28,427,000","32,798,000","35,573,000","21,147,000","26,793,000","19,516,000","17,579,000","16,221,000","15,910,000","16,420,000","17,789,000","15,830,000","16,398,000","16,576,000","16,371,000","13,529,000","15,094,000","14,096,000","14,210,000","12,469,000","12,468,000","12,418,000","12,934,000","11,809,000","12,228,000","11,302,000","12,095,000","10,995,000","12,522,000","13,611,000","13,432,000","12,713,000","12,019,000","11,541,000","13,023,000","8,727,000","11,947,000","12,888,000","12,099,000","11,718,000","9,692,000","12,077,000","10,372,000","13,685,000","14,222,000","13,732,000","12,695,000","9,204,000","10,514,000","10,905,000","10,736,000","11,300,000","9,900,000","7,800,000","10,600,000","9,700,000","9,500,000","9,200,000","9,100,000","8,300,000","8,100,000","8,100,000","7,900,000","7,100,000","6,800,000","7,200,000","7,000,000","5,000,000","6,400,000","5,300,000","4,800,000","5,000,000","4,900,000","4,900,000","5,200,000","8,300,000","1,600,000","8,700,000","1,200,000","1,200,000","1,000,000","800,000","800,000","700,000","800,000","700,000","800,000","800,000","500,000","300,000","300,000","300,000","300,000","300,000",,,,,,,,,,,,,,,
NetIncomeFromContinuingOperationNetMinorityInterest,"421,000,000","102,000,000","103,000,000","99,000,000","117,000,000","98,500,000","53,800,000","-95,400,000","-139,900,000","102,300,000","85,000,000","36,400,000","39,200,000","1,800,000","28,000,000","-1,122,000,000","81,200,000","-650,400,000","90,600,000","-1,050,000,000","59,800,000","107,000,000","92,500,000","105,400,000","125,000,000","58,600,000","84,500,000","44,099,000","63,961,000","84,710,000","75,273,000","89,993,000","72,878,000","74,429,000","79,851,000","87,228,000","71,685,000","126,800,000","53,364,000","80,764,000","53,284,000","40,603,000","60,597,000","74,236,000","69,084,000","67,827,000","63,653,000","72,386,000","61,843,000","74,834,000","67,483,000","70,199,000","61,743,000","70,995,000","66,047,000","78,648,000","68,180,000","70,030,000","65,719,000","65,433,000","58,472,000","64,949,000","49,449,000","59,316,000","50,004,000","-724,000","-60,805,000","57,893,000","49,049,000","68,953,000","46,343,000","49,222,000","45,768,000","46,054,000","41,314,000","44,218,000","38,267,000","42,269,000","35,766,000","36,820,000","33,096,000","33,847,000","25,919,000","27,404,000","34,326,000","30,862,000","23,335,000","24,627,000","22,193,000","28,500,000","20,700,000","21,200,000","19,500,000","-2,400,000","17,600,000","600,000","19,000,000","23,600,000","16,300,000","17,800,000","16,900,000","20,600,000","13,900,000","17,800,000","15,000,000","18,300,000","9,500,000","13,200,000","13,000,000","15,200,000","13,800,000","14,000,000","12,400,000","13,700,000","11,000,000","-4,200,000","4,800,000","4,300,000","3,500,000","2,100,000","1,700,000","1,500,000","1,200,000","900,000","700,000","700,000","700,000","700,000","600,000","600,000","600,000","500,000",,,,,,,,,,,,,,,
TotalUnusualItemsExcludingGoodwill,"-11,000,000","0","-3,000,000","-5,000,000","-3,000,000","-1,900,000","-18,700,000","-1,300,000","-199,100,000","9,700,000","-5,200,000","-42,400,000","-20,500,000","-15,600,000","-12,100,000","-1,274,700,000","-10,200,000","-877,800,000","-20,600,000","-1,174,600,000","-3,100,000","-7,600,000","-7,900,000","-3,600,000","-4,100,000","-8,600,000","-6,600,000","-38,881,000","-5,426,000","-7,887,000","-2,503,000","-1,242,000","-793,000","-17,273,000","-2,231,000","-2,169,000","-665,000","-7,565,000","-15,836,000","-3,276,000","-1,721,000","-3,589,000","-33,535,000","-8,297,000","-703,000","-5,253,000","-923,000","-965,000","-5,625,000","-626,000","-1,690,000","-3,057,000","-2,483,000","-17,519,000","-19,588,000","-1,458,000","-3,301,000","-1,319,000","-4,912,000","-2,860,000","-780,000","-2,036,000","511,000","-3,601,000","-4,183,000","-99,941,000","-131,737,000","1,833,000","3,974,000","-4,160,000","-2,455,000","-908,000","-947,000","1,104,000","1,525,000","552,000","538,000","-4,075,000","-1,856,000","-1,530,000","2,061,000","5,740,000","-1,695,000","-9,803,000","17,332,000","-1,656,000","-925,000","-169,000","-23,000","1,600,000","500,000","700,000","700,000","-42,700,000","-500,000","-29,500,000","1,700,000","-400,000","-100,000","300,000","2,500,000","-100,000","600,000","800,000","1,300,000","-300,000","1,000,000","-2,500,000","200,000","1,500,000","-200,000","700,000","200,000","3,400,000","-300,000","-1,200,000",,,"-600,000","-700,000",,,,,,,,,,,,,,,,,,,,,,,,,,,
TotalUnusualItems,"-11,000,000","0","-3,000,000","-5,000,000","-3,000,000","-1,900,000","-18,700,000","-1,300,000","-199,100,000","9,700,000","-5,200,000","-42,400,000","-20,500,000","-15,600,000","-12,100,000","-1,274,700,000","-10,200,000","-877,800,000","-20,600,000","-1,174,600,000","-3,100,000","-7,600,000","-7,900,000","-3,600,000","-4,100,000","-8,600,000","-6,600,000","-38,881,000","-5,426,000","-7,887,000","-2,503,000","-1,242,000","-793,000","-17,273,000","-2,231,000","-2,169,000","-665,000","-7,565,000","-15,836,000","-3,276,000","-1,721,000","-3,589,000","-33,535,000","-8,297,000","-703,000","-5,253,000","-923,000","-965,000","-5,625,000","-626,000","-1,690,000","-3,057,000","-2,483,000","-17,519,000","-19,588,000","-1,458,000","-3,301,000","-1,319,000","-4,912,000","-2,860,000","-780,000","-2,036,000","511,000","-3,601,000","-4,183,000","-99,941,000","-131,737,000","1,833,000","3,974,000","-4,160,000","-2,455,000","-908,000","-947,000","1,104,000","1,525,000","552,000","538,000","-4,075,000","-1,856,000","-1,530,000","2,061,000","5,740,000","-1,695,000","-9,803,000","17,332,000","-1,656,000","-925,000","-169,000","-23,000","1,600,000","500,000","700,000","700,000","-42,700,000","-500,000","-29,500,000","1,700,000","-400,000","-100,000","300,000","2,500,000","-100,000","600,000","800,000","1,300,000","-300,000","1,000,000","-2,500,000","200,000","1,500,000","-200,000","700,000","200,000","3,400,000","-300,000","-1,200,000",,,"-600,000","-700,000",,,,,,,,,,,,,,,,,,,,,,,,,,,
NormalizedEBITDA,"971,000,000","235,000,000","239,000,000","243,000,000","254,000,000","226,900,000","188,000,000","-27,400,000","155,500,000","212,500,000","196,900,000","180,800,000","165,800,000","180,100,000","137,700,000","207,700,000","196,800,000","256,500,000","208,500,000","197,200,000","165,100,000","224,000,000","209,600,000","212,100,000","126,000,000","135,200,000","143,172,000","156,129,000","133,485,000","143,696,000","145,344,000","162,396,000","141,349,000","148,313,000","138,877,000","155,882,000","126,130,000","138,083,000","134,532,000","146,244,000","126,267,000","91,281,000","95,366,000","125,813,000","118,624,000","118,877,000","107,935,000","122,459,000","112,580,000","120,899,000","111,396,000","119,921,000","106,068,000","103,734,000","134,136,000","130,173,000","118,752,000","107,850,000","104,662,000","111,978,000","95,915,000","98,551,000","89,107,000","104,131,000","90,983,000","190,635,000","218,937,000","92,685,000","79,851,000","100,180,000","84,693,000","90,347,000","84,800,000","80,923,000","75,769,000","83,361,000","73,571,000","87,448,000","72,601,000","79,038,000","63,941,000","57,141,000","60,327,000","67,871,000","35,784,000","60,112,000","49,576,000","50,805,000","47,499,000","53,900,000","44,100,000","43,500,000","44,200,000","94,900,000","41,900,000","74,000,000","38,900,000","50,800,000","38,100,000","40,300,000","33,500,000","43,800,000","30,800,000","37,600,000","32,600,000","38,900,000","22,700,000","34,700,000","27,500,000","30,000,000","29,800,000","29,800,000","28,200,000","30,500,000","28,000,000","15,100,000","9,800,000","9,000,000","8,400,000","5,800,000","4,700,000","4,100,000","3,800,000","3,200,000","3,500,000","3,500,000","2,000,000","1,500,000","1,400,000","1,600,000","1,500,000","1,500,000","-11,300,000","4,900,000","4,900,000","4,100,000","-9,500,000","4,400,000","4,000,000","3,600,000","-8,100,000","3,200,000","3,200,000","3,100,000","-7,100,000","2,600,000","2,600,000"
TaxRateForCalcs,"0.247","0.261","0.252","0.261","0.215","0.198","0.187","0.2","0.27","0.255","0.202","0.235","0.271","0.27","0.132","0.17","0.145","0.088","0.073","0.014","0.221","0.186","0.212","0.145","0.4","0.191","0.21","0.322","0.216","0.119","0.218","0.224","0.235","0.143","0.14","0.209","0.045","0.35","0.35","0.156","0.201","0.197","0.35","0.194","0.252","0.239","0.25","0.255","0.255","0.235","0.228","0.257","0.261","0.058","0.122","0.285","0.282","0.28","0.197","0.316","0.299","0.179","0.37","0.311","0.298","0.4","0.4","0.28","0.303","0.076","0.259","0.32","0.292","0.321","0.324","0.325","0.325","0.33","0.311","0.34","0.341","0.343","0.319","0.334","0.369","0.323","0.329","0.34","0.349","0.339","0.347","0.354","0.359","0.4","0.351","0.4","0.373","0.382","0.392","0.392","0.392","0.392","0.382","0.397","0.4","0.4","0.399","0.397","0.395","0.399","0.389","0.4","0.4","0.4","0.4","0.4","0.4","0.4","0.4","0.4","0.4","0.4","0.4","0.4","0.4","0.4","0.4","0.364","0.333","0.4","0.4","0.4",,,,,,,,,,,,,,,
TaxEffectOfUnusualItems,"-2,717,000","0","-756,000","-1,305,000","-645,000","-375,671.277","-3,496,900","-260,216.847","-53,757,000","2,469,090.909","-1,050,400","-9,964,000","-5,555,500","-4,212,000","-1,597,200","-216,953,940","-1,479,000","-77,203,057.932","-1,503,800","-15,995,210.368","-685,100","-1,415,686.275","-1,674,800","-522,000","-1,640,000","-1,641,493.776","-1,386,000","-12,519,682","-1,172,016","-940,015.024","-545,654","-278,208","-186,118.166","-2,465,606.958","-312,340","-453,321","-29,925","-2,647,750","-5,542,600","-509,807.922","-346,005.861","-705,965.487","-11,737,250","-1,611,914.195","-177,337.376","-1,253,030.423","-230,882.86","-245,614.607","-1,432,775.388","-147,168.933","-384,718.732","-786,287.939","-647,269.007","-1,018,895.13","-2,395,821.345","-415,035.027","-929,378.048","-368,676.228","-967,816.14","-903,017.799","-233,571.993","-363,754.417","189,047.538","-1,119,219.552","-1,245,636.296","-39,976,400","-52,694,800","513,995.5","1,203,271.841","-316,239.38","-636,625.352","-290,267.336","-276,170.469","354,624.69","494,599.313","179,256.906","175,030.219","-1,344,790.693","-576,846.016","-520,129.786","702,650.948","1,966,659.027","-540,547.103","-3,277,509.036","6,398,851.073","-534,877.901","-304,191.953","-57,523.825","-8,033.748","541,995.36","173,501.577","247,560.976","250,986.842","-17,080,000","-175,276.753","-11,800,000","633,993.399","-152,879.581","-39,179.104","117,747.44","980,215.827","-39,233.038","229,333.333","317,288.136","520,000","-120,000","398,734.177","-993,150.685","79,069.767","598,814.229","-77,876.106","280,000","80,000","1,360,000","-120,000","-480,000","0","0","-240,000","-280,000","0","0","0","0","0","0","0","0","0","0","0","0",,,,,,,,,,,,,,,