name,ttm,12/31/2021,09/30/2021,06/30/2021,03/31/2021,12/31/2020,09/30/2020,06/30/2020,03/31/2020,12/31/2019,09/30/2019,06/30/2019,03/31/2019,12/31/2018,09/30/2018,06/30/2018,03/31/2018,12/31/2017,09/30/2017,06/30/2017,03/31/2017,12/31/2016,09/30/2016,06/30/2016,03/31/2016,12/31/2015,09/30/2015,06/30/2015,03/31/2015,12/31/2014,09/30/2014,06/30/2014,03/31/2014,12/31/2013,09/30/2013,06/30/2013,03/31/2013,12/31/2012,09/30/2012,06/30/2012,03/31/2012,12/31/2011,09/30/2011,06/30/2011,03/31/2011,12/31/2010,09/30/2010,06/30/2010,03/31/2010,12/31/2009,09/30/2009,06/30/2009,03/31/2009,12/31/2008,09/30/2008,06/30/2008,03/31/2008,12/31/2007,09/30/2007,06/30/2007,03/31/2007,12/31/2006,09/30/2006,06/30/2006,03/31/2006,12/31/2005,09/30/2005,06/30/2005,03/31/2005,12/31/2004,09/30/2004,06/30/2004,03/31/2004,12/31/2003,09/30/2003,06/30/2003,03/31/2003,12/31/2002,09/30/2002,06/30/2002,03/31/2002,12/31/2001,09/30/2001,06/30/2001,03/31/2001,12/31/2000,09/30/2000,06/30/2000,03/31/2000,12/31/1999,09/30/1999,06/30/1999,03/31/1999,12/31/1998,09/30/1998,06/30/1998,03/31/1998
TotalRevenue,"6,584,000,000","1,890,000,000","1,606,000,000","1,602,000,000","1,486,000,000","1,743,000,000","1,448,000,000","1,198,000,000","1,263,000,000","1,694,000,000","1,339,000,000","1,310,000,000","1,254,000,000","1,558,000,000","1,391,000,000","1,368,000,000","1,371,000,000","1,577,000,000","1,436,000,000","1,448,000,000","1,417,000,000","-2,577,000,000","3,316,000,000","3,008,000,000","2,619,000,000","3,951,000,000","3,427,000,000","3,105,000,000","2,622,000,000","3,997,000,000","3,354,000,000","3,204,000,000","2,724,000,000","4,179,000,000","3,466,000,000","2,904,000,000","2,535,000,000","4,153,000,000","3,569,000,000","3,168,000,000","2,743,000,000","4,111,000,000","3,274,000,000","2,816,000,000","2,425,000,000","3,562,000,000","2,862,000,000","2,574,000,000","2,345,000,000","3,365,000,000","2,778,000,000","2,476,000,000","2,217,000,000","3,383,000,000","2,835,000,000","2,653,000,000","2,408,000,000","3,262,000,000","2,564,000,000","2,367,000,000","2,223,000,000","3,016,000,000","2,278,000,000","2,182,000,000","2,085,000,000","2,899,000,000","2,243,000,000","2,153,000,000","2,054,000,000","2,785,000,000","2,179,000,000","2,077,000,000","1,970,000,000","2,653,000,000","1,989,000,000","1,936,000,000","1,802,000,000","2,461,000,000","1,915,000,000","1,767,000,000","1,614,000,000","2,202,000,000","1,640,000,000","1,605,000,000","1,506,000,000","2,182,000,000","1,658,000,000","1,656,000,000","1,597,000,000","2,311,000,000","1,812,000,000","1,886,000,000","1,813,000,000","2,526,000,000","2,017,000,000","2,001,000,000","1,921,000,000"
	OperatingRevenue,"6,584,000,000","1,890,000,000","1,606,000,000","1,602,000,000","1,486,000,000","1,743,000,000","1,448,000,000","1,198,000,000","1,263,000,000","1,694,000,000","1,339,000,000","1,310,000,000","1,254,000,000","1,558,000,000","1,391,000,000","1,368,000,000","1,371,000,000","1,577,000,000","1,436,000,000","1,448,000,000","1,417,000,000","-2,577,000,000","3,316,000,000","3,008,000,000","2,619,000,000","3,951,000,000","3,427,000,000","3,105,000,000","2,622,000,000","3,997,000,000","3,354,000,000","3,204,000,000","2,724,000,000","4,179,000,000","3,466,000,000","2,904,000,000","2,535,000,000","4,153,000,000","3,569,000,000","3,168,000,000","2,743,000,000","4,111,000,000","3,274,000,000","2,816,000,000","2,425,000,000","3,562,000,000","2,862,000,000","2,574,000,000","2,345,000,000","3,365,000,000","2,778,000,000","2,476,000,000","2,217,000,000","3,383,000,000","2,835,000,000","2,653,000,000","2,408,000,000","3,262,000,000","2,564,000,000","2,367,000,000","2,223,000,000","3,016,000,000","2,278,000,000","2,182,000,000","2,085,000,000","2,899,000,000","2,243,000,000","2,153,000,000","2,054,000,000","2,785,000,000","2,179,000,000","2,077,000,000","1,970,000,000","2,653,000,000","1,989,000,000","1,936,000,000","1,802,000,000","2,461,000,000","1,915,000,000","1,767,000,000","1,614,000,000","2,202,000,000","1,640,000,000","1,605,000,000","1,506,000,000","2,182,000,000","1,658,000,000","1,656,000,000","1,597,000,000","2,311,000,000","1,812,000,000","1,886,000,000","1,813,000,000","2,526,000,000","2,017,000,000","2,001,000,000","1,921,000,000"
CostOfRevenue,"3,418,000,000","1,017,000,000","827,000,000","816,000,000","758,000,000","925,000,000","725,000,000","649,000,000","666,000,000","868,000,000","660,000,000","639,000,000","616,000,000","811,000,000","727,000,000","735,000,000","757,000,000","807,000,000","778,000,000","802,000,000","804,000,000","-2,594,000,000","2,318,000,000","2,196,000,000","1,780,000,000","2,981,000,000","2,494,000,000","2,295,000,000","1,831,000,000","3,090,000,000","2,504,000,000","2,364,000,000","1,884,000,000","3,131,000,000","2,534,000,000","2,198,000,000","1,796,000,000","3,115,000,000","2,575,000,000","2,365,000,000","1,930,000,000","3,085,000,000","2,401,000,000","2,078,000,000","1,691,000,000","2,632,000,000","2,041,000,000","1,878,000,000","1,679,000,000","2,533,000,000","2,036,000,000","1,828,000,000","1,610,000,000","2,617,000,000","2,124,000,000","2,025,000,000","1,253,000,000","2,506,000,000","1,890,000,000","1,773,000,000","1,140,000,000","3,741,000,000","1,176,000,000","1,119,000,000","1,058,000,000","2,215,000,000","1,698,000,000","1,130,000,000","1,065,000,000","1,484,000,000","1,143,000,000","1,083,000,000","1,011,000,000","1,400,000,000","1,025,000,000","994,000,000","922,000,000","1,253,000,000","967,000,000","887,000,000","808,000,000","1,132,000,000","845,000,000","735,000,000","696,000,000","1,000,000,000","766,000,000","755,000,000","732,000,000","1,088,000,000","850,000,000","883,000,000","845,000,000","1,250,000,000","972,000,000","965,000,000","947,000,000"
GrossProfit,"3,166,000,000","873,000,000","779,000,000","786,000,000","728,000,000","818,000,000","723,000,000","549,000,000","597,000,000","826,000,000","679,000,000","671,000,000","638,000,000","747,000,000","664,000,000","633,000,000","614,000,000","770,000,000","658,000,000","646,000,000","613,000,000","17,000,000","998,000,000","812,000,000","839,000,000","970,000,000","933,000,000","810,000,000","791,000,000","907,000,000","850,000,000","840,000,000","840,000,000","1,048,000,000","932,000,000","706,000,000","739,000,000","1,038,000,000","994,000,000","803,000,000","813,000,000","1,026,000,000","873,000,000","738,000,000","734,000,000","930,000,000","821,000,000","696,000,000","666,000,000","832,000,000","742,000,000","648,000,000","607,000,000","766,000,000","711,000,000","628,000,000","1,155,000,000","756,000,000","674,000,000","594,000,000","1,083,000,000","-725,000,000","1,102,000,000","1,063,000,000","1,027,000,000","684,000,000","545,000,000","1,023,000,000","989,000,000","1,301,000,000","1,036,000,000","994,000,000","959,000,000","1,253,000,000","964,000,000","942,000,000","880,000,000","1,208,000,000","948,000,000","880,000,000","806,000,000","1,070,000,000","795,000,000","870,000,000","810,000,000","1,182,000,000","892,000,000","901,000,000","865,000,000","1,223,000,000","962,000,000","1,003,000,000","968,000,000","1,276,000,000","1,045,000,000","1,036,000,000","974,000,000"
OperatingExpense,"1,060,000,000","371,000,000","253,000,000","230,000,000","206,000,000","340,000,000","257,000,000","259,000,000","208,000,000","300,000,000","208,000,000","198,000,000","211,000,000","264,000,000","204,000,000","208,000,000","219,000,000","300,000,000","215,000,000","247,000,000","237,000,000","133,000,000","377,000,000","365,000,000","286,000,000","528,000,000","328,000,000","353,000,000","295,000,000","473,000,000","323,000,000","352,000,000","271,000,000","479,000,000","327,000,000","333,000,000","273,000,000","560,000,000","332,000,000","346,000,000","272,000,000","499,000,000","310,000,000","308,000,000","266,000,000","464,000,000","285,000,000","283,000,000","298,000,000","488,000,000","267,000,000","232,000,000","252,000,000","372,000,000","301,000,000","313,000,000","733,000,000","414,000,000","274,000,000","275,000,000","763,000,000","-1,088,000,000","757,000,000","738,000,000","735,000,000","391,000,000","223,000,000","749,000,000","725,000,000","955,000,000","745,000,000","719,000,000","716,000,000","900,000,000","695,000,000","722,000,000","663,000,000","928,000,000","690,000,000","639,000,000","580,000,000","826,000,000","564,000,000","655,000,000","634,000,000","944,000,000","677,000,000","683,000,000","673,000,000","971,000,000","726,000,000","783,000,000","766,000,000","1,056,000,000","825,000,000","847,000,000","835,000,000"
	SellingGeneralAndAdministration,"1,060,000,000","371,000,000","253,000,000","230,000,000","206,000,000","340,000,000","257,000,000","259,000,000","208,000,000","300,000,000","208,000,000","198,000,000","211,000,000","264,000,000","204,000,000","208,000,000","219,000,000","300,000,000","215,000,000","247,000,000","237,000,000","133,000,000","377,000,000","365,000,000","286,000,000","528,000,000","328,000,000","353,000,000","295,000,000","473,000,000","323,000,000","352,000,000","271,000,000","479,000,000","327,000,000","333,000,000","273,000,000","560,000,000","332,000,000","346,000,000","272,000,000","499,000,000","310,000,000","308,000,000","285,000,000","464,000,000","285,000,000","283,000,000","245,000,000","512,000,000","276,000,000","306,000,000","275,000,000","399,000,000","323,000,000","317,000,000","823,000,000","433,000,000","294,000,000","287,000,000","784,000,000","-1,052,000,000","770,000,000","765,000,000","739,000,000","407,000,000","252,000,000","774,000,000","739,000,000","991,000,000","758,000,000","727,000,000","728,000,000","966,000,000","692,000,000","681,000,000","660,000,000","916,000,000","688,000,000","638,000,000","587,000,000","784,000,000","579,000,000","597,000,000","561,000,000","835,000,000","595,000,000","602,000,000","591,000,000","850,000,000","644,000,000","695,000,000","671,000,000","937,000,000","728,000,000","750,000,000","731,000,000"
		GeneralAndAdministrativeExpense,"1,060,000,000","371,000,000","253,000,000","230,000,000","206,000,000","340,000,000","257,000,000","259,000,000","208,000,000","300,000,000","208,000,000","198,000,000","211,000,000","264,000,000","204,000,000","208,000,000","219,000,000","300,000,000","215,000,000","247,000,000","237,000,000","133,000,000","377,000,000","365,000,000","286,000,000","528,000,000","328,000,000","353,000,000","295,000,000","473,000,000","323,000,000","352,000,000","271,000,000","479,000,000","327,000,000","333,000,000","273,000,000","560,000,000","332,000,000","346,000,000",,,"310,000,000","308,000,000",,,"285,000,000","283,000,000",,,,,,,,,,,,,,,,,,,,,,,,,,,,,,,,,,,,,,,,,,,,,,,,,
			OtherGandA,"1,060,000,000","371,000,000","253,000,000","230,000,000","206,000,000","340,000,000","257,000,000","259,000,000","208,000,000","300,000,000","208,000,000","198,000,000","211,000,000","264,000,000","204,000,000","208,000,000","219,000,000","300,000,000","215,000,000","247,000,000","237,000,000","133,000,000","377,000,000","365,000,000","286,000,000","528,000,000","328,000,000","353,000,000","295,000,000","473,000,000","323,000,000","352,000,000","271,000,000","479,000,000","327,000,000","333,000,000","273,000,000","560,000,000","332,000,000","346,000,000",,,"310,000,000","308,000,000",,,"285,000,000","283,000,000",,,,,,,,,,,,,,,,,,,,,,,,,,,,,,,,,,,,,,,,,,,,,,,,,
		SellingAndMarketingExpense,,,,,,,"313,000,000","264,000,000","310,000,000","427,000,000","325,000,000","315,000,000","301,000,000","374,000,000","288,000,000","274,000,000",,,,,,,,,,,,,,,,,,,,,,,,,,,,,,,,,,,,,,,,,,,,,,,,,,,,,,,,,,,,,,,,,,,,,,,,,,,,,,,,,
	DepreciationAmortizationDepletionIncomeStatement,,,,,,,,,,,,,,,,,,,,,,,,,,,,,,,,,,,,,,,,,,,,,,,,,,,,,,,,,,,,,,,,,,,,,,,,,,,,,,,,,,,,"85,000,000","73,000,000","109,000,000","82,000,000","81,000,000","82,000,000","121,000,000","82,000,000","88,000,000","95,000,000","119,000,000","97,000,000","97,000,000","104,000,000"
		DepreciationAndAmortizationInIncomeStatement,,,,,,,,,,,,,,,,,,,,,,,,,,,,,,,,,,,,,,,,,,,,,,,,,,,,,,,,,,,,,,,,,,,,,,,,,,,,,,,,,,,,"85,000,000","73,000,000","109,000,000","82,000,000","81,000,000","82,000,000","121,000,000","82,000,000","88,000,000","95,000,000","119,000,000","97,000,000","97,000,000","104,000,000"
	OtherOperatingExpenses,,,,,,,"17,000,000","36,000,000","58,000,000","51,000,000","42,000,000","44,000,000","43,000,000","51,000,000","47,000,000","45,000,000","317,000,000","76,000,000","61,000,000","52,000,000","48,000,000","57,000,000","47,000,000","50,000,000","48,000,000","96,000,000","65,000,000","47,000,000","34,000,000","51,000,000","42,000,000","34,000,000","33,000,000","50,000,000","44,000,000","34,000,000","30,000,000","49,000,000","32,000,000","26,000,000","-79,000,000",,"41,000,000","33,000,000","-19,000,000",,"24,000,000","24,000,000","53,000,000","-24,000,000","-9,000,000","-74,000,000","-23,000,000","-27,000,000","-22,000,000","-4,000,000","-90,000,000","-19,000,000","-20,000,000","-12,000,000","-21,000,000","-36,000,000","-13,000,000","-27,000,000","-4,000,000","-16,000,000","-29,000,000","-25,000,000","-14,000,000","-36,000,000","-13,000,000","-8,000,000","-12,000,000","-66,000,000","3,000,000","41,000,000","3,000,000",,"2,000,000","1,000,000","-7,000,000",,"-15,000,000","-27,000,000",,,,,,,,,,,,,
OperatingIncome,"2,106,000,000","502,000,000","526,000,000","556,000,000","522,000,000","478,000,000","466,000,000","290,000,000","389,000,000","526,000,000","471,000,000","473,000,000","427,000,000","483,000,000","460,000,000","425,000,000","395,000,000","470,000,000","443,000,000","399,000,000","376,000,000","-116,000,000","621,000,000","447,000,000","553,000,000","442,000,000","605,000,000","457,000,000","496,000,000","434,000,000","527,000,000","488,000,000","569,000,000","569,000,000","605,000,000","373,000,000","466,000,000","478,000,000","662,000,000","457,000,000","541,000,000","527,000,000","563,000,000","430,000,000","468,000,000","466,000,000","536,000,000","413,000,000","368,000,000","344,000,000","475,000,000","416,000,000","355,000,000","394,000,000","410,000,000","315,000,000","422,000,000","342,000,000","400,000,000","319,000,000","320,000,000","363,000,000","345,000,000","325,000,000","292,000,000","293,000,000","322,000,000","274,000,000","264,000,000","346,000,000","291,000,000","275,000,000","243,000,000","353,000,000","269,000,000","220,000,000","217,000,000","280,000,000","258,000,000","241,000,000","226,000,000","244,000,000","231,000,000","215,000,000","176,000,000","238,000,000","215,000,000","218,000,000","192,000,000","252,000,000","236,000,000","220,000,000","202,000,000","220,000,000","220,000,000","189,000,000","139,000,000"
NetNonOperatingInterestIncomeExpense,"-544,000,000","-128,000,000","-126,000,000","-159,000,000","-131,000,000","-132,000,000","-161,000,000","-132,000,000","-118,000,000","-132,000,000","-120,000,000","-119,000,000","-115,000,000","-122,000,000","-111,000,000","-112,000,000","-107,000,000","-118,000,000","-109,000,000","-104,000,000","-109,000,000","-143,000,000","-87,000,000","-40,000,000","-37,000,000","-35,000,000","-32,000,000","-33,000,000","-34,000,000","-40,000,000","-28,000,000","-29,000,000","-33,000,000","-153,000,000","-31,000,000","-32,000,000","-31,000,000","-42,000,000","-32,000,000","-38,000,000","-37,000,000","-46,000,000","-32,000,000","-35,000,000","-43,000,000","-54,000,000","-38,000,000","-42,000,000","-41,000,000","-56,000,000","-42,000,000","-43,000,000","-53,000,000",,,,,,,,,,,,,,,,,,,,,,,,,,,,,,,,,,,,,,,,,,,,
	InterestIncomeNonOperating,,,,,,,,,,,,,,,,,,,,,,,,,,,,,,,,,,"13,000,000","5,000,000","3,000,000","2,000,000","9,000,000","4,000,000","4,000,000","3,000,000","9,000,000","8,000,000","6,000,000","5,000,000","8,000,000","6,000,000","3,000,000","3,000,000","7,000,000","4,000,000","4,000,000","4,000,000",,,,,,,,,,,,,,,,,,,,,,,,,,,,,,,,,,,,,,,,,,,,
	InterestExpenseNonOperating,"544,000,000","128,000,000","126,000,000","159,000,000","131,000,000","132,000,000","161,000,000","132,000,000","118,000,000","132,000,000","120,000,000","119,000,000","115,000,000","122,000,000","111,000,000","112,000,000","107,000,000","118,000,000","109,000,000","104,000,000","109,000,000","143,000,000","87,000,000","40,000,000","37,000,000","35,000,000","32,000,000","33,000,000","34,000,000","40,000,000","28,000,000","29,000,000","33,000,000","166,000,000","36,000,000","35,000,000","33,000,000","51,000,000","36,000,000","42,000,000","40,000,000","55,000,000","40,000,000","41,000,000","48,000,000","62,000,000","44,000,000","45,000,000","44,000,000","63,000,000","46,000,000","47,000,000","57,000,000",,,,,,,,,,,,,,,,,,,,,,,,,,,,,,,,,,,,,,,,,,,,
	TotalOtherFinanceCost,,,,,,,,,,"132,000,000","120,000,000","119,000,000","115,000,000","122,000,000","111,000,000","112,000,000","107,000,000","118,000,000","109,000,000","104,000,000","109,000,000","143,000,000","87,000,000","40,000,000","37,000,000","35,000,000","32,000,000","33,000,000","34,000,000","40,000,000","28,000,000","29,000,000","33,000,000",,"31,000,000","32,000,000","31,000,000","42,000,000","-32,000,000",,,,"32,000,000","35,000,000","-43,000,000",,,,,,,"-43,000,000",,,,,,,,,,,,,,,,,,,,,,,,,,,,,,,,,,,,,,,,,,,,,
OtherIncomeExpense,"112,000,000","33,000,000","51,000,000","10,000,000","18,000,000","6,000,000","11,000,000","99,000,000","-176,000,000","3,000,000","-51,000,000","23,000,000","-13,000,000","78,000,000","185,000,000","44,000,000","221,000,000","740,000,000","190,000,000","16,000,000","80,000,000","32,000,000","33,000,000","44,000,000","11,000,000","-1,000,000","-2,000,000","-86,000,000","10,000,000","-477,000,000","23,000,000","-9,000,000","2,000,000","2,000,000","-255,000,000","17,000,000","21,000,000","27,000,000","9,000,000","16,000,000","104,000,000","-20,000,000","-75,000,000","-11,000,000","-67,000,000","-26,000,000","8,000,000","8,000,000","-4,000,000",,"-5,000,000","-22,000,000","-4,000,000","-166,000,000","23,000,000","4,000,000","92,000,000","7,000,000","20,000,000","3,000,000","17,000,000","2,000,000","12,000,000","9,000,000","-6,000,000","16,000,000","29,000,000","25,000,000","14,000,000","36,000,000","13,000,000","-6,000,000","12,000,000","66,000,000","-3,000,000","-41,000,000","-3,000,000","13,000,000","-2,000,000","1,000,000","7,000,000","-17,000,000","15,000,000","27,000,000",,"28,000,000","-83,000,000","2,000,000","50,000,000","26,000,000","141,000,000","129,000,000","34,000,000","99,000,000","59,000,000","73,000,000","29,000,000"
	GainOnSaleOfSecurity,"100,000,000","34,000,000","54,000,000","5,000,000","7,000,000","23,000,000","16,000,000","99,000,000","-46,000,000","-16,000,000","-59,000,000","25,000,000","-16,000,000","-177,000,000","96,000,000","23,000,000","66,000,000",,,,,"-4,000,000","-3,000,000","18,000,000","-9,000,000","-2,000,000","-12,000,000","-1,000,000","-6,000,000",,,"-1,000,000","-11,000,000","1,000,000","-6,000,000","-6,000,000","1,000,000","9,000,000","-5,000,000","-2,000,000",,,"3,000,000","2,000,000",,,"-3,000,000","2,000,000",,,,,,,,,,,,,,,,,,,,,,,,,,,,,,,,,,,,,,,,,,,,,,,,,
	EarningsFromEquityInterest,,,,,,,,,,,,,,,,,,,,,,,"18,000,000","10,000,000","16,000,000","10,000,000","15,000,000","7,000,000","9,000,000","-1,000,000","9,000,000","9,000,000","13,000,000","9,000,000","13,000,000","-3,000,000","7,000,000","9,000,000","16,000,000","9,000,000",,,"13,000,000","11,000,000",,,"14,000,000","8,000,000",,,,,,,"13,000,000",,,"17,000,000","19,000,000",,,,,,,,,,,,,,,,,,,,,,,,,,,,,,,,,,,,,,
	SpecialIncomeCharges,"19,000,000","0","-2,000,000","7,000,000","14,000,000","-12,000,000","-1,000,000","2,000,000","-127,000,000","14,000,000","8,000,000","4,000,000","6,000,000","249,000,000","100,000,000","29,000,000","156,000,000","750,000,000","200,000,000","18,000,000","110,000,000","80,000,000","18,000,000","16,000,000","4,000,000","-9,000,000","-5,000,000","-92,000,000","7,000,000","-462,000,000","14,000,000","-17,000,000","0","-8,000,000","-262,000,000","26,000,000","13,000,000","9,000,000","-2,000,000","9,000,000","104,000,000","28,000,000","-91,000,000","-24,000,000","-67,000,000","5,000,000","-3,000,000","-2,000,000","-4,000,000",,"-5,000,000","-22,000,000","-4,000,000","-133,000,000","10,000,000","4,000,000","92,000,000","-10,000,000","1,000,000","3,000,000","17,000,000","2,000,000","12,000,000","9,000,000","-6,000,000","16,000,000","29,000,000","25,000,000","14,000,000","-18,000,000","13,000,000","-6,000,000","12,000,000","66,000,000","-3,000,000","-41,000,000","-3,000,000","13,000,000","-2,000,000","1,000,000","7,000,000","-17,000,000","15,000,000","27,000,000",,"28,000,000","-83,000,000","2,000,000","50,000,000","26,000,000","141,000,000","129,000,000","34,000,000","99,000,000","59,000,000","73,000,000","29,000,000"
		RestructuringAndMergernAcquisition,,,,,,,,,,,,,,,,,,,,,,,,,,,,,,"-12,000,000",,,,"0","0","0","0","0","0","0",,,,,,,"0","0",,,,,,,"3,000,000",,"-2,000,000","12,000,000","-1,000,000","9,000,000","4,000,000","34,000,000","1,000,000","18,000,000","10,000,000",,,,,,,,,,,,,,,,,,,,,,,,,,,,,,,,
		ImpairmentOfCapitalAssets,"16,000,000","14,000,000","1,000,000","0","1,000,000","11,000,000","10,000,000","6,000,000","140,000,000",,,,,,,,,,,,,,,,,,,,,,,,,,,,,,"4,000,000","4,000,000","1,000,000","22,000,000","25,000,000","19,000,000","69,000,000",,"5,000,000","12,000,000","4,000,000",,"5,000,000","22,000,000","4,000,000",,,,,,,,,,,,,,,,,,,,,,,,,,,,,,,,,,,,,,,,,,,,
		OtherSpecialCharges,"-35,000,000","-14,000,000","1,000,000","-7,000,000","-15,000,000","-4,000,000","-9,000,000","-8,000,000","-13,000,000","-19,000,000","-8,000,000","-4,000,000","-6,000,000","-255,000,000","-100,000,000","-29,000,000","-156,000,000","-752,000,000","-201,000,000","-19,000,000","-111,000,000","-56,000,000","-25,000,000","-53,000,000","-7,000,000","-55,000,000","2,000,000","68,000,000","-10,000,000","-31,000,000","-20,000,000","-4,000,000","-3,000,000","-13,000,000","-38,000,000","-32,000,000","-17,000,000","-37,000,000","-2,000,000","-13,000,000","-105,000,000","-50,000,000","66,000,000","5,000,000","-2,000,000","-31,000,000","-2,000,000","-10,000,000","63,000,000",,"4,000,000",,,,"-13,000,000",,"-90,000,000","-2,000,000",,"-12,000,000","-21,000,000","-36,000,000","-13,000,000","-27,000,000","-4,000,000",,,,,,,,,,,,,,,,,,,,,,,,,,,,,,,,
		GainOnSaleOfBusiness,,,,,,,"9,000,000","8,000,000","13,000,000","19,000,000","8,000,000","4,000,000","6,000,000","255,000,000","100,000,000","29,000,000","156,000,000","0","-1,000,000","-1,000,000","-1,000,000","33,000,000","-7,000,000","-37,000,000","-3,000,000","-49,000,000","-3,000,000","-24,000,000","-3,000,000","-505,000,000","-6,000,000","-21,000,000","-3,000,000","-21,000,000","-300,000,000","-6,000,000","-4,000,000","-28,000,000","-4,000,000","-4,000,000",,,"-25,000,000","-19,000,000",,,"-5,000,000","-12,000,000",,,,,,,,,,,,,,,,,,,,,,,,,,,,,,,,,,,,,,,,,,,,,,,,,
	OtherNonOperatingIncomeExpenses,"-7,000,000","-1,000,000","-1,000,000","-2,000,000","-3,000,000","-5,000,000","-4,000,000","-2,000,000","-3,000,000","5,000,000","-1,000,000","-6,000,000","-3,000,000","6,000,000","-11,000,000","-8,000,000","-1,000,000","-5,000,000","-10,000,000","-2,000,000","-30,000,000","-51,000,000","15,000,000","28,000,000","7,000,000","-2,000,000","3,000,000","6,000,000","3,000,000","22,000,000","9,000,000","8,000,000","2,000,000",,"7,000,000","-9,000,000","8,000,000","18,000,000",,,,,,,,,,,,,,,,,,,,,,,,,,,,,,,,,,,,,,,,,,,,,,,,,,,,,,,,,,,
PretaxIncome,"1,674,000,000","407,000,000","451,000,000","407,000,000","409,000,000","352,000,000","316,000,000","257,000,000","95,000,000","397,000,000","300,000,000","377,000,000","299,000,000","439,000,000","534,000,000","357,000,000","509,000,000","1,092,000,000","524,000,000","311,000,000","347,000,000","-227,000,000","567,000,000","451,000,000","527,000,000","406,000,000","571,000,000","338,000,000","472,000,000","-83,000,000","522,000,000","450,000,000","538,000,000","418,000,000","319,000,000","358,000,000","456,000,000","463,000,000","639,000,000","435,000,000","608,000,000","461,000,000","456,000,000","384,000,000","358,000,000","386,000,000","506,000,000","379,000,000","323,000,000","319,000,000","428,000,000","351,000,000","298,000,000","286,000,000","360,000,000","263,000,000","371,000,000","276,000,000","363,000,000","272,000,000","280,000,000","280,000,000","310,000,000","271,000,000","247,000,000","252,000,000","294,000,000","244,000,000","236,000,000","313,000,000","262,000,000","261,000,000","208,000,000","303,000,000","230,000,000","178,000,000","175,000,000","245,000,000","213,000,000","208,000,000","192,000,000","223,000,000","195,000,000","178,000,000","137,000,000","211,000,000","93,000,000","179,000,000","201,000,000","221,000,000","335,000,000","298,000,000","184,000,000","245,000,000","217,000,000","195,000,000","99,000,000"
TaxProvision,"99,000,000","77,000,000","-77,000,000","16,000,000","83,000,000","20,000,000","33,000,000","51,000,000","12,000,000","-91,000,000","45,000,000","88,000,000","37,000,000","105,000,000","80,000,000","36,000,000","76,000,000","656,000,000","106,000,000","105,000,000","67,000,000","141,000,000","-65,000,000","116,000,000","132,000,000","131,000,000","145,000,000","102,000,000","111,000,000","36,000,000","119,000,000","112,000,000","139,000,000","103,000,000","182,000,000","82,000,000","120,000,000","127,000,000","161,000,000","102,000,000","147,000,000","104,000,000","67,000,000","62,000,000","91,000,000","109,000,000","139,000,000","90,000,000","78,000,000","101,000,000","88,000,000","45,000,000","79,000,000","82,000,000","78,000,000","39,000,000","117,000,000","45,000,000","93,000,000","58,000,000","86,000,000","48,000,000","80,000,000","79,000,000","77,000,000","52,000,000","80,000,000","57,000,000","75,000,000","78,000,000","77,000,000","60,000,000","66,000,000","89,000,000","66,000,000","56,000,000","57,000,000","73,000,000","66,000,000","68,000,000","68,000,000","59,000,000","71,000,000","62,000,000","49,000,000","83,000,000","34,000,000","73,000,000","81,000,000","76,000,000","138,000,000","119,000,000","78,000,000","94,000,000","89,000,000","83,000,000","45,000,000"
NetIncomeCommonStockholders,"1,575,000,000","330,000,000","528,000,000","391,000,000","326,000,000","332,000,000","283,000,000","206,000,000","83,000,000","488,000,000","255,000,000","289,000,000","262,000,000","334,000,000","454,000,000","321,000,000","433,000,000","436,000,000","418,000,000","206,000,000","280,000,000","267,000,000","622,000,000","339,000,000","391,000,000","275,000,000","421,000,000","235,000,000","362,000,000","-86,000,000","404,000,000","334,000,000","399,000,000","321,000,000","152,000,000","281,000,000","337,000,000","337,000,000","471,000,000","331,000,000","458,000,000","356,000,000","383,000,000","316,000,000","264,000,000","274,000,000","357,000,000","286,000,000","241,000,000","216,000,000","334,000,000","303,000,000","218,000,000","204,000,000","282,000,000","224,000,000","254,000,000","231,000,000","270,000,000","214,000,000","194,000,000","232,000,000","230,000,000","192,000,000","170,000,000","200,000,000","214,000,000","187,000,000","161,000,000","235,000,000","185,000,000","169,000,000","142,000,000","214,000,000","164,000,000","122,000,000","117,000,000","172,000,000","147,000,000","140,000,000","124,000,000","164,000,000","124,000,000","116,000,000","88,000,000","128,000,000","59,000,000","106,000,000","120,000,000","145,000,000","197,000,000","179,000,000","106,000,000","151,000,000","128,000,000","112,000,000","54,000,000"
	NetIncome,"1,575,000,000","330,000,000","528,000,000","391,000,000","326,000,000","332,000,000","283,000,000","206,000,000","83,000,000","488,000,000","255,000,000","289,000,000","262,000,000","334,000,000","454,000,000","321,000,000","433,000,000","436,000,000","418,000,000","206,000,000","280,000,000","267,000,000","622,000,000","339,000,000","391,000,000","275,000,000","421,000,000","235,000,000","362,000,000","-86,000,000","404,000,000","334,000,000","399,000,000","321,000,000","152,000,000","281,000,000","337,000,000","337,000,000","471,000,000","331,000,000","458,000,000","356,000,000","383,000,000","316,000,000","264,000,000","274,000,000","357,000,000","286,000,000","241,000,000","216,000,000","334,000,000","303,000,000","218,000,000","204,000,000","282,000,000","224,000,000","254,000,000","231,000,000","270,000,000","214,000,000","194,000,000","232,000,000","230,000,000","192,000,000","170,000,000","200,000,000","214,000,000","187,000,000","161,000,000","235,000,000","185,000,000","169,000,000","142,000,000","214,000,000","164,000,000","122,000,000","117,000,000","172,000,000","147,000,000","140,000,000","124,000,000","164,000,000","124,000,000","116,000,000","88,000,000","128,000,000","59,000,000","106,000,000","120,000,000","145,000,000","197,000,000","179,000,000","106,000,000","151,000,000","128,000,000","112,000,000","54,000,000"
		NetIncomeIncludingNoncontrollingInterests,"1,575,000,000","330,000,000","528,000,000","391,000,000","326,000,000","332,000,000","283,000,000","206,000,000","83,000,000","488,000,000","255,000,000","289,000,000","262,000,000","334,000,000","454,000,000","321,000,000","433,000,000","436,000,000","418,000,000","206,000,000","280,000,000","257,000,000","632,000,000","335,000,000","395,000,000","275,000,000","426,000,000","236,000,000","361,000,000","-119,000,000","403,000,000","338,000,000","399,000,000","315,000,000","137,000,000","276,000,000","336,000,000","336,000,000","478,000,000","333,000,000","461,000,000","357,000,000","389,000,000","322,000,000","267,000,000","277,000,000","367,000,000","289,000,000","245,000,000","218,000,000","340,000,000","306,000,000","219,000,000","196,000,000","286,000,000","224,000,000","254,000,000","231,000,000","270,000,000","214,000,000","194,000,000","232,000,000","230,000,000","192,000,000","170,000,000","200,000,000","214,000,000","187,000,000","161,000,000","235,000,000","185,000,000","169,000,000","142,000,000","214,000,000","164,000,000","122,000,000","117,000,000","172,000,000","147,000,000","140,000,000","124,000,000","164,000,000","124,000,000","116,000,000","88,000,000","128,000,000","59,000,000","106,000,000","120,000,000","145,000,000","197,000,000","179,000,000","106,000,000","151,000,000","128,000,000","112,000,000","54,000,000"
			NetIncomeContinuousOperations,"1,575,000,000","330,000,000","528,000,000","391,000,000","326,000,000","332,000,000","283,000,000","206,000,000","83,000,000","488,000,000","255,000,000","289,000,000","262,000,000","334,000,000","454,000,000","321,000,000","433,000,000","436,000,000","418,000,000","206,000,000","280,000,000","-368,000,000","632,000,000","335,000,000","395,000,000","275,000,000","426,000,000","236,000,000","361,000,000","-119,000,000","403,000,000","338,000,000","399,000,000","315,000,000","137,000,000","276,000,000","336,000,000","336,000,000","478,000,000","333,000,000","461,000,000","357,000,000","389,000,000","322,000,000","267,000,000","277,000,000","367,000,000","289,000,000","245,000,000","218,000,000","340,000,000","306,000,000","219,000,000","204,000,000","282,000,000","224,000,000","254,000,000","231,000,000","270,000,000","214,000,000","194,000,000","232,000,000","230,000,000","192,000,000","170,000,000","200,000,000","214,000,000","187,000,000","161,000,000","235,000,000","185,000,000","169,000,000","142,000,000","214,000,000","164,000,000","122,000,000","118,000,000","172,000,000","147,000,000","140,000,000","124,000,000","164,000,000","124,000,000","116,000,000","88,000,000","128,000,000","59,000,000","106,000,000","120,000,000","145,000,000","197,000,000","179,000,000","106,000,000","151,000,000","128,000,000","112,000,000","54,000,000"
			NetIncomeDiscontinuousOperations,,,,,,,,,,,,,,,,,,,"0","0","0","-5,000,000",,,,,,,,,,,,,,,,,,,,,,,,,,,,,,,,,,,,,,,,,,,,,,,,,,,,,,,,,,,,,,,,,,,,,,,,,,,
			NetIncomeExtraordinary,,,,,,,,,,,,,,,,,,,,,,,,,,,,,,,,,,,,,,,,,,,,,,,,,,,,,,,,,,,,,,,,,,,,,,,,,,"0",,,"-1,000,000",,,,,,,,,,,,,,,,,,,,
		MinorityInterests,,,,,,,,,,,,,,,,,,,,,,,"-10,000,000","4,000,000","-4,000,000","0","-5,000,000","-1,000,000","1,000,000","33,000,000","1,000,000","-4,000,000","0","6,000,000","15,000,000","5,000,000","1,000,000","1,000,000","-7,000,000","-2,000,000","-3,000,000","-1,000,000","-6,000,000","-6,000,000","-3,000,000","-3,000,000","-10,000,000","-3,000,000","-4,000,000","-2,000,000","-6,000,000","-3,000,000","-1,000,000",,"-4,000,000",,,,,,,,,,,,,,,,,,,,,,,,,,,,,,,,,,,,,,,,,,
DilutedNIAvailtoComStockholders,"1,575,000,000","330,000,000","528,000,000","391,000,000","326,000,000","332,000,000","283,000,000","206,000,000","83,000,000","488,000,000","255,000,000","289,000,000","262,000,000","334,000,000","454,000,000","321,000,000","433,000,000","436,000,000","418,000,000","206,000,000","280,000,000","267,000,000","622,000,000","339,000,000","391,000,000","275,000,000","421,000,000","235,000,000","362,000,000","-86,000,000","404,000,000","334,000,000","399,000,000","321,000,000","152,000,000","281,000,000","337,000,000","337,000,000","471,000,000","331,000,000","458,000,000","356,000,000","383,000,000","316,000,000","264,000,000","274,000,000","357,000,000","286,000,000","241,000,000","216,000,000","334,000,000","303,000,000","218,000,000","204,000,000","282,000,000","224,000,000","254,000,000","231,000,000","270,000,000","214,000,000","194,000,000","232,000,000","230,000,000","192,000,000","170,000,000","200,000,000","214,000,000","187,000,000","161,000,000","235,000,000","185,000,000","169,000,000","142,000,000","214,000,000","164,000,000","122,000,000","117,000,000","172,000,000","147,000,000","140,000,000","124,000,000","164,000,000","124,000,000","116,000,000","88,000,000","128,000,000","59,000,000","106,000,000","120,000,000","145,000,000","197,000,000","179,000,000","106,000,000","151,000,000","128,000,000","112,000,000","54,000,000"
BasicEPS,,"1.13","1.78","1.31","1.09","1.1","0.94","0.68","0.28","1.61","0.83","0.94","0.85","1.07","1.43","0.99","1.3","1.29","1.21","0.59","0.78","0.83","1.59","0.82","0.94","0.64","0.97","0.54","0.83","-0.2","0.91","0.75","0.89",,"0.34","0.62","0.74","0.74","1.02","0.71","0.99",,"0.82","0.67","0.56",,"0.76","0.61","0.51",,"0.71","0.65","0.47",,"0.6","0.47","0.52",,"0.52","0.41","0.365",,"0.43","0.355","0.31",,"0.375","0.325","0.275",,"0.32","0.305","0.245",,"0.28","0.21","0.2",,"0.245","0.235","0.213",,"0.21","0.198","0.15",,"0.103","0.18","0.203",,"0.32","0.29","0.173",,"0.21","0.185","0.09"
DilutedEPS,,"1.11","1.75","1.29","1.07","1.08","0.92","0.67","0.27","1.58","0.81","0.92","0.83","1.04","1.4","0.97","1.27","1.26","1.18","0.58","0.77","0.82","1.56","0.81","0.93","0.63","0.95","0.53","0.81","-0.2","0.89","0.73","0.87",,"0.33","0.61","0.72","0.72","1","0.69","0.96",,"0.8","0.65","0.54",,"0.74","0.59","0.5",,"0.69","0.63","0.46",,"0.58","0.45","0.5",,"0.5","0.39","0.35",,"0.415","0.34","0.295",,"0.36","0.31","0.265",,"0.305","0.29","0.235",,"0.265","0.2","0.195",,"0.235","0.225","0.2",,"0.203","0.19","0.148",,"0.1","0.178","0.2",,"0.308","0.275","0.165",,"0.205","0.18","0.088"
BasicAverageShares,,"293,000,000","296,000,000","298,000,000","301,000,000","302,000,000","303,000,000","303,000,000","302,000,000","303,000,000","306,000,000","307,000,000","308,000,000","313,000,000","318,000,000","324,000,000","332,000,000","337,000,000","345,000,000","350,000,000","357,000,000","366,000,000","392,000,000","410,000,000","416,000,000","433,000,000","436,000,000","437,000,000","438,000,000","441,000,000","443,000,000","446,000,000","447,000,000","443,000,000","451,000,000","454,000,000","455,000,000","457,000,000","460,000,000","465,000,000","465,000,000",,"469,000,000","471,000,000","473,000,000",,"473,000,000","473,000,000","474,000,000",,"472,000,000","470,000,000","466,000,000",,"470,000,000","480,000,000","486,000,000",,"519,230,769","521,951,220","532,000,000",,"534,883,721","540,845,070","552,000,000",,"570,666,667","575,384,615","582,000,000",,"578,125,000","554,098,361","582,000,000",,"588,000,000","586,000,000","586,000,000",,"594,000,000","594,000,000","592,908,000",,"584,000,000","587,341,772","588,000,000",,"584,000,000","588,000,000","596,000,000",,"615,625,000","617,241,379","614,492,754",,"609,523,810","605,405,405","600,000,000"
DilutedAverageShares,,"298,000,000","302,000,000","304,000,000","305,000,000","307,000,000","307,000,000","307,000,000","307,000,000","309,000,000","313,000,000","314,000,000","315,000,000","320,000,000","325,000,000","331,000,000","340,000,000","345,000,000","353,000,000","358,000,000","364,000,000","372,000,000","398,000,000","417,000,000","422,000,000","439,000,000","444,000,000","445,000,000","446,000,000","441,000,000","452,000,000","455,000,000","456,000,000","443,000,000","461,000,000","464,000,000","465,000,000","468,000,000","472,000,000","477,000,000","478,000,000",,"481,000,000","484,000,000","486,000,000",,"484,000,000","485,000,000","485,000,000",,"485,000,000","483,000,000","479,000,000",,"487,000,000","498,000,000","504,000,000",,"540,000,000","548,717,949","550,000,000",,"554,216,867","564,705,882","572,000,000",,"594,444,444","603,225,806","610,000,000",,"606,557,377","582,758,621","610,000,000",,"614,000,000","608,000,000","606,000,000",,"624,000,000","628,000,000","592,908,000",,"584,000,000","610,526,316","600,000,000",,"588,000,000","596,000,000","604,000,000",,"640,650,407","650,909,091","642,424,242",,"624,390,244","622,222,222","617,142,857"
TotalOperatingIncomeAsReported,"2,139,000,000","502,000,000","527,000,000","567,000,000","543,000,000","482,000,000","471,000,000","300,000,000","250,000,000","546,000,000","480,000,000","471,000,000","433,000,000","741,000,000","553,000,000","449,000,000","553,000,000","1,215,000,000","643,000,000","419,000,000","484,000,000","-84,000,000","654,000,000","491,000,000","564,000,000","441,000,000","603,000,000","371,000,000","506,000,000","-43,000,000","550,000,000","479,000,000","571,000,000","571,000,000","350,000,000","390,000,000","487,000,000","505,000,000","671,000,000","473,000,000","645,000,000","507,000,000","488,000,000","419,000,000","401,000,000","440,000,000","544,000,000","421,000,000","364,000,000","375,000,000","470,000,000","394,000,000","351,000,000","360,000,000","407,000,000","315,000,000","424,000,000","330,000,000","401,000,000","310,000,000","316,000,000","329,000,000","344,000,000","307,000,000","282,000,000","293,000,000","322,000,000","274,000,000","264,000,000","346,000,000","291,000,000","275,000,000","243,000,000","353,000,000","269,000,000","220,000,000","217,000,000","280,000,000","258,000,000","241,000,000","226,000,000","244,000,000","231,000,000","215,000,000","176,000,000","238,000,000","215,000,000","218,000,000","192,000,000","252,000,000","236,000,000","220,000,000","202,000,000","220,000,000","220,000,000","189,000,000","139,000,000"
RentExpenseSupplemental,,,,,,,,,,,,,,,,,,"227,000,000","218,000,000","229,000,000","238,000,000","-1,072,000,000","816,000,000","779,000,000","597,000,000","1,043,000,000","871,000,000","805,000,000","616,000,000","1,099,000,000","869,000,000","824,000,000","633,000,000","1,095,000,000","873,000,000","769,000,000","596,000,000","1,070,000,000","864,000,000","800,000,000",,,"790,000,000","705,000,000",,,,"652,000,000",,,,,,,,,,,,,,,,,,,,,,,,,,,,,,,,,,,,,,,,,,,,,,,,,
TotalExpenses,"4,478,000,000","1,388,000,000","1,080,000,000","1,046,000,000","964,000,000","1,265,000,000","982,000,000","908,000,000","874,000,000","1,168,000,000","868,000,000","837,000,000","827,000,000","1,075,000,000","931,000,000","943,000,000","976,000,000","1,107,000,000","993,000,000","1,049,000,000","1,041,000,000","-2,461,000,000","2,695,000,000","2,561,000,000","2,066,000,000","3,509,000,000","2,822,000,000","2,648,000,000","2,126,000,000","3,563,000,000","2,827,000,000","2,716,000,000","2,155,000,000","3,610,000,000","2,861,000,000","2,531,000,000","2,069,000,000","3,675,000,000","2,907,000,000","2,711,000,000","2,202,000,000","3,584,000,000","2,711,000,000","2,386,000,000","1,957,000,000","3,096,000,000","2,326,000,000","2,161,000,000","1,977,000,000","3,021,000,000","2,303,000,000","2,060,000,000","1,862,000,000","2,989,000,000","2,425,000,000","2,338,000,000","1,986,000,000","2,920,000,000","2,164,000,000","2,048,000,000","1,903,000,000","2,653,000,000","1,933,000,000","1,857,000,000","1,793,000,000","2,606,000,000","1,921,000,000","1,879,000,000","1,790,000,000","2,439,000,000","1,888,000,000","1,802,000,000","1,727,000,000","2,300,000,000","1,720,000,000","1,716,000,000","1,585,000,000","2,181,000,000","1,657,000,000","1,526,000,000","1,388,000,000","1,958,000,000","1,409,000,000","1,390,000,000","1,330,000,000","1,944,000,000","1,443,000,000","1,438,000,000","1,405,000,000","2,059,000,000","1,576,000,000","1,666,000,000","1,611,000,000","2,306,000,000","1,797,000,000","1,812,000,000","1,782,000,000"
NetIncomeFromContinuingAndDiscontinuedOperation,"1,575,000,000","330,000,000","528,000,000","391,000,000","326,000,000","332,000,000","283,000,000","206,000,000","83,000,000","488,000,000","255,000,000","289,000,000","262,000,000","334,000,000","454,000,000","321,000,000","433,000,000","436,000,000","418,000,000","206,000,000","280,000,000","267,000,000","622,000,000","339,000,000","391,000,000","275,000,000","421,000,000","235,000,000","362,000,000","-86,000,000","404,000,000","334,000,000","399,000,000","321,000,000","152,000,000","281,000,000","337,000,000","337,000,000","471,000,000","331,000,000","458,000,000","356,000,000","383,000,000","316,000,000","264,000,000","274,000,000","357,000,000","286,000,000","241,000,000","216,000,000","334,000,000","303,000,000","218,000,000","204,000,000","282,000,000","224,000,000","254,000,000","231,000,000","270,000,000","214,000,000","194,000,000","232,000,000","230,000,000","192,000,000","170,000,000","200,000,000","214,000,000","187,000,000","161,000,000","235,000,000","185,000,000","169,000,000","142,000,000","214,000,000","164,000,000","122,000,000","118,000,000","172,000,000","147,000,000","140,000,000","124,000,000","164,000,000","124,000,000","116,000,000","88,000,000","128,000,000","59,000,000","106,000,000","120,000,000","145,000,000","197,000,000","179,000,000","106,000,000","151,000,000","128,000,000","112,000,000","54,000,000"
NormalizedIncome,"1,463,021,000","302,432,432.432","490,040,000","379,480,000","309,242,000","321,625,000","269,575,000","124,998,000","234,375,000","489,460,000","298,299,000","266,757,000","270,770,000","279,220,956.72","287,596,000","274,148,000","244,300,000","-11,000,000","258,400,000","194,084,000","191,340,000","-403,600,000","608,740,000","313,772,000","394,750,000","282,450,738.916","433,699,000","299,728,000","361,234,000","223,400,000","393,178,000","347,518,000","407,151,000","326,275,119.617","326,200,000","265,540,000","326,696,000","323,937,365.011","476,236,306.729","325,641,379.31","379,144,736.842","340,511,930.586","458,070,175.439","334,447,916.667","313,969,273.743","268,259,067.358","361,351,778.656","286,000,000","244,034,055.728","216,000,000","337,971,962.617","322,179,487.179","220,939,597.315","298,867,132.867","274,166,666.667","220,593,155.894","191,013,477.089","239,369,565.217","269,256,198.347","211,639,705.882","182,221,428.571","230,342,857.143","221,096,774.194","185,623,616.236","174,129,554.656","187,301,587.302","192,891,156.463","167,840,163.934","151,449,152.542","248,514,376.997","175,820,610.687","173,620,689.655","133,807,692.308","167,386,138.614","166,139,130.435","150,101,123.596","120,022,857.143","162,873,469.388","148,380,281.69","139,326,923.077","119,479,166.667","176,502,242.152","114,461,538.462","98,404,494.382","88,000,000","111,014,218.009","111,655,913.978","104,800,000","90,000,000","127,941,176.471","112,400,000","101,513,422.819","85,600,000","89,983,673.469","92,600,000","68,200,000","36,600,000"
InterestIncome,,,,,,,,,,,,,,,,,,,,,,,,,,,,,,,,,,"13,000,000","5,000,000","3,000,000","2,000,000","9,000,000","4,000,000","4,000,000","3,000,000","9,000,000","8,000,000","6,000,000","5,000,000","8,000,000","6,000,000","3,000,000","3,000,000","7,000,000","4,000,000","4,000,000","4,000,000",,,,,,,,,,,,,,,,,,,,,,,,,,,,,,,,,,,,,,,,,,,,
InterestExpense,"544,000,000","128,000,000","126,000,000","159,000,000","131,000,000","132,000,000","161,000,000","132,000,000","118,000,000","132,000,000","120,000,000","119,000,000","115,000,000","122,000,000","111,000,000","112,000,000","107,000,000","118,000,000","109,000,000","104,000,000","109,000,000","143,000,000","87,000,000","40,000,000","37,000,000","35,000,000","32,000,000","33,000,000","34,000,000","40,000,000","28,000,000","29,000,000","33,000,000","166,000,000","36,000,000","35,000,000","33,000,000","51,000,000","36,000,000","42,000,000","40,000,000","55,000,000","40,000,000","41,000,000","48,000,000","62,000,000","44,000,000","45,000,000","44,000,000","63,000,000","46,000,000","47,000,000","57,000,000",,,,,,,,,,,,,,,,,,,,,,,,,,,,,,,,,,,,,,,,,,,,
NetInterestIncome,"-544,000,000","-128,000,000","-126,000,000","-159,000,000","-131,000,000","-132,000,000","-161,000,000","-132,000,000","-118,000,000","-132,000,000","-120,000,000","-119,000,000","-115,000,000","-122,000,000","-111,000,000","-112,000,000","-107,000,000","-118,000,000","-109,000,000","-104,000,000","-109,000,000","-143,000,000","-87,000,000","-40,000,000","-37,000,000","-35,000,000","-32,000,000","-33,000,000","-34,000,000","-40,000,000","-28,000,000","-29,000,000","-33,000,000","-153,000,000","-31,000,000","-32,000,000","-31,000,000","-42,000,000","-32,000,000","-38,000,000","-37,000,000","-46,000,000","-32,000,000","-35,000,000","-43,000,000","-54,000,000","-38,000,000","-42,000,000","-41,000,000","-56,000,000","-42,000,000","-43,000,000","-53,000,000",,,,,,,,,,,,,,,,,,,,,,,,,,,,,,,,,,,,,,,,,,,,
EBIT,"2,218,000,000","535,000,000","577,000,000","566,000,000","540,000,000","484,000,000","477,000,000","389,000,000","213,000,000","529,000,000","420,000,000","496,000,000","414,000,000","561,000,000","645,000,000","469,000,000","616,000,000","1,210,000,000","633,000,000","415,000,000","456,000,000","-84,000,000","654,000,000","491,000,000","564,000,000","441,000,000","603,000,000","371,000,000","506,000,000","-43,000,000","550,000,000","479,000,000","571,000,000","584,000,000","355,000,000","393,000,000","489,000,000","514,000,000","675,000,000","477,000,000","648,000,000","516,000,000","496,000,000","425,000,000","406,000,000","448,000,000","550,000,000","424,000,000","367,000,000","382,000,000","474,000,000","398,000,000","355,000,000","378,000,000","410,000,000","315,000,000","422,000,000","342,000,000","400,000,000","319,000,000","320,000,000","363,000,000","345,000,000","325,000,000","292,000,000","293,000,000","322,000,000","274,000,000","264,000,000","346,000,000","291,000,000","275,000,000","243,000,000","353,000,000","269,000,000","220,000,000","217,000,000","280,000,000","258,000,000","241,000,000","226,000,000","244,000,000","231,000,000","215,000,000","176,000,000","238,000,000","215,000,000","218,000,000","192,000,000","252,000,000","236,000,000","220,000,000","202,000,000","220,000,000","220,000,000","189,000,000","139,000,000"
EBITDA,"2,382,000,000"
ReconciledCostOfRevenue,"3,418,000,000","1,017,000,000","827,000,000","816,000,000","758,000,000","925,000,000","725,000,000","649,000,000","666,000,000","868,000,000","660,000,000","639,000,000","616,000,000","811,000,000","727,000,000","735,000,000","757,000,000","807,000,000","778,000,000","802,000,000","804,000,000","-2,594,000,000","2,318,000,000","2,196,000,000","1,780,000,000","2,981,000,000","2,494,000,000","2,295,000,000","1,831,000,000","3,090,000,000","2,504,000,000","2,364,000,000","1,884,000,000","3,131,000,000","2,534,000,000","2,198,000,000","1,796,000,000","3,115,000,000","2,575,000,000","2,365,000,000","1,930,000,000","3,085,000,000","2,401,000,000","2,078,000,000","1,691,000,000","2,632,000,000","2,041,000,000","1,878,000,000","1,679,000,000","2,533,000,000","2,036,000,000","1,828,000,000","1,610,000,000","2,617,000,000","2,124,000,000","2,025,000,000","1,253,000,000","2,506,000,000","1,890,000,000","1,773,000,000","1,140,000,000","3,741,000,000","1,176,000,000","1,119,000,000","1,058,000,000","2,215,000,000","1,698,000,000","1,130,000,000","1,065,000,000","1,484,000,000","1,143,000,000","1,083,000,000","1,011,000,000","1,400,000,000","1,025,000,000","994,000,000","922,000,000","1,253,000,000","967,000,000","887,000,000","808,000,000","1,132,000,000","845,000,000","735,000,000","696,000,000","1,000,000,000","766,000,000","755,000,000","732,000,000","1,088,000,000","850,000,000","883,000,000","845,000,000","1,250,000,000","972,000,000","965,000,000","947,000,000"
ReconciledDepreciation,"164,000,000","47,000,000","39,000,000","39,000,000","39,000,000","46,000,000","47,000,000","26,000,000","27,000,000","28,000,000","30,000,000","28,000,000","26,000,000","34,000,000","32,000,000","34,000,000","37,000,000","58,000,000","60,000,000","65,000,000","70,000,000","-180,000,000","175,000,000","178,000,000","136,000,000","242,000,000","179,000,000","187,000,000","139,000,000","238,000,000","181,000,000","180,000,000","140,000,000","248,000,000","173,000,000","170,000,000","130,000,000","216,000,000","150,000,000","141,000,000","138,000,000","202,000,000","157,000,000","146,000,000","123,000,000","206,000,000","127,000,000","137,000,000","119,000,000","195,000,000","139,000,000","129,000,000","117,000,000","167,000,000","139,000,000","130,000,000","120,000,000","180,000,000","129,000,000","121,000,000","112,000,000","160,000,000","109,000,000","111,000,000","99,000,000","150,000,000","111,000,000","111,000,000","97,000,000","146,000,000","107,000,000","100,000,000","95,000,000","128,000,000","92,000,000","94,000,000","87,000,000","126,000,000","86,000,000","80,000,000","78,000,000","111,000,000","85,000,000","85,000,000","73,000,000","109,000,000","82,000,000","81,000,000","82,000,000","121,000,000","82,000,000","88,000,000","95,000,000","119,000,000","97,000,000","97,000,000","104,000,000"
NetIncomeFromContinuingOperationNetMinorityInterest,"1,575,000,000","330,000,000","528,000,000","391,000,000","326,000,000","332,000,000","283,000,000","206,000,000","83,000,000","488,000,000","255,000,000","289,000,000","262,000,000","334,000,000","454,000,000","321,000,000","433,000,000","436,000,000","418,000,000","206,000,000","280,000,000","-358,000,000","622,000,000","339,000,000","391,000,000","275,000,000","421,000,000","235,000,000","362,000,000","-86,000,000","404,000,000","334,000,000","399,000,000","321,000,000","152,000,000","281,000,000","337,000,000","337,000,000","471,000,000","331,000,000","458,000,000","356,000,000","383,000,000","316,000,000","264,000,000","274,000,000","357,000,000","286,000,000","241,000,000","216,000,000","334,000,000","303,000,000","218,000,000","204,000,000","282,000,000","224,000,000","254,000,000","231,000,000","270,000,000","214,000,000","194,000,000","232,000,000","230,000,000","192,000,000","170,000,000","200,000,000","214,000,000","187,000,000","161,000,000","235,000,000","185,000,000","169,000,000","142,000,000","214,000,000","164,000,000","122,000,000","118,000,000","172,000,000","147,000,000","140,000,000","124,000,000","164,000,000","124,000,000","116,000,000","88,000,000","128,000,000","59,000,000","106,000,000","120,000,000","145,000,000","197,000,000","179,000,000","106,000,000","151,000,000","128,000,000","112,000,000","54,000,000"
TotalUnusualItemsExcludingGoodwill,"119,000,000","34,000,000","52,000,000","12,000,000","21,000,000","11,000,000","15,000,000","101,000,000","-173,000,000","-2,000,000","-51,000,000","29,000,000","-10,000,000","72,000,000","196,000,000","52,000,000","222,000,000","745,000,000","200,000,000","18,000,000","110,000,000","76,000,000","15,000,000","34,000,000","-5,000,000","-11,000,000","-17,000,000","-93,000,000","1,000,000","-476,000,000","14,000,000","-18,000,000","-11,000,000","-7,000,000","-268,000,000","20,000,000","14,000,000","18,000,000","-7,000,000","7,000,000","104,000,000","20,000,000","-88,000,000","-22,000,000","-67,000,000","8,000,000","-6,000,000","0","-4,000,000",,"-5,000,000","-22,000,000","-4,000,000","-133,000,000","10,000,000","4,000,000","92,000,000","-10,000,000","1,000,000","3,000,000","17,000,000","2,000,000","12,000,000","9,000,000","-6,000,000","16,000,000","29,000,000","25,000,000","14,000,000","-18,000,000","13,000,000","-6,000,000","12,000,000","66,000,000","-3,000,000","-41,000,000","-3,000,000","13,000,000","-2,000,000","1,000,000","7,000,000","-17,000,000","15,000,000","27,000,000",,"28,000,000","-83,000,000","2,000,000","50,000,000","26,000,000","141,000,000","129,000,000","34,000,000","99,000,000","59,000,000","73,000,000","29,000,000"
TotalUnusualItems,"119,000,000","34,000,000","52,000,000","12,000,000","21,000,000","11,000,000","15,000,000","101,000,000","-173,000,000","-2,000,000","-51,000,000","29,000,000","-10,000,000","72,000,000","196,000,000","52,000,000","222,000,000","745,000,000","200,000,000","18,000,000","110,000,000","76,000,000","15,000,000","34,000,000","-5,000,000","-11,000,000","-17,000,000","-93,000,000","1,000,000","-476,000,000","14,000,000","-18,000,000","-11,000,000","-7,000,000","-268,000,000","20,000,000","14,000,000","18,000,000","-7,000,000","7,000,000","104,000,000","20,000,000","-88,000,000","-22,000,000","-67,000,000","8,000,000","-6,000,000","0","-4,000,000",,"-5,000,000","-22,000,000","-4,000,000","-133,000,000","10,000,000","4,000,000","92,000,000","-10,000,000","1,000,000","3,000,000","17,000,000","2,000,000","12,000,000","9,000,000","-6,000,000","16,000,000","29,000,000","25,000,000","14,000,000","-18,000,000","13,000,000","-6,000,000","12,000,000","66,000,000","-3,000,000","-41,000,000","-3,000,000","13,000,000","-2,000,000","1,000,000","7,000,000","-17,000,000","15,000,000","27,000,000",,"28,000,000","-83,000,000","2,000,000","50,000,000","26,000,000","141,000,000","129,000,000","34,000,000","99,000,000","59,000,000","73,000,000","29,000,000"
NormalizedEBITDA,"2,263,000,000","548,000,000","564,000,000","593,000,000","558,000,000","519,000,000","509,000,000","314,000,000","413,000,000","559,000,000","501,000,000","495,000,000","450,000,000","523,000,000","481,000,000","451,000,000","431,000,000","523,000,000","493,000,000","462,000,000","416,000,000","-160,000,000","814,000,000","635,000,000","705,000,000","694,000,000","799,000,000","651,000,000","644,000,000","671,000,000","717,000,000","677,000,000","722,000,000","839,000,000","796,000,000","543,000,000","605,000,000","712,000,000","832,000,000","611,000,000","682,000,000","698,000,000","741,000,000","593,000,000","596,000,000","646,000,000","683,000,000","561,000,000","490,000,000","577,000,000","618,000,000","549,000,000","476,000,000","678,000,000","539,000,000","441,000,000","450,000,000","532,000,000","528,000,000","437,000,000","415,000,000","521,000,000","442,000,000","427,000,000","397,000,000","427,000,000","404,000,000","360,000,000","347,000,000","510,000,000","385,000,000","381,000,000","326,000,000","415,000,000","364,000,000","355,000,000","307,000,000","393,000,000","346,000,000","320,000,000","297,000,000","372,000,000","301,000,000","273,000,000","249,000,000","319,000,000","380,000,000","297,000,000","224,000,000","347,000,000","177,000,000","179,000,000","263,000,000","240,000,000","258,000,000","213,000,000","214,000,000"
TaxRateForCalcs,"0.059","0.189","0.27","0.04","0.202","0.057","0.105","0.198","0.125","0.27","0.151","0.233","0.123","0.239","0.151","0.099","0.15","0.4","0.202","0.338","0.194","0.4","0.116","0.258","0.25","0.323","0.253","0.304","0.234","0.35","0.227","0.249","0.259","0.246","0.35","0.227","0.264","0.274","0.252","0.234","0.242","0.226","0.147","0.161","0.254","0.282","0.275","0.237","0.241","0.317","0.206","0.128","0.265","0.287","0.217","0.148","0.315","0.163","0.256","0.213","0.307","0.171","0.258","0.292","0.312","0.206","0.272","0.234","0.318","0.249","0.294","0.23","0.317","0.294","0.287","0.315","0.326","0.298","0.31","0.327","0.354","0.265","0.364","0.348","0.358","0.393","0.366","0.4","0.4","0.344","0.4","0.399","0.4","0.384","0.4","0.4","0.4"
TaxEffectOfUnusualItems,"7,021,000","6,432,432.432","14,040,000","480,000","4,242,000","625,000","1,575,000","19,998,000","-21,625,000","-540,000","-7,701,000","6,757,000","-1,230,000","17,220,956.72","29,596,000","5,148,000","33,300,000","298,000,000","40,400,000","6,084,000","21,340,000","30,400,000","1,740,000","8,772,000","-1,250,000","-3,549,261.084","-4,301,000","-28,272,000","234,000","-166,600,000","3,178,000","-4,482,000","-2,849,000","-1,724,880.383","-93,800,000","4,540,000","3,696,000","4,937,365.011","-1,763,693.271","1,641,379.31","25,144,736.842","4,511,930.586","-12,929,824.561","-3,552,083.333","-17,030,726.257","2,259,067.358","-1,648,221.344","0","-965,944.272","0","-1,028,037.383","-2,820,512.821","-1,060,402.685","-38,132,867.133","2,166,666.667","593,155.894","29,013,477.089","-1,630,434.783","256,198.347","639,705.882","5,221,428.571","342,857.143","3,096,774.194","2,623,616.236","-1,870,445.344","3,301,587.302","7,891,156.463","5,840,163.934","4,449,152.542","-4,485,623.003","3,820,610.687","-1,379,310.345","3,807,692.308","19,386,138.614","-860,869.565","-12,898,876.404","-977,142.857","3,873,469.388","-619,718.31","326,923.077","2,479,166.667","-4,497,757.848","5,461,538.462","9,404,494.382","0","11,014,218.009","-30,344,086.022","800,000","20,000,000","8,941,176.471","56,400,000","51,513,422.819","13,600,000","37,983,673.469","23,600,000","29,200,000","11,600,000"