name,ttm,12/31/2021,09/30/2021,06/30/2021,03/31/2021,12/31/2020,09/30/2020,06/30/2020,03/31/2020,12/31/2019,09/30/2019,06/30/2019,03/31/2019,12/31/2018,09/30/2018,06/30/2018,03/31/2018,12/31/2017,09/30/2017,06/30/2017,03/31/2017,12/31/2016,09/30/2016,06/30/2016,03/31/2016,12/31/2015,09/30/2015,06/30/2015,03/31/2015,12/31/2014,09/30/2014,06/30/2014,03/31/2014,12/31/2013,09/30/2013,06/30/2013,03/31/2013,12/31/2012,09/30/2012,06/30/2012,03/31/2012,12/31/2011,09/30/2011,06/30/2011,03/31/2011,12/31/2010,09/30/2010,06/30/2010,03/31/2010,12/31/2009,09/30/2009,06/30/2009,03/31/2009,12/31/2008,09/30/2008,06/30/2008,03/31/2008,12/31/2007,09/30/2007,06/30/2007,03/31/2007,12/31/2006,09/30/2006,06/30/2006,03/31/2006,12/31/2005,09/30/2005,06/30/2005,03/31/2005,12/31/2004,09/30/2004,06/30/2004,03/31/2004,12/31/2003,09/30/2003,06/30/2003,03/31/2003,12/31/2002,09/30/2002,06/30/2002,03/31/2002,12/31/2001,09/30/2001,06/30/2001,03/31/2001,12/31/2000,09/30/2000,06/30/2000,03/31/2000,12/31/1999,09/30/1999,06/30/1999,03/31/1999,12/31/1998,09/30/1998,06/30/1998,03/31/1998,12/31/1997,09/30/1997,06/30/1997,03/31/1997,12/31/1996,09/30/1996,06/30/1996,03/31/1996,12/31/1995,09/30/1995,06/30/1995,03/31/1995,12/31/1994,09/30/1994,06/30/1994,03/31/1994,12/31/1993,09/30/1993,06/30/1993,03/31/1993,12/31/1992,09/30/1992,06/30/1992,03/31/1992,12/31/1991,09/30/1991,06/30/1991,03/31/1991,12/31/1990,09/30/1990,06/30/1990,03/31/1990
TotalRevenue,"5,627,000,000","1,467,000,000","1,436,000,000","1,377,000,000","1,347,000,000","1,308,000,000","1,132,000,000","956,000,000","1,052,000,000","1,192,000,000","1,130,000,000","1,097,000,000","1,066,000,000","1,137,000,000","1,092,000,000","1,012,000,000","977,000,000","1,026,000,000","935,000,000","896,000,000","865,000,000","942,000,000","904,000,000","879,000,000","847,000,000","952,769,000","916,273,000","889,774,000","893,184,000","790,611,000","303,272,000","288,421,000","288,268,000","284,539,000","263,523,000","253,160,000","236,937,000","253,179,000","252,037,000","247,077,000","243,875,000","247,308,000","253,338,000","245,541,000","237,301,000","248,175,000","246,507,000","235,735,000","226,431,000","222,522,000","200,778,000","187,676,000","192,609,000","232,568,000","244,073,000","253,782,000","246,277,000","233,573,000","217,218,000","208,912,000","208,576,000","209,903,000","186,386,000","187,421,000","175,814,000","179,294,000","175,636,000","176,614,000","170,727,000","174,874,000","171,176,000","162,830,000","154,174,000","147,200,000","134,649,000","129,863,000","124,685,000","126,325,000","123,151,000","115,951,000","110,185,000","111,611,000","110,318,000","112,935,000","115,144,000","126,365,000","128,230,000","128,355,000","98,619,000","107,400,000","104,000,000","97,300,000","89,800,000","173,100,000","57,400,000","55,400,000","50,200,000","53,400,000","49,900,000","47,800,000","42,400,000","47,100,000","43,800,000","40,500,000","38,400,000","41,200,000","37,500,000","35,500,000","34,400,000","31,000,000","28,200,000","25,900,000","22,000,000","23,800,000","23,100,000","21,600,000","19,000,000","16,000,000","14,600,000","14,900,000","13,200,000","12,800,000","11,900,000","10,500,000","10,400,000","11,200,000","9,600,000","9,600,000","7,700,000"
	OperatingRevenue,"5,627,000,000","1,467,000,000","1,436,000,000","1,377,000,000","1,347,000,000","1,308,000,000","1,132,000,000","956,000,000","1,052,000,000","1,192,000,000","1,130,000,000","1,097,000,000","1,066,000,000","1,137,000,000","1,092,000,000","1,012,000,000","977,000,000","1,026,000,000","935,000,000","896,000,000","865,000,000","942,000,000","904,000,000","879,000,000","847,000,000","952,769,000","916,273,000","889,774,000","893,184,000","790,611,000","303,272,000","288,421,000","288,268,000","284,539,000","263,523,000","253,160,000","236,937,000","253,179,000","252,037,000","247,077,000","243,875,000","247,308,000","253,338,000","245,541,000","237,301,000","248,175,000","246,507,000","235,735,000","226,431,000","222,522,000","200,778,000","187,676,000","192,609,000","232,568,000","244,073,000","253,782,000","246,277,000","233,573,000","217,218,000","208,912,000","208,576,000","209,903,000","186,386,000","187,421,000","175,814,000","179,294,000","175,636,000","176,614,000","170,727,000","174,874,000","171,176,000","162,830,000","154,174,000","147,200,000","134,649,000","129,863,000","124,685,000","126,325,000","123,151,000","115,951,000","110,185,000","111,611,000","110,318,000","112,935,000","115,144,000","126,365,000","128,230,000","128,355,000","98,619,000","107,400,000","104,000,000","97,300,000","89,800,000","173,100,000","57,400,000","55,400,000","50,200,000","53,400,000","49,900,000","47,800,000","42,400,000","47,100,000","43,800,000","40,500,000","38,400,000","41,200,000","37,500,000","35,500,000","34,400,000","31,000,000","28,200,000","25,900,000","22,000,000","23,800,000","23,100,000","21,600,000","19,000,000","16,000,000","14,600,000","14,900,000","13,200,000","12,800,000","11,900,000","10,500,000","10,400,000","11,200,000","9,600,000","9,600,000","7,700,000"
CostOfRevenue,"2,999,000,000","798,000,000","790,000,000","719,000,000","692,000,000","690,000,000","639,000,000","537,000,000","579,000,000","648,000,000","595,000,000","577,000,000","565,000,000","598,000,000","587,000,000","540,000,000","512,000,000","557,000,000","506,000,000","485,000,000","464,000,000","510,000,000","490,000,000","473,000,000","457,000,000","525,225,000","502,217,000","496,896,000","483,662,000","454,199,000","151,766,000","146,252,000","140,330,000","143,511,000","134,913,000","132,253,000","123,872,000","128,719,000","125,113,000","126,700,000","124,012,000","125,788,000","129,785,000","123,843,000","117,303,000","124,534,000","127,793,000","124,556,000","119,096,000","121,044,000","109,080,000","105,940,000","106,800,000","121,679,000","126,287,000","126,067,000","123,480,000","120,275,000","112,590,000","109,510,000","108,786,000","111,493,000","98,600,000","97,895,000","93,116,000","89,503,000","87,959,000","87,266,000","83,362,000","83,979,000","84,030,000","78,315,000","73,571,000","72,803,000","66,876,000","63,305,000","60,336,000","63,761,000","62,729,000","60,202,000","58,173,000","60,111,000","58,281,000","60,601,000","61,122,000","66,179,000","59,503,000","63,392,000","46,712,000","49,800,000","45,700,000","45,900,000","45,600,000","98,200,000","25,600,000","22,300,000","22,900,000","22,800,000","25,800,000","21,900,000","19,700,000","22,900,000","21,600,000","20,400,000","19,100,000",,,,"17,500,000","15,700,000","13,800,000","13,100,000","11,100,000","11,100,000","11,400,000","10,800,000","9,400,000","7,700,000","7,100,000","7,300,000","6,800,000","6,500,000","6,200,000",,,,,,
GrossProfit,"2,628,000,000","669,000,000","646,000,000","658,000,000","655,000,000","618,000,000","493,000,000","419,000,000","473,000,000","544,000,000","535,000,000","520,000,000","501,000,000","539,000,000","505,000,000","472,000,000","465,000,000","469,000,000","429,000,000","411,000,000","401,000,000","432,000,000","414,000,000","406,000,000","390,000,000","427,544,000","414,056,000","392,878,000","409,522,000","336,412,000","151,506,000","142,169,000","147,938,000","141,028,000","128,610,000","120,907,000","113,065,000","124,460,000","126,924,000","120,377,000","119,863,000","121,520,000","123,553,000","121,698,000","119,998,000","123,641,000","118,714,000","111,179,000","107,335,000","101,478,000","91,698,000","81,736,000","85,809,000","110,889,000","117,786,000","127,715,000","122,797,000","113,298,000","104,628,000","99,402,000","99,790,000","98,410,000","87,786,000","89,526,000","82,698,000","89,791,000","87,677,000","89,348,000","87,365,000","90,895,000","87,146,000","84,515,000","80,603,000","74,397,000","67,773,000","66,558,000","64,349,000","62,564,000","60,422,000","55,749,000","52,012,000","51,500,000","52,037,000","52,334,000","54,022,000","60,186,000","68,727,000","64,963,000","51,907,000","57,600,000","58,300,000","51,400,000","44,200,000","74,900,000","31,800,000","33,100,000","27,300,000","30,600,000","24,100,000","25,900,000","22,700,000","24,200,000","22,200,000","20,100,000","19,300,000",,,,"16,900,000","15,300,000","14,400,000","12,800,000","10,900,000","12,700,000","11,700,000","10,800,000","9,600,000","8,300,000","7,500,000","7,600,000","6,400,000","6,300,000","5,700,000",,,,,,
OperatingExpense,"1,617,000,000","425,000,000","403,000,000","407,000,000","382,000,000","381,000,000","323,000,000","297,000,000","317,000,000","346,000,000","338,000,000","355,000,000","337,000,000","358,000,000","333,000,000","346,000,000","315,000,000","330,000,000","329,000,000","333,000,000","330,000,000","332,000,000","341,000,000","345,000,000","347,000,000","351,895,000","346,291,000","357,566,000","352,248,000","289,584,000","89,344,000","88,453,000","89,336,000","86,253,000","81,054,000","82,947,000","82,512,000","78,345,000","78,479,000","79,666,000","77,854,000","79,446,000","74,535,000","74,961,000","73,750,000","81,402,000","79,857,000","77,762,000","73,799,000","72,504,000","72,945,000","65,999,000","69,339,000","83,149,000","72,802,000","90,746,000","83,443,000","76,436,000","67,606,000","65,433,000","62,604,000","72,691,000","104,064,000","51,696,000","49,540,000","51,597,000","47,582,000","51,946,000","48,845,000","44,668,000","42,050,000","41,285,000","39,861,000","41,443,000","34,077,000","34,933,000","32,705,000","34,147,000","31,538,000","30,783,000","32,401,000","28,539,000","28,012,000","30,537,000","28,507,000","34,802,000","32,221,000","32,335,000","26,622,000","25,900,000","25,200,000","26,600,000","24,400,000","51,300,000","14,800,000","17,100,000","14,100,000","15,200,000","10,500,000","13,400,000","11,900,000","12,600,000","10,200,000","12,100,000","11,400,000",,,,"7,300,000","6,400,000","5,900,000","5,700,000","5,000,000","5,800,000","5,200,000","4,700,000","4,100,000","4,300,000","3,500,000","3,500,000","3,100,000","3,000,000","2,300,000",,,,,,
	SellingGeneralAndAdministration,"935,000,000","246,000,000","233,000,000","240,000,000","216,000,000","218,000,000","190,000,000","183,000,000","196,000,000","209,000,000","202,000,000","217,000,000","198,000,000","211,000,000","195,000,000","214,000,000","191,000,000","199,000,000","184,000,000","182,000,000","184,000,000","189,000,000","186,000,000","190,000,000","195,000,000","192,527,000","187,452,000","194,779,000","188,242,000","164,113,000","61,522,000","62,076,000","63,807,000","60,715,000","56,847,000","57,883,000","58,791,000","54,277,000","54,802,000","56,560,000","56,665,000","55,466,000","51,108,000","51,638,000","51,234,000","53,317,000","50,667,000","50,046,000","48,369,000","48,379,000","49,141,000","42,810,000","44,901,000","52,523,000","51,682,000","58,538,000","55,906,000","57,537,000","50,774,000","48,944,000","46,096,000","45,986,000","38,109,000","38,591,000","36,758,000","38,950,000","35,289,000","39,364,000","37,530,000","34,573,000","31,082,000","30,550,000","29,953,000","30,962,000","25,808,000","27,002,000","24,755,000","27,087,000","23,556,000","22,944,000","21,279,000","20,089,000","19,837,000","21,625,000","20,628,000","22,853,000","19,729,000","20,970,000","18,347,000","18,400,000","17,600,000","18,000,000","17,100,000","35,000,000","10,200,000","9,900,000","9,500,000","10,200,000","8,600,000","9,000,000","7,900,000","5,600,000","7,200,000","8,400,000","7,900,000",,,,"5,200,000","6,200,000","5,500,000","5,300,000","4,600,000","5,600,000","4,900,000","4,500,000","3,800,000","4,100,000","3,300,000","3,300,000","2,900,000","2,900,000","2,200,000",,,,,,
		GeneralAndAdministrativeExpense,"348,000,000","89,000,000","85,000,000","92,000,000","82,000,000","85,000,000","71,000,000","74,000,000","74,000,000","79,000,000","78,000,000","90,000,000","76,000,000","89,000,000","75,000,000","93,000,000","71,000,000","87,000,000","71,000,000","68,000,000","75,000,000","82,000,000","74,000,000","78,000,000","74,000,000","73,970,000","67,235,000","69,659,000","66,136,000","58,761,000","24,741,000","26,321,000","28,391,000","24,435,000","22,452,000","24,053,000","25,276,000","20,964,000","22,481,000","24,402,000","24,551,000","19,089,000","19,166,000","20,688,000","22,706,000","18,821,000","20,302,000","19,718,000","20,869,000","20,373,000","23,348,000","19,086,000","22,225,000",,,,,,,,,,,,,,,,,,,,,,,,,,,,,,,,,,,,,,,,,,,,,,,,,,,,,,,,,,,,,,,,,,,,,,,,,,,,
			OtherGandA,"348,000,000","89,000,000","85,000,000","92,000,000","82,000,000","85,000,000","71,000,000","74,000,000","74,000,000","79,000,000","78,000,000","90,000,000","76,000,000","89,000,000","75,000,000","93,000,000","71,000,000","87,000,000","71,000,000","68,000,000","75,000,000","82,000,000","74,000,000","78,000,000","74,000,000","73,970,000","67,235,000","69,659,000","66,136,000","58,761,000","24,741,000","26,321,000","28,391,000","24,435,000","22,452,000","24,053,000","25,276,000","20,964,000","22,481,000","24,402,000","24,551,000","19,089,000","19,166,000","20,688,000","22,706,000","18,821,000","20,302,000","19,718,000","20,869,000","20,373,000","23,348,000","19,086,000","22,225,000",,,,,,,,,,,,,,,,,,,,,,,,,,,,,,,,,,,,,,,,,,,,,,,,,,,,,,,,,,,,,,,,,,,,,,,,,,,,
		SellingAndMarketingExpense,"587,000,000","157,000,000","148,000,000","148,000,000","134,000,000","133,000,000","119,000,000","109,000,000","122,000,000","130,000,000","124,000,000","127,000,000","122,000,000","122,000,000","120,000,000","121,000,000","120,000,000","112,000,000","113,000,000","114,000,000","109,000,000","107,000,000","112,000,000","112,000,000","121,000,000","118,557,000","120,217,000","125,120,000","122,106,000","105,352,000","36,781,000","35,755,000","35,416,000","36,280,000","34,395,000","33,830,000","33,515,000","33,313,000","32,321,000","32,158,000","32,114,000","36,377,000","31,942,000","30,950,000","28,528,000","34,496,000","30,365,000","30,328,000","27,500,000","28,006,000","25,793,000","23,724,000","22,676,000",,,,,,,,,,,,,,,,,,,,,,,,,,,,,,,,,,,,,,,,,,,,,,,,,,,,,,,,,,,,,,,,,,,,,,,,,,,,
	ResearchAndDevelopment,"567,000,000","145,000,000","141,000,000","141,000,000","140,000,000","137,000,000","113,000,000","98,000,000","105,000,000","118,000,000","110,000,000","108,000,000","111,000,000","121,000,000","113,000,000","109,000,000","101,000,000","98,000,000","96,000,000","99,000,000","96,000,000","92,000,000","96,000,000","95,000,000","93,000,000","98,156,000","100,340,000","99,087,000","96,417,000","79,311,000","25,225,000","23,710,000","22,857,000","23,712,000","22,376,000","23,201,000","21,858,000","22,605,000","22,007,000","22,336,000","20,419,000","23,174,000","22,584,000","22,487,000","21,681,000","26,741,000","26,746,000","25,371,000","23,072,000","21,516,000","21,155,000","20,614,000","21,804,000","20,653,000","21,711,000","22,849,000","19,789,000","15,642,000","13,904,000","13,869,000","14,185,000","12,768,000","11,774,000","12,382,000","12,035,000","11,778,000","11,501,000","12,054,000","10,668,000","9,368,000","9,596,000","9,233,000","8,896,000","8,722,000","7,898,000","7,560,000","7,579,000","6,674,000","7,609,000","7,472,000","7,455,000","7,124,000","6,849,000","7,615,000","6,596,000","7,019,000","6,609,000","7,370,000","5,748,000","5,800,000","5,200,000","5,400,000","5,600,000","11,600,000","3,500,000","2,900,000","3,400,000","2,900,000","2,800,000","2,800,000","2,500,000","5,400,000","2,300,000","3,000,000","2,700,000",,,,"1,700,000",,,,,,,,,,,,,,,,,,,,
	DepreciationAmortizationDepletionIncomeStatement,"115,000,000","34,000,000","29,000,000","26,000,000","26,000,000","26,000,000","20,000,000","16,000,000","16,000,000","19,000,000","26,000,000","30,000,000","28,000,000","26,000,000","25,000,000","23,000,000","23,000,000","33,000,000","49,000,000","52,000,000","50,000,000","51,000,000","59,000,000","60,000,000","59,000,000","61,212,000","58,499,000","63,700,000","67,589,000","46,160,000","2,597,000","2,667,000","2,672,000","1,826,000","1,831,000","1,863,000","1,863,000","1,463,000","1,670,000","770,000","770,000","806,000","843,000","836,000","835,000","2,426,000","2,444,000","2,345,000","2,358,000","2,609,000","2,649,000","2,575,000","2,634,000","4,671,000","4,711,000","4,679,000","4,514,000","3,257,000","2,928,000","2,620,000","2,323,000","1,394,000","789,000","723,000","747,000","798,000","509,000","387,000","647,000","648,000","647,000","626,000","649,000","527,000","371,000","371,000","371,000","386,000","373,000","367,000","367,000","1,326,000","1,326,000","1,297,000","1,283,000","4,930,000","5,883,000","3,995,000","2,527,000","1,700,000","2,400,000","3,200,000","1,700,000","4,700,000","1,100,000","4,300,000","1,200,000","2,100,000","-900,000","1,600,000","1,500,000","1,600,000","700,000","700,000","800,000",,,,"400,000","200,000","400,000","400,000","400,000","200,000","300,000","200,000","300,000","200,000","200,000","200,000","200,000","100,000","100,000",,,,,,
		DepreciationAndAmortizationInIncomeStatement,"115,000,000","34,000,000","29,000,000","26,000,000","26,000,000","26,000,000","20,000,000","16,000,000","16,000,000","19,000,000","26,000,000","30,000,000","28,000,000","26,000,000","25,000,000","23,000,000","23,000,000","33,000,000","49,000,000","52,000,000","50,000,000","51,000,000","59,000,000","60,000,000","59,000,000","61,212,000","58,499,000","63,700,000","67,589,000","46,160,000","2,597,000","2,667,000","2,672,000","1,826,000","1,831,000","1,863,000","1,863,000","1,463,000","1,670,000","770,000","770,000","806,000","843,000","836,000","835,000","2,426,000","2,444,000","2,345,000","2,358,000","2,609,000","2,649,000","2,575,000","2,634,000","4,671,000","4,711,000","4,679,000","4,514,000","3,257,000","2,928,000","2,620,000","2,323,000","1,394,000","789,000","723,000","747,000","798,000","509,000","387,000","647,000","648,000","647,000","626,000","649,000","527,000","371,000","371,000","371,000","386,000","373,000","367,000","367,000","1,326,000","1,326,000","1,297,000","1,283,000","4,930,000","5,883,000","3,995,000","2,527,000","1,700,000","2,400,000","3,200,000","1,700,000","4,700,000","1,100,000","4,300,000","1,200,000","2,100,000","-900,000","1,600,000","1,500,000","1,600,000","700,000","700,000","800,000",,,,"400,000","200,000","400,000","400,000","400,000","200,000","300,000","200,000","300,000","200,000","200,000","200,000","200,000","100,000","100,000",,,,,,
			Amortization,"115,000,000","34,000,000","29,000,000","26,000,000","26,000,000","26,000,000","20,000,000","16,000,000","16,000,000","19,000,000","26,000,000","30,000,000","28,000,000","26,000,000","25,000,000","23,000,000","23,000,000","33,000,000","49,000,000","52,000,000","50,000,000","51,000,000","59,000,000","60,000,000","59,000,000","61,212,000","58,499,000","63,700,000","67,589,000","46,160,000","2,597,000","2,667,000","2,672,000","1,826,000","1,831,000","1,863,000","1,863,000","1,463,000","1,670,000","770,000","770,000","806,000","843,000","836,000","835,000","2,426,000","2,444,000","2,345,000","2,358,000","2,609,000","2,649,000","2,575,000","2,634,000","4,671,000","4,711,000","4,679,000","4,514,000","3,257,000","2,928,000","2,620,000","2,323,000","1,394,000","789,000","723,000","747,000","798,000","509,000","387,000","647,000","648,000","647,000","626,000","649,000","527,000","371,000","371,000","371,000","386,000","373,000","367,000","367,000","1,326,000","1,326,000","1,297,000","1,283,000",,,,,,,,,,,,,,,,,,,,,,,,,,,,,,,,,,,,,,,,,,,,
				AmortizationOfIntangiblesIncomeStatement,"115,000,000","34,000,000","29,000,000","26,000,000","26,000,000","26,000,000","20,000,000","16,000,000","16,000,000","19,000,000","26,000,000","30,000,000","28,000,000","26,000,000","25,000,000","23,000,000","23,000,000","33,000,000","49,000,000","52,000,000","50,000,000","51,000,000","59,000,000","60,000,000","59,000,000","61,212,000","58,499,000","63,700,000","67,589,000","46,160,000","2,597,000","2,667,000","2,672,000","1,826,000","1,831,000","1,863,000","1,863,000","1,463,000","1,670,000","770,000","770,000","806,000","843,000","836,000","835,000","2,426,000","2,444,000","2,345,000","2,358,000","2,609,000","2,649,000","2,575,000","2,634,000","4,671,000","4,711,000","4,679,000","4,514,000","3,257,000","2,928,000","2,620,000","2,323,000","1,394,000","789,000","723,000","747,000","798,000","509,000","387,000","647,000","648,000","647,000","626,000","649,000","527,000","371,000","371,000","371,000","386,000","373,000","367,000","367,000","1,326,000","1,326,000","1,297,000","1,283,000",,,,,,,,,,,,,,,,,,,,,,,,,,,,,,,,,,,,,,,,,,,,
	OtherOperatingExpenses,,,,,,,,,,,,,,,,,,,,,,,,,,,,,,,,,,,,,,,"9,114,000",,,,,,,,,,,,,,,,"-5,302,000","4,680,000","3,234,000",,,,,"12,543,000","53,392,000",,,"71,000","283,000","141,000",,"79,000","725,000","876,000","363,000",,,,,,,,"3,300,000",,,,,,,,,,,,,,,,,,,,,,,,,,,,,,,,,,,,,,,,,,,,,,,,
OperatingIncome,"1,011,000,000","244,000,000","243,000,000","251,000,000","273,000,000","237,000,000","170,000,000","122,000,000","156,000,000","198,000,000","197,000,000","165,000,000","164,000,000","181,000,000","172,000,000","126,000,000","150,000,000","139,000,000","100,000,000","78,000,000","71,000,000","100,000,000","73,000,000","61,000,000","43,000,000","75,649,000","67,765,000","35,312,000","57,274,000","46,828,000","62,162,000","53,716,000","58,602,000","54,775,000","47,556,000","37,960,000","30,553,000","46,115,000","48,445,000","40,711,000","42,009,000","42,074,000","49,018,000","46,737,000","46,248,000","42,239,000","38,857,000","33,417,000","33,536,000","28,974,000","18,753,000","15,737,000","16,470,000","27,740,000","44,984,000","36,969,000","39,354,000","36,862,000","37,022,000","33,969,000","37,186,000","25,719,000","-16,278,000","37,830,000","33,158,000","38,194,000","40,095,000","37,402,000","38,520,000","46,227,000","45,096,000","43,230,000","40,742,000","32,954,000","33,696,000","31,625,000","31,644,000","28,417,000","28,884,000","24,966,000","19,611,000","22,961,000","24,025,000","21,797,000","25,515,000","25,384,000","36,506,000","32,628,000","25,285,000","31,700,000","33,100,000","24,800,000","19,800,000","23,600,000","17,000,000","16,000,000","13,200,000","15,400,000","13,600,000","12,500,000","10,800,000","11,600,000","12,000,000","8,000,000","7,900,000","-74,900,000","37,500,000","35,500,000","9,600,000","8,900,000","8,500,000","7,100,000","5,900,000","6,900,000","6,500,000","6,100,000","5,500,000","4,000,000","4,000,000","4,100,000","3,300,000","3,300,000","3,400,000","10,500,000","10,400,000","-16,200,000","9,600,000","9,600,000","7,700,000"
NetNonOperatingInterestIncomeExpense,"-5,000,000","5,000,000","-5,000,000","-7,000,000","2,000,000","-7,000,000","-10,000,000","-14,000,000","-45,000,000","-4,000,000","-28,000,000","-33,000,000","-24,000,000","-39,000,000","-18,000,000","-23,000,000","-11,000,000","-51,000,000","-95,000,000","-40,000,000","-41,000,000","-48,000,000","-46,000,000","-51,000,000","-50,000,000","-48,738,000","-45,002,000","-49,331,000","-50,965,000","-56,715,000",,,,,,,,,"541,000","826,000","592,000","594,000","134,000","656,000","560,000",,,,,,,,,,,,,,,,,,,,,,,,,,,,,,,,,,,,,,,,,,,,,,,,,,,,,,,,,,,,,,,,,,,,,,,,,,,,,,,,,,,,
	InterestIncomeNonOperating,,,,,,,,,,,,,,,,,,,,,,,,,,,,,,,,,,,,,,,"541,000","826,000","592,000","594,000","134,000","656,000","560,000",,,,,,,,,,,,,,,,,,,,,,,,,,,,,,,,,,,,,,,,,,,,,,,,,,,,,,,,,,,,,,,,,,,,,,,,,,,,,,,,,,,,
	InterestExpenseNonOperating,"5,000,000","-5,000,000","5,000,000","7,000,000",,"7,000,000","10,000,000","14,000,000","45,000,000","4,000,000","28,000,000","33,000,000","24,000,000","39,000,000","18,000,000","23,000,000","11,000,000","51,000,000","95,000,000","40,000,000","41,000,000","48,000,000","46,000,000","51,000,000","50,000,000","48,738,000","45,002,000","49,331,000","50,965,000","56,715,000",,,,,,,,,,,,,,,,,,,,,,,,,,,,,,,,,,,,,,,,,,,,,,,,,,,,,,,,,,,,,,,,,,,,,,,,,,,,,,,,,,,,,,,,,,,,,,,,,,,
	TotalOtherFinanceCost,"5,000,000","-5,000,000",,,"-2,000,000",,,,,"4,000,000","28,000,000","33,000,000","24,000,000","39,000,000","18,000,000","23,000,000","11,000,000","51,000,000","95,000,000","40,000,000","41,000,000","48,000,000","46,000,000","51,000,000","50,000,000","48,738,000","45,002,000","49,331,000","50,965,000","56,715,000",,,,,,,,,,,,,,,,,,,,,,,,,,,,,,,,,,,,,,,,,,,,,,,,,,,,,,,,,,,,,,,,,,,,,,,,,,,,,,,,,,,,,,,,,,,,,,,,,,,
OtherIncomeExpense,"-38,000,000","-23,000,000","-10,000,000","-6,000,000","1,000,000","-14,000,000","-22,000,000","-5,000,000","-8,000,000","-15,000,000","-10,000,000","-3,000,000","-9,000,000","6,000,000","-11,000,000","-3,000,000","-6,000,000","-10,000,000","-12,000,000","-19,000,000","-32,000,000","-32,000,000","-104,000,000","-44,000,000","-42,000,000","-54,539,000","-48,305,000","-38,648,000","-64,472,000","-82,711,000","-37,356,000","-22,719,000","-5,057,000","-4,569,000","-415,000","-244,000","-1,789,000","-94,000","-10,488,000","-1,818,000","-706,000","388,000","-1,170,000","-1,142,000","-2,434,000","-2,016,000","94,000","-429,000","-1,124,000","-2,631,000","-2,988,000","-2,488,000","-2,719,000","-161,733,000","-4,080,000","-2,678,000","-383,000","9,281,000","4,213,000","5,176,000","3,712,000","-6,555,000","-47,214,000","4,430,000","-338,000","3,756,000","3,556,000","3,500,000","3,026,000","2,336,000","2,146,000","1,056,000","1,716,000","1,318,000","-1,263,000","2,638,000","2,302,000","10,553,000","-433,000","775,000","481,000","961,000","-761,000","842,000","950,000","2,486,000","-1,188,000","-6,597,000","-1,473,000","-700,000","-1,900,000","1,900,000","400,000","-9,700,000","500,000","1,700,000","3,100,000","2,600,000","1,900,000","2,200,000","7,100,000","2,200,000","1,600,000","1,500,000","200,000",,,,"1,000,000","700,000","600,000","800,000","700,000","800,000","1,800,000","600,000","600,000","500,000","800,000","800,000","500,000","700,000","100,000",,,,,,
	GainOnSaleOfSecurity,"-5,000,000","-2,000,000","-4,000,000","-1,000,000","2,000,000","-3,000,000","-3,000,000","-9,000,000","-3,000,000","-4,000,000","2,000,000","-1,000,000","-3,000,000","0","-1,000,000","-4,000,000",,"-3,000,000","1,000,000","2,000,000","-1,000,000","-1,000,000","-1,000,000","-5,000,000","1,000,000","-806,000","-5,255,000","11,174,000","-25,699,000","-9,894,000","-2,346,000","-2,011,000","129,000","875,000","377,000","11,000","579,000","2,480,000","-514,000","-80,000","-342,000","1,238,000","-173,000","-833,000",,"570,000","635,000","634,000","842,000",,"901,000","1,014,000","1,178,000",,,,,,,,,,,,,,,,,,,,,,,,,,,,,,,,,,,,,,,,,,,,,,,,,,,,,,,,,,,,,,,,,,,,,,,,,,,,
	EarningsFromEquityInterest,,,,,,,,,,,,,,,,,,,,,,,,,,,,,,,,,,,,,,,,,,,,,,,,,,,"901,000",,,,,,,,,,,,,,,,,,,,,,,,,,,,,,,,,,,,,,,,,,,,,,,,,,,,,,,,,,,,,,,,,,,,,,,,,,,,,,
	SpecialIncomeCharges,"-32,000,000","-21,000,000","-6,000,000","-4,000,000","-1,000,000","-6,000,000","-20,000,000","-3,000,000","-5,000,000","-10,000,000","-12,000,000","-5,000,000","-5,000,000","-2,000,000","-10,000,000","-1,000,000","-6,000,000","-6,000,000","-9,000,000","-20,000,000","-31,000,000","-29,000,000","-97,000,000","-39,000,000","-43,000,000","-53,641,000","-42,744,000","-49,115,000","-37,500,000","-71,667,000","-35,206,000","-20,651,000","-5,194,000","-5,697,000","-787,000","-1,719,000","-2,377,000","-853,000","-9,974,000","-1,738,000","-364,000","-850,000","-997,000","-309,000","-2,434,000","-2,586,000","-541,000","-1,063,000","-1,966,000","-2,471,000","-3,889,000","-3,502,000","-3,897,000","-163,014,000","-4,080,000","-2,678,000","-383,000","9,281,000","4,213,000","5,176,000","3,712,000","-6,555,000","-47,214,000","4,430,000","-338,000","3,756,000","3,556,000","3,500,000","3,026,000","2,336,000","2,146,000","1,056,000","1,716,000","1,318,000","-1,263,000","2,638,000","2,302,000","10,553,000","-433,000","775,000","481,000","961,000","-761,000","842,000","950,000","2,486,000","-1,188,000","-6,597,000","-1,473,000","-700,000","-1,900,000","1,900,000","400,000","-9,700,000","500,000","1,700,000","3,100,000","2,600,000","1,900,000","2,200,000","7,100,000","2,200,000","1,600,000","1,500,000","200,000",,,,"1,000,000","700,000","600,000","800,000","700,000","800,000","1,800,000","600,000","600,000","500,000","800,000","800,000","500,000","700,000","100,000",,,,,,
		RestructuringAndMergernAcquisition,"32,000,000","21,000,000","6,000,000","4,000,000","1,000,000","6,000,000","20,000,000","3,000,000","5,000,000","10,000,000","12,000,000","5,000,000","5,000,000","2,000,000","10,000,000","1,000,000","6,000,000","6,000,000","9,000,000","20,000,000","31,000,000","29,000,000","35,000,000","39,000,000","43,000,000","53,641,000","42,744,000","49,115,000","37,500,000","71,667,000","35,206,000","20,651,000","5,194,000","5,697,000","787,000","1,719,000","2,377,000","1,997,000","566,000","1,252,000","0","-49,000","138,000","66,000","1,886,000","1,805,000","0","576,000","1,816,000","2,736,000","3,515,000","3,643,000","2,296,000","7,791,000","4,304,000",,,,,,,,,,,,,,,,,"13,000","45,000",,,,,"0",,,"73,000","169,000","305,000","532,000","832,000",,,,,,,,,,,,,,,,,,,,,,,,,,,,,,,,,,,,,,,,,,,,
		ImpairmentOfCapitalAssets,,,,,,,,,,,,,,,,,,,"0",,,"0","62,000,000",,,,,,,,,,,,,,,,"9,114,000",,,,,,,"0","0","0",,"-855,000","88,000","-291,000",,,,,,,,,,,,,,,,,,,,,,,,,,,,,,,,,,,,,,,,,,,,,,,,,,,,,,,,,,,,,,,,,,,,,,,,,,,,,
		WriteOff,,,,,,,,,,,,,,,,,,,,,,,,,,,,,,,,,,"0","0",,,"0",,,,,,,,,,,,,,,,,,,,,,,,,,,,,,,,,,,,,,,,,,,,,,,,,,,,,,,,,,,,,,,,,,,,,,,,,,,,,,,,,,,,,,,,,,,
		OtherSpecialCharges,,,,,,,,,,,,,,,,,,,,,,,,,,,,,,,,,,,,,,,"294,000","486,000","364,000","899,000","859,000","243,000","548,000","781,000","541,000","487,000","150,000","590,000","286,000","150,000","1,601,000","-2,377,000","-224,000",,,,,,,,,,,,,,,,,"-1,069,000","-1,761,000",,,,,"-10,553,000",,,"-554,000","-1,130,000","456,000","-1,374,000","-1,782,000",,,,,,,,,,,,,,,,,,,,,,,,,,,,,,,,,,,,,,,,,,,,
	OtherNonOperatingIncomeExpenses,"-1,000,000","0",,"-1,000,000",,"-5,000,000","1,000,000","7,000,000",,"-1,000,000",,"3,000,000","-1,000,000","8,000,000",,"2,000,000",,"-1,000,000","-4,000,000","-1,000,000",,"-2,000,000","-6,000,000",,,"-92,000","-306,000","-707,000","-1,273,000","-1,150,000","196,000","-57,000","8,000","253,000","-5,000","1,464,000","9,000","-577,000",,,,,,,,,,,,,,,,,,,,,,,,,,,,,,,,,,,,,,,,,,,,,,,,,,,,,,,,,,,,,,,,,,,,,,,,,,,,,,,,,,,,,,,,,,,
PretaxIncome,"968,000,000","226,000,000","228,000,000","238,000,000","276,000,000","216,000,000","138,000,000","103,000,000","103,000,000","179,000,000","159,000,000","129,000,000","131,000,000","148,000,000","143,000,000","100,000,000","133,000,000","78,000,000","-7,000,000","19,000,000","-2,000,000","20,000,000","-77,000,000","-34,000,000","-49,000,000","-27,628,000","-25,542,000","-52,667,000","-58,163,000","-92,719,000","24,806,000","30,997,000","53,545,000","50,206,000","47,141,000","37,716,000","28,764,000","44,062,000","38,498,000","39,719,000","41,895,000","41,112,000","47,982,000","46,251,000","44,374,000","40,223,000","38,951,000","33,349,000","32,412,000","27,183,000","16,340,000","13,249,000","13,751,000","-128,691,000","35,602,000","38,971,000","42,205,000","46,191,000","41,162,000","39,135,000","40,888,000","31,691,000","-10,105,000","42,247,000","37,809,000","42,013,000","43,893,000","41,016,000","41,543,000","48,637,000","47,960,000","45,156,000","42,795,000","35,466,000","32,369,000","34,249,000","33,908,000","31,271,000","30,564,000","25,709,000","23,337,000","23,823,000","23,252,000","22,611,000","26,454,000","26,805,000","35,296,000","26,016,000","23,794,000","30,700,000","31,000,000","26,700,000","20,300,000","13,600,000","17,500,000","17,600,000","16,300,000","18,000,000","15,500,000","14,700,000","17,900,000","13,800,000","13,400,000","9,500,000","7,900,000",,,,"10,400,000","9,500,000","9,100,000","7,800,000","6,400,000","7,500,000","8,200,000","6,700,000","6,000,000","4,300,000","4,800,000","4,900,000","3,700,000","3,800,000","3,500,000",,,,,,
TaxProvision,"131,000,000","35,000,000","29,000,000","19,000,000","48,000,000","17,000,000","22,000,000","3,000,000","14,000,000","10,000,000","23,000,000","5,000,000","16,000,000","33,000,000","16,000,000","30,000,000","24,000,000","74,000,000","5,000,000","2,000,000","-10,000,000","3,000,000","6,000,000","15,000,000","-20,000,000","-21,133,000","3,408,000","23,591,000","-32,866,000","-41,040,000","9,861,000","3,440,000","11,939,000","8,681,000","8,541,000","7,158,000","5,222,000","9,263,000","11,917,000","9,366,000","11,731,000","8,253,000","13,795,000","13,082,000","14,246,000","12,006,000","12,800,000","10,672,000","7,679,000","9,553,000","5,229,000","4,238,000","4,399,000","-11,330,000","9,832,000","13,445,000","14,561,000","15,388,000","14,201,000","13,502,000","14,172,000","10,245,000","-5,842,000","14,575,000","13,037,000","13,719,000","14,453,000","14,253,000","14,436,000","16,676,000","16,641,000","15,728,000","14,861,000","11,071,000","9,370,000","11,987,000","11,868,000","10,945,000","10,697,000","9,249,000","8,397,000","8,576,000","8,370,000","8,140,000","9,524,000","9,651,000","12,706,000","9,366,000","8,566,000","10,800,000","11,100,000","9,600,000","7,600,000","6,500,000","6,300,000","6,300,000","5,900,000","6,300,000","5,600,000","5,100,000","6,700,000","5,100,000","4,700,000","3,200,000","2,700,000",,,,"3,800,000","3,300,000","3,400,000","2,700,000","2,300,000","2,200,000","3,100,000","2,400,000","2,400,000","1,100,000","1,700,000","1,800,000","1,400,000","1,200,000","1,300,000",,,,,,
NetIncomeCommonStockholders,"837,000,000","191,000,000","199,000,000","219,000,000","228,000,000","199,000,000","116,000,000","100,000,000","89,000,000","169,000,000","136,000,000","124,000,000","115,000,000","115,000,000","127,000,000","70,000,000","109,000,000","4,000,000","-12,000,000","17,000,000","8,000,000","17,000,000","-83,000,000","-49,000,000","-29,000,000","-6,495,000","-28,950,000","-76,258,000","-25,297,000","-51,679,000","14,945,000","27,557,000","41,606,000","41,650,000","38,600,000","30,566,000","23,542,000","34,990,000","27,097,000","30,653,000","30,164,000","35,044,000","45,001,000","32,964,000","61,634,000","28,217,000","26,151,000","22,677,000","24,733,000","17,630,000","11,111,000","9,011,000","9,352,000","-117,361,000","25,770,000","25,526,000","27,644,000","30,803,000","26,961,000","25,633,000","26,716,000","21,446,000","-4,263,000","27,672,000","26,091,000","28,294,000","29,440,000","26,763,000","27,107,000","31,961,000","31,319,000","29,428,000","27,934,000","24,395,000","22,999,000","22,262,000","22,040,000","20,326,000","19,867,000","16,460,000","14,940,000","15,247,000","14,882,000","14,471,000","16,930,000","17,154,000","22,590,000","16,650,000","15,228,000","19,900,000","19,900,000","17,100,000","12,700,000","7,100,000","11,200,000","11,300,000","10,400,000","11,700,000","9,900,000","7,200,000","11,200,000","8,700,000","8,700,000","6,300,000","5,200,000","7,900,000","1,000,000","7,100,000","6,600,000","6,200,000","5,700,000","5,100,000","4,100,000","5,300,000","5,100,000","4,300,000","3,600,000","3,200,000","3,100,000","3,100,000","2,300,000","2,600,000","2,200,000",,,"1,900,000","1,700,000","1,700,000","1,300,000"
	NetIncome,"837,000,000","191,000,000","199,000,000","219,000,000","228,000,000","199,000,000","116,000,000","100,000,000","89,000,000","169,000,000","136,000,000","124,000,000","115,000,000","115,000,000","127,000,000","70,000,000","109,000,000","4,000,000","-12,000,000","17,000,000","8,000,000","17,000,000","-83,000,000","-49,000,000","-29,000,000","-6,495,000","-28,950,000","-76,258,000","-25,297,000","-51,679,000","14,945,000","27,557,000","41,606,000","41,650,000","38,600,000","30,566,000","23,542,000","34,990,000","27,097,000","30,653,000","30,164,000","35,044,000","45,001,000","32,964,000","61,634,000","28,217,000","26,151,000","22,677,000","24,733,000","17,630,000","11,111,000","9,011,000","9,352,000","-117,361,000","25,770,000","25,526,000","27,644,000","30,803,000","26,961,000","25,633,000","26,716,000","21,446,000","-4,263,000","27,672,000","26,091,000","28,294,000","29,440,000","26,763,000","27,107,000","31,961,000","31,319,000","29,428,000","27,934,000","24,395,000","22,999,000","22,262,000","22,040,000","20,326,000","19,867,000","16,460,000","14,940,000","15,247,000","14,882,000","14,471,000","16,930,000","17,154,000","22,590,000","16,650,000","15,228,000","19,900,000","19,900,000","17,100,000","12,700,000","7,100,000","11,200,000","11,300,000","10,400,000","11,700,000","9,900,000","7,200,000","11,200,000","8,700,000","8,700,000","6,300,000","5,200,000","7,900,000","1,000,000","7,100,000","6,600,000","6,200,000","5,700,000","5,100,000","4,100,000","5,300,000","5,100,000","4,300,000","3,600,000","3,200,000","3,100,000","3,100,000","2,300,000","2,600,000","2,200,000",,,"1,900,000","1,700,000","1,700,000","1,300,000"
		NetIncomeIncludingNoncontrollingInterests,"837,000,000","191,000,000","199,000,000","219,000,000","228,000,000","199,000,000","116,000,000","100,000,000","89,000,000","169,000,000","136,000,000","124,000,000","115,000,000","115,000,000","127,000,000","70,000,000","109,000,000","4,000,000","-12,000,000","17,000,000","8,000,000","17,000,000","-83,000,000","-49,000,000","-29,000,000","-6,495,000","-28,950,000","-76,258,000","-25,297,000","-51,679,000","14,945,000","27,557,000","41,606,000","41,650,000","38,600,000","30,566,000","23,542,000","34,990,000","27,097,000","30,653,000","30,164,000","35,044,000","45,001,000","32,964,000","61,634,000","28,217,000","26,151,000","22,677,000","24,733,000","17,630,000","11,111,000","9,011,000","9,352,000","-117,361,000","25,770,000","25,526,000","27,644,000","30,803,000","26,961,000","25,633,000","26,716,000","21,446,000","-4,263,000","27,672,000","26,091,000","28,294,000","29,440,000","26,763,000","27,107,000","31,961,000","31,319,000","29,428,000","27,934,000","24,395,000","22,999,000","22,262,000","22,040,000","20,326,000","19,867,000","16,460,000","14,940,000","15,247,000","14,882,000","14,471,000","16,930,000","17,154,000","22,590,000","16,650,000","15,228,000","19,900,000","19,900,000","17,100,000","12,700,000","7,100,000","11,200,000","11,300,000","10,400,000","11,700,000","9,900,000","7,200,000","11,200,000","8,700,000","8,700,000","6,300,000","5,200,000","7,900,000","1,000,000","7,100,000","6,600,000","6,200,000","5,700,000","5,100,000","4,100,000","5,300,000","5,100,000","4,300,000","3,600,000","3,200,000","3,100,000","3,100,000","2,300,000","2,600,000","2,200,000","1,900,000","1,800,000","1,900,000","1,700,000","1,700,000","1,300,000"
			NetIncomeContinuousOperations,"837,000,000","191,000,000","199,000,000","219,000,000","228,000,000","199,000,000","116,000,000","100,000,000","89,000,000","169,000,000","136,000,000","124,000,000","115,000,000","115,000,000","127,000,000","70,000,000","109,000,000","4,000,000","-12,000,000","17,000,000","8,000,000","17,000,000","-83,000,000","-49,000,000","-29,000,000","-6,495,000","-28,950,000","-76,258,000","-25,297,000","-51,679,000","14,945,000","27,557,000","41,606,000","41,525,000","38,600,000","30,558,000","23,542,000","34,799,000","26,581,000","30,353,000","30,164,000","32,859,000","34,187,000","33,169,000","30,128,000","28,217,000","26,151,000","22,677,000","24,733,000","17,630,000","11,111,000","9,011,000","9,352,000","-117,361,000","25,770,000","25,526,000","27,644,000","30,803,000","26,961,000","25,633,000","26,716,000","21,446,000","-4,263,000","27,672,000","24,772,000","28,294,000","29,440,000","26,763,000","27,107,000","31,961,000","31,319,000","29,428,000","27,934,000","24,395,000","22,999,000","22,262,000","22,040,000","20,326,000","19,867,000","16,460,000","14,940,000","15,247,000","14,882,000","14,471,000","16,930,000","17,154,000","22,590,000","16,650,000","15,228,000","19,900,000","19,900,000","17,100,000","12,700,000","7,100,000","11,200,000","11,300,000","10,400,000","11,700,000","9,900,000","9,600,000","11,200,000","8,700,000","8,700,000","6,300,000","5,200,000","7,900,000","1,000,000","7,100,000","6,600,000","6,200,000","5,700,000","5,100,000","4,100,000","5,300,000","5,100,000","4,300,000","3,600,000","3,200,000","3,100,000","3,100,000","2,300,000","2,600,000","2,200,000","1,900,000","1,800,000","1,900,000","1,700,000","1,700,000","1,300,000"
			NetIncomeDiscontinuousOperations,,,,,,,,,,,,,,,,,,,,,,,,,,,,,,"0","0","0",,"125,000","0","8,000",,"191,000","516,000","300,000","0","2,185,000","10,814,000","-205,000","31,506,000",,,,,,,,,,,,,,,,,,,,,,,,,,,,,,,,,,,,,,,,,,,,,,,,,,,,,"0",,"-2,400,000",,,,,,,,,,,,,,,,,,,,,,,,,,,,,
			NetIncomeExtraordinary,,,,,,,,,,,,,,,,,,,,,,,,,,,,,,,,,,,,,,,,,,,,,,,,,,,,,,,,,,,,,,"0",,,"1,319,000",,,,,,,,,,,,,,,,,,,,,,,,,,,,,,,,,,,,,,,,,,,,,,,,,,,,,,,,,,,,,,,,
DilutedNIAvailtoComStockholders,"837,000,000","191,000,000","199,000,000","219,000,000","228,000,000","199,000,000","116,000,000","100,000,000","89,000,000","169,000,000","136,000,000","124,000,000","115,000,000","115,000,000","127,000,000","70,000,000","109,000,000","4,000,000","-12,000,000","17,000,000","8,000,000","17,000,000","-83,000,000","-49,000,000","-29,000,000","-6,495,000","-28,950,000","-76,258,000","-25,297,000","-51,679,000","14,945,000","27,557,000","41,606,000","41,650,000","38,600,000","30,566,000","23,542,000","34,990,000","27,097,000","30,653,000","30,164,000","35,044,000","45,001,000","32,964,000","61,634,000","28,217,000","26,151,000","22,677,000","24,733,000","17,630,000","11,111,000","9,011,000","9,352,000","-117,361,000","25,770,000","25,526,000","27,644,000","30,803,000","26,961,000","25,633,000","26,716,000","21,446,000","-4,263,000","27,672,000","26,091,000","28,294,000","29,440,000","26,763,000","27,107,000","31,961,000","31,319,000","29,428,000","27,934,000","24,395,000","22,999,000","22,262,000","22,040,000","20,326,000","19,867,000","16,460,000","14,940,000","15,247,000","14,882,000","14,471,000","16,930,000","17,154,000","22,590,000","16,650,000","15,228,000","19,900,000","19,900,000","17,100,000","12,700,000","7,100,000","11,200,000","11,300,000","10,400,000","11,700,000","9,900,000","7,200,000","11,200,000","8,700,000","8,700,000","6,300,000","5,200,000","7,900,000","1,000,000","7,100,000","6,600,000","6,200,000","5,700,000","5,100,000","4,100,000","5,300,000","5,100,000","4,300,000","3,600,000","3,200,000","3,100,000","3,100,000","2,300,000","2,600,000","2,200,000",,,"1,900,000","1,700,000","1,700,000","1,300,000"
BasicEPS,,"3.58","3.72","4.1","4.26","3.73","2.18","1.87","1.66","3.13","2.52","2.28","2.14","2.14","2.37","1.31","2.04","0.07","-0.23","0.33","0.16","0.34","-1.61","-0.95","-0.56","-0.13","-0.57","-1.5","-0.5","-1.02","0.29","0.54","0.83","0.83","0.76","0.6","0.46","0.69","0.53","0.59","0.58","0.67","0.84","0.6","1.11",,"0.46","0.39","0.43",,"0.19","0.15","0.16",,"0.4","0.39","0.42",,"0.39","0.37","0.39",,"-0.06","0.39","0.37",,"0.41","0.37","0.38",,"0.44","0.413","0.262",,"0.327","0.316","0.14",,"0.284","0.236","0.097",,"0.218","0.209","0.244",,"0.329","0.24","0.095",,"0.127","0.109","0.081",,"0.091","0.091","0.085",,"0.081","0.059","0.091",,"0.071","0.051","0.044",,"0.004","0.03","0.028",,"0.024","0.021","0.018",,"0.022","0.018","0.015",,"0.013","0.013","0.01",,"0.01","0.009","0.008",,"0.008","0.008","0.006"
DilutedEPS,,"3.55","3.69","4.07","4.22","3.7","2.16","1.85","1.65","3.1","2.5","2.26","2.12","2.11","2.34","1.29","2.01","0.07","-0.23","0.32","0.16","0.34","-1.61","-0.95","-0.56","-0.13","-0.57","-1.5","-0.5","-1.02","0.29","0.54","0.82","0.82","0.76","0.6","0.46","0.68","0.52","0.59","0.58","0.67","0.84","0.6","1.1",,"0.46","0.39","0.42",,"0.19","0.15","0.16",,"0.4","0.39","0.42",,"0.39","0.37","0.39",,"-0.06","0.39","0.37",,"0.41","0.37","0.37",,"0.43","0.407","0.258",,"0.32","0.311","0.138",,"0.284","0.236","0.095",,"0.213","0.209","0.244",,"0.324","0.236","0.095",,"0.125","0.109","0.081",,"0.091","0.091","0.085",,"0.081","0.059","0.091",,"0.071","0.051","0.044",,"0.004","0.03","0.028",,"0.024","0.021","0.018",,"0.022","0.018","0.015",,"0.013","0.013","0.01",,"0.01","0.009","0.008",,"0.008","0.008","0.006"
BasicAverageShares,,"53,441,215","53,418,055","53,449,143","53,484,265","53,356,857","53,300,036","53,188,486","53,760,873","53,985,729","54,085,500","54,027,576","53,738,318","53,738,318","53,740,174","53,537,876","53,286,249","53,208,248","52,220,868","51,996,353","51,842,025","51,792,228","51,690,204","51,533,236","51,299,632","51,207,000","51,152,000","50,917,000","50,667,000","50,452,000","50,835,000","50,606,000","50,402,000","50,289,000","50,590,000","50,900,000","50,980,000","50,968,000","51,566,000","51,771,000","51,998,000","52,108,000","53,339,000","54,546,000","55,353,000",,"56,739,000","57,489,000","58,016,000",,"58,954,000","59,271,000","60,266,000",,"64,328,000","65,128,000","66,134,000",,"68,580,000","69,098,000","68,908,000",,"70,802,000","70,781,000","70,566,000",,"71,263,000","72,013,000","71,873,000",,"71,696,000","71,559,000","106,821,589",,"70,879,500","70,555,500","157,782,053",,"69,786,000","69,597,000","155,764,134",,"68,976,000","68,847,750","68,717,250",,"68,607,000","69,696,000","159,117,216",,"70,388,343","69,947,784","69,628,603",,"54,687,798","54,667,568","54,656,329",,"54,507,978","54,507,978","54,485,500",,"54,433,802","54,386,600","54,386,600",,"54,125,861","54,125,861","54,125,861",,"54,031,456","53,923,562","53,923,562",,"53,847,139","53,901,085","53,847,139",,"53,847,139","53,847,139","53,847,139",,"53,847,139","53,847,139","53,847,139",,"53,847,139","53,847,139","53,847,139"
DilutedAverageShares,,"53,877,621","53,866,559","53,908,295","53,964,330","53,783,654","53,716,306","53,675,730","54,318,044","54,541,638","54,637,823","54,648,699","54,245,283","54,502,370","54,424,880","54,255,707","53,985,755","53,851,248","52,220,868","53,128,657","52,946,883","52,573,283","51,690,204","51,533,236","51,299,632","51,207,000","51,152,000","50,917,000","50,667,000","50,452,000","51,461,000","51,278,000","50,974,000","50,666,000","50,924,000","51,283,000","51,366,000","51,262,000","51,809,000","52,030,000","52,301,000","52,354,000","53,628,000","54,958,000","55,774,000",,"56,998,000","57,737,000","58,265,000",,"59,083,000","59,352,000","60,332,000",,"64,653,000","65,502,000","66,518,000",,"69,005,000","69,559,000","69,367,000",,"70,802,000","71,229,000","71,119,000",,"71,822,000","72,714,000","72,717,000",,"72,673,000","72,553,500","108,348,576",,"71,785,500","71,343,000","159,279,054",,"70,339,500","70,265,250","157,165,047",,"69,482,250","69,369,750","69,277,500",,"69,405,750","70,587,000","161,615,594",,"70,388,343","69,947,784","69,628,603",,"54,687,798","54,667,568","54,656,329",,"54,507,978","54,507,978","54,485,500",,"54,433,802","54,386,600","54,386,600",,"54,125,861","54,125,861","54,125,861",,"54,031,456","53,923,562","53,923,562",,"53,847,139","53,901,085","53,847,139",,"53,847,139","53,847,139","53,847,139",,"53,847,139","53,847,139","53,847,139",,"53,847,139","53,847,139","53,847,139"
TotalOperatingIncomeAsReported,"979,000,000","223,000,000","237,000,000","247,000,000","272,000,000","231,000,000","150,000,000","119,000,000","151,000,000","188,000,000","185,000,000","160,000,000","159,000,000","179,000,000","162,000,000","125,000,000","144,000,000","133,000,000","91,000,000","58,000,000","40,000,000","71,000,000","-24,000,000","22,000,000","0","22,008,000","25,021,000","-13,803,000","19,774,000","-24,839,000","26,956,000","33,065,000","53,408,000","49,078,000","46,769,000","36,241,000","28,176,000","44,118,000","38,765,000","39,459,000","42,009,000","42,123,000","48,880,000","46,671,000","44,362,000","40,434,000","38,857,000","32,841,000","31,720,000","27,093,000","15,150,000","12,385,000","14,174,000","-132,349,000","40,680,000","36,969,000","39,354,000","36,862,000","37,022,000","33,969,000","35,333,000","25,719,000","-16,278,000","37,830,000","33,158,000","38,194,000","40,095,000","37,402,000","38,520,000","46,159,000","45,096,000","43,217,000","40,697,000","32,253,000","33,696,000","31,625,000","31,644,000","28,417,000","28,884,000","24,966,000","19,538,000","22,792,000","23,720,000","21,265,000","24,683,000","25,384,000","36,506,000","32,628,000","25,285,000","31,700,000","33,100,000","24,800,000","19,800,000","23,600,000","17,000,000","16,000,000","13,200,000","15,400,000","13,600,000","12,500,000","10,800,000","11,600,000","12,000,000","8,000,000","7,900,000",,,,"9,600,000","8,900,000","8,500,000","7,100,000","5,900,000","6,900,000","6,500,000","6,100,000","5,500,000","4,000,000","4,000,000","4,100,000","3,300,000","3,300,000","3,400,000",,,,,,
TotalExpenses,"4,616,000,000","1,223,000,000","1,193,000,000","1,126,000,000","1,074,000,000","1,071,000,000","962,000,000","834,000,000","896,000,000","994,000,000","933,000,000","932,000,000","902,000,000","956,000,000","920,000,000","886,000,000","827,000,000","887,000,000","835,000,000","818,000,000","794,000,000","842,000,000","831,000,000","818,000,000","804,000,000","877,120,000","848,508,000","854,462,000","835,910,000","743,783,000","241,110,000","234,705,000","229,666,000","229,764,000","215,967,000","215,200,000","206,384,000","207,064,000","203,592,000","206,366,000","201,866,000","205,234,000","204,320,000","198,804,000","191,053,000","205,936,000","207,650,000","202,318,000","192,895,000","193,548,000","182,025,000","171,939,000","176,139,000","204,828,000","199,089,000","216,813,000","206,923,000","196,711,000","180,196,000","174,943,000","171,390,000","184,184,000","202,664,000","149,591,000","142,656,000","141,100,000","135,541,000","139,212,000","132,207,000","128,647,000","126,080,000","119,600,000","113,432,000","114,246,000","100,953,000","98,238,000","93,041,000","97,908,000","94,267,000","90,985,000","90,574,000","88,650,000","86,293,000","91,138,000","89,629,000","100,981,000","91,724,000","95,727,000","73,334,000","75,700,000","70,900,000","72,500,000","70,000,000","149,500,000","40,400,000","39,400,000","37,000,000","38,000,000","36,300,000","35,300,000","31,600,000","35,500,000","31,800,000","32,500,000","30,500,000",,,,"24,800,000","22,100,000","19,700,000","18,800,000","16,100,000","16,900,000","16,600,000","15,500,000","13,500,000","12,000,000","10,600,000","10,800,000","9,900,000","9,500,000","8,500,000",,,,,,
NetIncomeFromContinuingAndDiscontinuedOperation,"837,000,000","191,000,000","199,000,000","219,000,000","228,000,000","199,000,000","116,000,000","100,000,000","89,000,000","169,000,000","136,000,000","124,000,000","115,000,000","115,000,000","127,000,000","70,000,000","109,000,000","4,000,000","-12,000,000","17,000,000","8,000,000","17,000,000","-83,000,000","-49,000,000","-29,000,000","-6,495,000","-28,950,000","-76,258,000","-25,297,000","-51,679,000","14,945,000","27,557,000","41,606,000","41,650,000","38,600,000","30,566,000","23,542,000","34,990,000","27,097,000","30,653,000","30,164,000","35,044,000","45,001,000","32,964,000","61,634,000","28,217,000","26,151,000","22,677,000","24,733,000","17,630,000","11,111,000","9,011,000","9,352,000","-117,361,000","25,770,000","25,526,000","27,644,000","30,803,000","26,961,000","25,633,000","26,716,000","21,446,000","-4,263,000","27,672,000","24,772,000","28,294,000","29,440,000","26,763,000","27,107,000","31,961,000","31,319,000","29,428,000","27,934,000","24,395,000","22,999,000","22,262,000","22,040,000","20,326,000","19,867,000","16,460,000","14,940,000","15,247,000","14,882,000","14,471,000","16,930,000","17,154,000","22,590,000","16,650,000","15,228,000","19,900,000","19,900,000","17,100,000","12,700,000","7,100,000","11,200,000","11,300,000","10,400,000","11,700,000","9,900,000","7,200,000","11,200,000","8,700,000","8,700,000","6,300,000","5,200,000","7,900,000","1,000,000","7,100,000","6,600,000","6,200,000","5,700,000","5,100,000","4,100,000","5,300,000","5,100,000","4,300,000","3,600,000","3,200,000","3,100,000","3,100,000","2,300,000","2,600,000","2,200,000",,,"1,900,000","1,700,000","1,700,000","1,300,000"
NormalizedIncome,"869,005,000","210,438,053.097","207,730,000","223,600,000","227,174,000","207,291,666.667","135,343,000","111,652,000","95,912,000","182,217,877.095","144,550,000","129,766,000","122,024,000","116,554,054.054","136,768,000","73,500,000","113,920,000","9,400,000","-7,200,000","33,110,000","27,200,000","42,500,000","7,356,000","-22,600,000","-3,800,000","26,173,200","-150,600","-53,493,400","12,622,400","1,335,650","37,551,304","47,703,518","45,541,505","45,513,239.453","38,935,790","31,941,480","25,012,764","33,514,038.514","33,822,454.829","31,742,303.709","30,672,313.259","32,548,888.792","35,020,620.733","33,987,987.654","31,780,579.258","29,631,252.343","26,087,890.093","22,968,715.884","25,590,703.69","17,330,361.991","13,755,472.399","10,703,155.483","11,201,181.005","30,132,970.93","28,723,249.817","27,280,089.656","27,894,862.504","24,613,858.327","24,201,496.259","22,242,776.211","24,290,599.1","25,881,913.351","24,065,400","24,770,327.455","24,993,453.516","25,764,490.943","27,054,912.628","24,479,244.88","25,132,520.978","30,425,936.242","29,917,611.885","28,739,808.663","26,813,898.493","23,488,424.406","23,896,393.71","20,547,288.446","20,543,713.578","13,466,600.62","20,148,455.667","15,963,811.895","14,632,070.96","14,631,948.705","15,369,063.564","13,932,121.49","16,322,020.11","15,563,071.293","23,350,338.849","20,872,019.142","16,170,710.095","20,353,745.928","21,119,677.419","15,883,146.067","12,449,753.695","12,920,000","10,880,000","10,208,522.727","8,422,085.89","10,010,000","8,686,451.613","8,163,265.306","6,757,541.899","7,313,043.478","7,661,194.03","5,305,263.158","5,068,354.43","7,900,000","1,000,000","7,100,000","5,965,384.615","5,743,157.895","5,324,175.824","4,576,923.077","3,651,562.5","4,734,666.667","3,980,487.805","3,914,925.373","3,240,000","2,827,906.977","2,583,333.333","2,593,877.551","1,989,189.189","2,121,052.632","2,137,142.857",,,"1,900,000","1,700,000","1,700,000","1,300,000"
InterestIncome,,,,,,,,,,,,,,,,,,,,,,,,,,,,,,,,,,,,,,,"541,000","826,000","592,000","594,000","134,000","656,000","560,000",,,,,,,,,,,,,,,,,,,,,,,,,,,,,,,,,,,,,,,,,,,,,,,,,,,,,,,,,,,,,,,,,,,,,,,,,,,,,,,,,,,,
InterestExpense,"5,000,000","-5,000,000","5,000,000","7,000,000",,"7,000,000","10,000,000","14,000,000","45,000,000","4,000,000","28,000,000","33,000,000","24,000,000","39,000,000","18,000,000","23,000,000","11,000,000","51,000,000","95,000,000","40,000,000","41,000,000","48,000,000","46,000,000","51,000,000","50,000,000","48,738,000","45,002,000","49,331,000","50,965,000","56,715,000",,,,,,,,,,,,,,,,,,,,,,,,,,,,,,,,,,,,,,,,,,,,,,,,,,,,,,,,,,,,,,,,,,,,,,,,,,,,,,,,,,,,,,,,,,,,,,,,,,,
NetInterestIncome,"-5,000,000","5,000,000","-5,000,000","-7,000,000","2,000,000","-7,000,000","-10,000,000","-14,000,000","-45,000,000","-4,000,000","-28,000,000","-33,000,000","-24,000,000","-39,000,000","-18,000,000","-23,000,000","-11,000,000","-51,000,000","-95,000,000","-40,000,000","-41,000,000","-48,000,000","-46,000,000","-51,000,000","-50,000,000","-48,738,000","-45,002,000","-49,331,000","-50,965,000","-56,715,000",,,,,,,,,"541,000","826,000","592,000","594,000","134,000","656,000","560,000",,,,,,,,,,,,,,,,,,,,,,,,,,,,,,,,,,,,,,,,,,,,,,,,,,,,,,,,,,,,,,,,,,,,,,,,,,,,,,,,,,,,
EBIT,"973,000,000","221,000,000","233,000,000","245,000,000","273,000,000","223,000,000","148,000,000","117,000,000","148,000,000","183,000,000","187,000,000","162,000,000","155,000,000","187,000,000","161,000,000","123,000,000","144,000,000","129,000,000","88,000,000","59,000,000","39,000,000","68,000,000","-31,000,000","17,000,000","1,000,000","21,110,000","19,460,000","-3,336,000","-7,198,000","-101,015,000","62,162,000","53,716,000","58,602,000","54,775,000","47,556,000","37,960,000","30,553,000","46,115,000","48,445,000","40,711,000","42,009,000","42,074,000","49,018,000","46,737,000","46,248,000","42,239,000","38,857,000","33,417,000","33,536,000","28,974,000","18,753,000","15,737,000","16,470,000","27,740,000","44,984,000","36,969,000","39,354,000","36,862,000","37,022,000","33,969,000","37,186,000","25,719,000","-16,278,000","37,830,000","33,158,000","38,194,000","40,095,000","37,402,000","38,520,000","46,227,000","45,096,000","43,230,000","40,742,000","32,954,000","33,696,000","31,625,000","31,644,000","28,417,000","28,884,000","24,966,000","19,611,000","22,961,000","24,025,000","21,797,000","25,515,000","25,384,000","36,506,000","32,628,000","25,285,000","31,700,000","33,100,000","24,800,000","19,800,000","23,600,000","17,000,000","16,000,000","13,200,000","15,400,000","13,600,000","12,500,000","10,800,000","11,600,000","12,000,000","8,000,000","7,900,000","-74,900,000","37,500,000","35,500,000","9,600,000","8,900,000","8,500,000","7,100,000","5,900,000","6,900,000","6,500,000","6,100,000","5,500,000","4,000,000","4,000,000","4,100,000","3,300,000","3,300,000","3,400,000","10,500,000","10,400,000","-16,200,000","9,600,000","9,600,000","7,700,000"
EBITDA,"1,160,000,000"
ReconciledCostOfRevenue,"2,927,000,000","781,000,000","771,000,000","701,000,000","674,000,000","673,000,000","624,000,000","519,000,000","561,000,000","631,000,000","577,000,000","559,000,000","546,000,000","580,000,000","567,000,000","520,000,000","492,000,000","536,000,000","487,000,000","465,000,000","445,000,000","491,000,000","469,000,000","456,000,000","439,000,000","506,855,000","482,163,000","478,434,000","471,548,000","446,211,000","145,236,000","139,826,000","133,999,000","136,539,000","128,844,000","126,076,000","118,363,000","122,911,000","119,841,000","121,465,000","118,823,000","120,579,000","124,794,000","118,460,000","112,206,000","119,449,000","122,560,000","118,694,000","113,640,000","115,149,000","103,267,000","100,521,000","101,481,000","116,187,000","121,187,000","121,227,000","118,906,000","115,814,000","108,577,000","105,740,000","105,256,000","108,138,000","95,351,000","94,987,000","90,194,000","86,756,000","85,308,000","84,347,000","80,916,000","81,402,000","81,727,000","75,911,000","71,170,000","70,369,000","64,411,000","60,802,000","57,798,000","60,103,000","60,204,000","56,626,000","55,806,000","57,565,000","56,137,000","58,602,000","58,561,000","66,179,000","59,503,000","63,392,000","46,712,000","49,800,000","45,700,000","45,900,000","45,600,000","98,200,000","25,600,000","22,300,000","22,900,000","22,800,000","25,800,000","21,900,000","19,700,000","22,900,000","21,600,000","20,400,000","19,100,000",,,,"17,500,000","15,700,000","13,800,000","13,100,000","11,100,000","11,100,000","11,400,000","10,800,000","9,400,000","7,700,000","7,100,000","7,300,000","6,800,000","6,500,000","6,200,000",,,,,,
ReconciledDepreciation,"187,000,000","51,000,000","48,000,000","44,000,000","44,000,000","43,000,000","35,000,000","34,000,000","34,000,000","36,000,000","44,000,000","48,000,000","47,000,000","44,000,000","45,000,000","43,000,000","43,000,000","54,000,000","68,000,000","72,000,000","69,000,000","70,000,000","80,000,000","77,000,000","77,000,000","79,582,000","78,553,000","82,162,000","79,703,000","54,148,000","9,127,000","9,093,000","9,003,000","8,798,000","7,900,000","8,040,000","7,372,000","7,271,000","6,942,000","6,005,000","5,959,000","6,015,000","5,834,000","6,219,000","5,932,000","7,511,000","7,677,000","8,207,000","7,814,000","8,504,000","8,462,000","7,994,000","7,953,000","10,163,000","9,811,000","9,519,000","9,088,000","7,718,000","6,941,000","6,390,000","5,853,000","4,749,000","4,038,000","3,631,000","3,669,000","3,545,000","3,160,000","3,306,000","3,093,000","3,225,000","2,950,000","3,030,000","3,050,000","2,961,000","2,836,000","2,874,000","2,909,000","4,044,000","2,898,000","3,943,000","2,734,000","3,872,000","3,470,000","3,296,000","3,844,000","4,930,000","5,883,000","3,995,000","2,527,000","1,700,000","2,400,000","3,200,000","1,700,000","4,700,000","1,100,000","4,300,000","1,200,000","2,100,000","-900,000","1,600,000","1,500,000","1,600,000","700,000","700,000","800,000",,,,"400,000","200,000","400,000","400,000","400,000","200,000","300,000","200,000","300,000","200,000","200,000","200,000","200,000","100,000","100,000",,,,,,
NetIncomeFromContinuingOperationNetMinorityInterest,"837,000,000","191,000,000","199,000,000","219,000,000","228,000,000","199,000,000","116,000,000","100,000,000","89,000,000","169,000,000","136,000,000","124,000,000","115,000,000","115,000,000","127,000,000","70,000,000","109,000,000","4,000,000","-12,000,000","17,000,000","8,000,000","17,000,000","-83,000,000","-49,000,000","-29,000,000","-6,495,000","-28,950,000","-76,258,000","-25,297,000","-51,679,000","14,945,000","27,557,000","41,606,000","41,525,000","38,600,000","30,558,000","23,542,000","34,799,000","26,581,000","30,353,000","30,164,000","32,859,000","34,187,000","33,169,000","30,128,000","28,217,000","26,151,000","22,677,000","24,733,000","17,630,000","11,111,000","9,011,000","9,352,000","-117,361,000","25,770,000","25,526,000","27,644,000","30,803,000","26,961,000","25,633,000","26,716,000","21,446,000","-4,263,000","27,672,000","24,772,000","28,294,000","29,440,000","26,763,000","27,107,000","31,961,000","31,319,000","29,428,000","27,934,000","24,395,000","22,999,000","22,262,000","22,040,000","20,326,000","19,867,000","16,460,000","14,940,000","15,247,000","14,882,000","14,471,000","16,930,000","17,154,000","22,590,000","16,650,000","15,228,000","19,900,000","19,900,000","17,100,000","12,700,000","7,100,000","11,200,000","11,300,000","10,400,000","11,700,000","9,900,000","9,600,000","11,200,000","8,700,000","8,700,000","6,300,000","5,200,000","7,900,000","1,000,000","7,100,000","6,600,000","6,200,000","5,700,000","5,100,000","4,100,000","5,300,000","5,100,000","4,300,000","3,600,000","3,200,000","3,100,000","3,100,000","2,300,000","2,600,000","2,200,000",,,"1,900,000","1,700,000","1,700,000","1,300,000"
TotalUnusualItemsExcludingGoodwill,"-37,000,000","-23,000,000","-10,000,000","-5,000,000","1,000,000","-9,000,000","-23,000,000","-12,000,000","-8,000,000","-14,000,000","-10,000,000","-6,000,000","-8,000,000","-2,000,000","-11,000,000","-5,000,000","-6,000,000","-9,000,000","-8,000,000","-18,000,000","-32,000,000","-30,000,000","-98,000,000","-44,000,000","-42,000,000","-54,447,000","-47,999,000","-37,941,000","-63,199,000","-81,561,000","-37,552,000","-22,662,000","-5,065,000","-4,822,000","-410,000","-1,708,000","-1,798,000","1,627,000","-10,488,000","-1,818,000","-706,000","388,000","-1,170,000","-1,142,000","-2,434,000","-2,016,000","94,000","-429,000","-1,124,000","462,000","-3,889,000","-2,488,000","-2,719,000","-161,733,000","-4,080,000","-2,678,000","-383,000","9,281,000","4,213,000","5,176,000","3,712,000","-6,555,000","-47,214,000","4,430,000","-338,000","3,756,000","3,556,000","3,500,000","3,026,000","2,336,000","2,146,000","1,056,000","1,716,000","1,318,000","-1,263,000","2,638,000","2,302,000","10,553,000","-433,000","775,000","481,000","961,000","-761,000","842,000","950,000","2,486,000","-1,188,000","-6,597,000","-1,473,000","-700,000","-1,900,000","1,900,000","400,000","-9,700,000","500,000","1,700,000","3,100,000","2,600,000","1,900,000","2,200,000","7,100,000","2,200,000","1,600,000","1,500,000","200,000",,,,"1,000,000","700,000","600,000","800,000","700,000","800,000","1,800,000","600,000","600,000","500,000","800,000","800,000","500,000","700,000","100,000",,,,,,
TotalUnusualItems,"-37,000,000","-23,000,000","-10,000,000","-5,000,000","1,000,000","-9,000,000","-23,000,000","-12,000,000","-8,000,000","-14,000,000","-10,000,000","-6,000,000","-8,000,000","-2,000,000","-11,000,000","-5,000,000","-6,000,000","-9,000,000","-8,000,000","-18,000,000","-32,000,000","-30,000,000","-98,000,000","-44,000,000","-42,000,000","-54,447,000","-47,999,000","-37,941,000","-63,199,000","-81,561,000","-37,552,000","-22,662,000","-5,065,000","-4,822,000","-410,000","-1,708,000","-1,798,000","1,627,000","-10,488,000","-1,818,000","-706,000","388,000","-1,170,000","-1,142,000","-2,434,000","-2,016,000","94,000","-429,000","-1,124,000","462,000","-3,889,000","-2,488,000","-2,719,000","-161,733,000","-4,080,000","-2,678,000","-383,000","9,281,000","4,213,000","5,176,000","3,712,000","-6,555,000","-47,214,000","4,430,000","-338,000","3,756,000","3,556,000","3,500,000","3,026,000","2,336,000","2,146,000","1,056,000","1,716,000","1,318,000","-1,263,000","2,638,000","2,302,000","10,553,000","-433,000","775,000","481,000","961,000","-761,000","842,000","950,000","2,486,000","-1,188,000","-6,597,000","-1,473,000","-700,000","-1,900,000","1,900,000","400,000","-9,700,000","500,000","1,700,000","3,100,000","2,600,000","1,900,000","2,200,000","7,100,000","2,200,000","1,600,000","1,500,000","200,000",,,,"1,000,000","700,000","600,000","800,000","700,000","800,000","1,800,000","600,000","600,000","500,000","800,000","800,000","500,000","700,000","100,000",,,,,,
NormalizedEBITDA,"1,197,000,000","295,000,000","291,000,000","294,000,000","316,000,000","275,000,000","206,000,000","163,000,000","190,000,000","233,000,000","241,000,000","216,000,000","210,000,000","233,000,000","217,000,000","171,000,000","193,000,000","192,000,000","164,000,000","149,000,000","140,000,000","168,000,000","147,000,000","138,000,000","120,000,000","155,139,000","146,012,000","116,767,000","135,704,000","34,694,000","108,841,000","85,471,000","72,670,000","68,395,000","55,866,000","47,708,000","39,723,000","51,759,000","65,875,000","48,534,000","48,674,000","47,701,000","56,022,000","54,098,000","54,614,000","51,766,000","46,440,000","42,053,000","42,474,000","37,016,000","31,104,000","26,219,000","27,142,000","199,636,000","58,875,000","49,166,000","48,825,000","35,299,000","39,750,000","35,183,000","39,327,000","37,023,000","34,974,000","37,031,000","37,165,000","37,983,000","39,699,000","37,208,000","38,587,000","47,116,000","45,900,000","45,204,000","42,076,000","34,597,000","37,795,000","31,861,000","32,251,000","21,908,000","32,215,000","28,134,000","21,864,000","25,872,000","28,256,000","24,251,000","28,409,000","27,828,000","43,577,000","43,220,000","29,285,000","34,100,000","37,400,000","26,100,000","21,100,000","38,000,000","17,600,000","18,600,000","11,300,000","14,900,000","10,800,000","11,900,000","5,200,000","11,000,000","11,100,000","7,200,000","8,500,000","-74,900,000","37,500,000","35,500,000","9,000,000","8,400,000","8,300,000","6,700,000","5,600,000","6,300,000","5,000,000","5,700,000","5,200,000","3,700,000","3,400,000","3,500,000","3,000,000","2,700,000","3,400,000","10,500,000","10,400,000","-16,200,000","9,600,000","9,600,000","7,700,000"
TaxRateForCalcs,"0.135","0.155","0.127","0.08","0.174","0.079","0.159","0.029","0.136","0.056","0.145","0.039","0.122","0.223","0.112","0.3","0.18","0.4","0.4","0.105","0.4","0.15","0.078","0.4","0.4","0.4","0.4","0.4","0.4","0.35","0.398","0.111","0.223","0.173","0.181","0.19","0.182","0.21","0.31","0.236","0.28","0.201","0.288","0.283","0.321","0.298","0.329","0.32","0.237","0.351","0.32","0.32","0.32","0.088","0.276","0.345","0.345","0.333","0.345","0.345","0.347","0.323","0.4","0.345","0.345","0.327","0.329","0.347","0.347","0.343","0.347","0.348","0.347","0.312","0.289","0.35","0.35","0.35","0.35","0.36","0.36","0.36","0.36","0.36","0.36","0.36","0.36","0.36","0.36","0.352","0.358","0.36","0.374","0.4","0.36","0.358","0.362","0.35","0.361","0.347","0.374","0.37","0.351","0.337","0.342","0.4","0.4","0.4","0.365","0.347","0.374","0.346","0.359","0.293","0.378","0.358","0.4","0.256","0.354","0.367","0.378","0.316","0.371",,,"0.4","0.4","0.4","0.4"
TaxEffectOfUnusualItems,"-4,995,000","-3,561,946.903","-1,270,000","-400,000","174,000","-708,333.333","-3,657,000","-348,000","-1,088,000","-782,122.905","-1,450,000","-234,000","-976,000","-445,945.946","-1,232,000","-1,500,000","-1,080,000","-3,600,000","-3,200,000","-1,890,000","-12,800,000","-4,500,000","-7,644,000","-17,600,000","-16,800,000","-21,778,800","-19,199,600","-15,176,400","-25,279,600","-28,546,350","-14,945,696","-2,515,482","-1,129,495","-833,760.547","-74,210","-324,520","-327,236","342,038.514","-3,246,545.171","-428,696.291","-197,686.741","77,888.792","-336,379.267","-323,012.346","-781,420.742","-601,747.657","30,890.093","-137,284.116","-266,296.31","162,361.991","-1,244,527.601","-795,844.517","-869,818.995","-14,239,029.07","-1,126,750.183","-923,910.344","-132,137.496","3,091,858.327","1,453,496.259","1,785,776.211","1,286,599.1","-2,119,086.649","-18,885,600","1,528,327.455","-116,546.484","1,226,490.943","1,170,912.628","1,216,244.88","1,051,520.978","800,936.242","744,611.885","367,808.663","595,898.493","411,424.406","-365,606.29","923,288.446","805,713.578","3,693,600.62","-151,544.333","278,811.895","173,070.96","345,948.705","-273,936.436","303,121.49","342,020.11","895,071.293","-427,661.151","-2,374,980.858","-530,289.905","-246,254.072","-680,322.581","683,146.067","149,753.695","-3,880,000","180,000","608,522.727","1,122,085.89","910,000","686,451.613","763,265.306","2,657,541.899","813,043.478","561,194.03","505,263.158","68,354.43","0","0","0","365,384.615","243,157.895","224,175.824","276,923.077","251,562.5","234,666.667","680,487.805","214,925.373","240,000","127,906.977","283,333.333","293,877.551","189,189.189","221,052.632","37,142.857",,,"0","0","0","0"