name,ttm,12/31/2021,09/30/2021,06/30/2021,03/31/2021,12/31/2020,09/30/2020,06/30/2020,03/31/2020,12/31/2019,09/30/2019,06/30/2019,03/31/2019,12/31/2018,09/30/2018,06/30/2018,03/31/2018,12/31/2017,09/30/2017,06/30/2017,03/31/2017,12/31/2016,09/30/2016,06/30/2016,03/31/2016,12/31/2015,09/30/2015,06/30/2015,03/31/2015,12/31/2014,09/30/2014,06/30/2014,03/31/2014,12/31/2013,09/30/2013,06/30/2013,03/31/2013,12/31/2012,09/30/2012,06/30/2012,03/31/2012,12/31/2011,09/30/2011,06/30/2011,03/31/2011
TotalRevenue,"7,776,000,000","1,967,000,000","1,990,000,000","1,948,000,000","1,871,000,000","1,807,000,000","1,786,000,000","1,548,000,000","1,534,000,000","1,674,000,000","1,584,000,000","1,547,000,000","1,455,000,000","1,564,000,000","1,480,000,000","1,415,000,000","1,366,000,000","1,460,000,000","1,347,000,000","1,269,000,000","1,231,000,000","1,277,000,000","1,241,000,000","1,208,000,000","1,162,000,000","1,274,000,000","1,214,000,000","1,175,000,000","1,102,000,000","1,320,000,000","1,210,000,000","1,158,000,000","1,097,000,000","1,254,000,000","1,103,000,000","1,114,000,000","1,090,000,000","1,176,000,000","1,019,000,000","1,094,000,000","1,047,000,000","1,127,000,000","1,049,000,000","1,074,000,000","983,000,000"
	OperatingRevenue,"7,776,000,000","1,967,000,000","1,990,000,000","1,948,000,000","1,871,000,000","1,807,000,000","1,786,000,000","1,548,000,000","1,534,000,000","1,674,000,000","1,584,000,000","1,547,000,000","1,455,000,000","1,564,000,000","1,480,000,000","1,415,000,000","1,366,000,000","1,460,000,000","1,347,000,000","1,269,000,000","1,231,000,000","1,277,000,000","1,241,000,000","1,208,000,000","1,162,000,000","1,274,000,000","1,214,000,000","1,175,000,000","1,102,000,000","1,320,000,000","1,210,000,000","1,158,000,000","1,097,000,000","1,254,000,000","1,103,000,000","1,114,000,000","1,090,000,000","1,176,000,000","1,019,000,000","1,094,000,000","1,047,000,000","1,127,000,000","1,049,000,000","1,074,000,000","983,000,000"
CostOfRevenue,"2,303,000,000","600,000,000","586,000,000","568,000,000","549,000,000","601,000,000","546,000,000","451,000,000","459,000,000","530,000,000","479,000,000","465,000,000","518,000,000","544,000,000","473,000,000","447,000,000","447,000,000","457,000,000","435,000,000","440,000,000","443,000,000","468,000,000","410,000,000","399,000,000","389,000,000","496,000,000","421,000,000","427,000,000","394,000,000","491,000,000","434,000,000","413,000,000","379,000,000","466,000,000","385,000,000","416,000,000","402,000,000","433,000,000","359,000,000","378,000,000","393,000,000","419,000,000","398,000,000","454,000,000","381,000,000"
GrossProfit,"5,473,000,000","1,367,000,000","1,404,000,000","1,380,000,000","1,322,000,000","1,206,000,000","1,240,000,000","1,097,000,000","1,075,000,000","1,144,000,000","1,105,000,000","1,082,000,000","937,000,000","1,020,000,000","1,007,000,000","968,000,000","919,000,000","1,003,000,000","912,000,000","829,000,000","788,000,000","809,000,000","831,000,000","809,000,000","773,000,000","778,000,000","793,000,000","748,000,000","708,000,000","829,000,000","776,000,000","745,000,000","718,000,000","788,000,000","718,000,000","698,000,000","688,000,000","743,000,000","660,000,000","716,000,000","654,000,000","708,000,000","651,000,000","620,000,000","602,000,000"
OperatingExpense,"2,670,000,000","771,000,000","676,000,000","656,000,000","567,000,000","693,000,000","576,000,000","544,000,000","536,000,000","644,000,000","541,000,000","556,000,000","509,000,000","584,000,000","507,000,000","484,000,000","458,000,000","494,000,000","447,000,000","445,000,000","421,000,000","490,000,000","456,000,000","453,000,000","426,000,000","550,000,000","480,000,000","478,000,000","449,000,000","635,000,000","503,000,000","503,000,000","458,000,000","594,000,000","507,000,000","509,000,000","462,000,000","590,000,000","445,000,000","452,000,000","456,000,000","564,000,000","450,000,000","483,000,000","452,000,000"
	SellingGeneralAndAdministration,"2,001,000,000","593,000,000","504,000,000","495,000,000","409,000,000","520,000,000","424,000,000","393,000,000","389,000,000","472,000,000","391,000,000","406,000,000","369,000,000","420,000,000","367,000,000","359,000,000","338,000,000","361,000,000","328,000,000","336,000,000","309,000,000","361,000,000","345,000,000","343,000,000","315,000,000","425,000,000","374,000,000","379,000,000","354,000,000","497,000,000","394,000,000","396,000,000","356,000,000","458,000,000","399,000,000","399,000,000","357,000,000","453,000,000","335,000,000","344,000,000","338,000,000","427,000,000","331,000,000","360,000,000","335,000,000"
	ResearchAndDevelopment,"508,000,000","138,000,000","132,000,000","120,000,000","118,000,000","133,000,000","112,000,000","111,000,000","107,000,000","132,000,000","112,000,000","111,000,000","102,000,000","125,000,000","108,000,000","102,000,000","97,000,000","110,000,000","96,000,000","86,000,000","90,000,000","108,000,000","90,000,000","88,000,000","90,000,000","109,000,000","91,000,000","84,000,000","80,000,000","124,000,000","93,000,000","92,000,000","87,000,000","121,000,000","93,000,000","95,000,000","90,000,000","121,000,000","94,000,000","92,000,000","102,000,000","119,000,000","102,000,000","105,000,000","101,000,000"
	DepreciationAmortizationDepletionIncomeStatement,"161,000,000","40,000,000","40,000,000","41,000,000","40,000,000","40,000,000","40,000,000","40,000,000","40,000,000","40,000,000","38,000,000","39,000,000","38,000,000","39,000,000","32,000,000","23,000,000","23,000,000","23,000,000","23,000,000","23,000,000","22,000,000","21,000,000","21,000,000","22,000,000","21,000,000","16,000,000","15,000,000","15,000,000","15,000,000","14,000,000","16,000,000","15,000,000","15,000,000","15,000,000","15,000,000","15,000,000","15,000,000","16,000,000","16,000,000","16,000,000","16,000,000","18,000,000","17,000,000","18,000,000","16,000,000"
		DepreciationAndAmortizationInIncomeStatement,"161,000,000","40,000,000","40,000,000","41,000,000","40,000,000","40,000,000","40,000,000","40,000,000","40,000,000","40,000,000","38,000,000","39,000,000","38,000,000","39,000,000","32,000,000","23,000,000","23,000,000","23,000,000","23,000,000","23,000,000","22,000,000","21,000,000","21,000,000","22,000,000","21,000,000","16,000,000","15,000,000","15,000,000","15,000,000","14,000,000","16,000,000","15,000,000","15,000,000","15,000,000","15,000,000","15,000,000","15,000,000","16,000,000","16,000,000","16,000,000","16,000,000","18,000,000","17,000,000","18,000,000","16,000,000"
			Amortization,"161,000,000","40,000,000","40,000,000","41,000,000","40,000,000","40,000,000","40,000,000","40,000,000","40,000,000","40,000,000","38,000,000","39,000,000","38,000,000","39,000,000","32,000,000","23,000,000","23,000,000","23,000,000","23,000,000","23,000,000","22,000,000","21,000,000","21,000,000","22,000,000","21,000,000","16,000,000","15,000,000","15,000,000","15,000,000","14,000,000","16,000,000","15,000,000","15,000,000","15,000,000","15,000,000","15,000,000","15,000,000","16,000,000","16,000,000","16,000,000","16,000,000","18,000,000","17,000,000","18,000,000","16,000,000"
				AmortizationOfIntangiblesIncomeStatement,"161,000,000","40,000,000","40,000,000","41,000,000","40,000,000","40,000,000","40,000,000","40,000,000","40,000,000","40,000,000","38,000,000","39,000,000","38,000,000","39,000,000","32,000,000","23,000,000","23,000,000","23,000,000","23,000,000","23,000,000","22,000,000","21,000,000","21,000,000","22,000,000","21,000,000","16,000,000","15,000,000","15,000,000","15,000,000","14,000,000","16,000,000","15,000,000","15,000,000","15,000,000","15,000,000","15,000,000","15,000,000","16,000,000","16,000,000","16,000,000","16,000,000","18,000,000","17,000,000","18,000,000","16,000,000"
OperatingIncome,"2,803,000,000","596,000,000","728,000,000","724,000,000","755,000,000","513,000,000","664,000,000","553,000,000","539,000,000","500,000,000","564,000,000","526,000,000","428,000,000","436,000,000","500,000,000","484,000,000","461,000,000","509,000,000","465,000,000","384,000,000","367,000,000","319,000,000","375,000,000","356,000,000","347,000,000","228,000,000","313,000,000","270,000,000","259,000,000","194,000,000","273,000,000","242,000,000","260,000,000","194,000,000","211,000,000","189,000,000","226,000,000","153,000,000","215,000,000","264,000,000","198,000,000","144,000,000","201,000,000","137,000,000","150,000,000"
NetNonOperatingInterestIncomeExpense,"-218,000,000","-52,000,000","-55,000,000","-55,000,000","-56,000,000","-55,000,000","-61,000,000","-56,000,000","-47,000,000","-48,000,000","-46,000,000","-46,000,000","-46,000,000","-48,000,000","-48,000,000","-46,000,000","-47,000,000","-50,000,000","-43,000,000","-41,000,000","-41,000,000","-41,000,000","-41,000,000","-41,000,000","-43,000,000","-38,000,000","-29,000,000","-29,000,000","-28,000,000","-30,000,000","-29,000,000","-29,000,000","-29,000,000","-30,000,000","-29,000,000","-32,000,000","-22,000,000","-8,000,000","-7,000,000","-8,000,000","-8,000,000","-9,000,000","-9,000,000","-9,000,000","-9,000,000"
	InterestIncomeNonOperating,"6,000,000","2,000,000","1,000,000","2,000,000","1,000,000","3,000,000","1,000,000","2,000,000","6,000,000","8,000,000","10,000,000","9,000,000","10,000,000","11,000,000","6,000,000",,,,,,,,,,,,,,,,,,,,,,,,,,,,,,
	InterestExpenseNonOperating,"224,000,000","54,000,000","56,000,000","57,000,000","57,000,000","58,000,000","62,000,000","58,000,000","53,000,000","56,000,000","56,000,000","55,000,000","56,000,000","59,000,000","54,000,000","46,000,000","47,000,000","50,000,000","43,000,000","41,000,000","41,000,000","41,000,000","41,000,000","41,000,000","43,000,000","38,000,000","29,000,000","29,000,000","28,000,000","30,000,000","29,000,000","29,000,000","29,000,000","30,000,000","29,000,000","32,000,000","22,000,000","8,000,000","7,000,000","8,000,000","8,000,000","9,000,000","9,000,000","9,000,000","9,000,000"
OtherIncomeExpense,"-97,000,000","-38,000,000","-14,000,000","-33,000,000","-12,000,000","-38,000,000","-6,000,000","-15,000,000","5,000,000","-15,000,000","10,000,000","-25,000,000","-1,000,000","30,000,000","-34,000,000","-1,000,000","3,000,000","-29,000,000","-9,000,000","2,000,000","11,000,000","-47,000,000","-1,000,000","17,000,000","28,000,000","-121,000,000","-11,000,000","-268,000,000","-1,000,000","-9,000,000","-6,000,000","-13,000,000","-4,000,000","-38,000,000","3,000,000","30,000,000","-12,000,000","-71,000,000","5,000,000","-4,000,000","-19,000,000","-105,000,000","-44,000,000","-24,000,000","-29,000,000"
	GainOnSaleOfSecurity,"-27,000,000","-7,000,000","-8,000,000","-9,000,000","-3,000,000","-7,000,000","-3,000,000","-6,000,000","-5,000,000","-2,000,000","-7,000,000","-7,000,000",,"-5,000,000","-9,000,000","-9,000,000","-8,000,000","-12,000,000","-7,000,000","-8,000,000","-2,000,000","-27,000,000","-5,000,000","-8,000,000","-9,000,000","-84,000,000","-6,000,000","-4,000,000","-8,000,000","-5,000,000","-7,000,000","-7,000,000","-9,000,000","-8,000,000",,"-2,000,000","-10,000,000",,"1,000,000","-3,000,000",,,,,
	SpecialIncomeCharges,"-76,000,000","-31,000,000","-12,000,000","-24,000,000","-9,000,000","-30,000,000","-4,000,000","-14,000,000","8,000,000","-18,000,000","14,000,000","-22,000,000","-5,000,000","28,000,000","-49,000,000","-5,000,000","-2,000,000","-13,000,000","-12,000,000","2,000,000","1,000,000","-35,000,000","-5,000,000","15,000,000","31,000,000","-46,000,000","-13,000,000","-268,000,000","-1,000,000","-13,000,000","-7,000,000","-12,000,000","-1,000,000","-36,000,000","-4,000,000","26,000,000","-8,000,000","-80,000,000","-8,000,000","-8,000,000","-19,000,000","-106,000,000","-64,000,000","-24,000,000","-29,000,000"
		RestructuringAndMergernAcquisition,"30,000,000","4,000,000","9,000,000","8,000,000","9,000,000","3,000,000","5,000,000","8,000,000","9,000,000","18,000,000","6,000,000","22,000,000","5,000,000","14,000,000","47,000,000","5,000,000","2,000,000","12,000,000","8,000,000","0","-1,000,000","20,000,000","4,000,000","-21,000,000","2,000,000","40,000,000","13,000,000","266,000,000","1,000,000","15,000,000","2,000,000","5,000,000","3,000,000","36,000,000","3,000,000","-20,000,000","7,000,000","80,000,000","6,000,000","24,000,000","25,000,000","46,000,000","51,000,000","20,000,000","37,000,000"
		ImpairmentOfCapitalAssets,"27,000,000","27,000,000","0","0",,"23,000,000","0","3,000,000",,,,,,,,,,"0","0",,,"0","1,000,000","0",,"0","0","2,000,000",,"1,000,000","6,000,000","0","0","0","0","0","1,000,000","0","2,000,000","3,000,000",,"60,000,000","0",,
		WriteOff,"16,000,000","0","3,000,000","13,000,000",,"4,000,000","0","4,000,000",,,,,,,,,,,,,,,,,,,,,,,,,,,,,,,,,,,,,
		OtherSpecialCharges,,,,,,,,,,,,,,,,,,"-4,000,000",,"-4,000,000",,,,,,,,,,"0","-1,000,000","13,000,000","-2,000,000","0","1,000,000",,,"0",,"-19,000,000","-6,000,000",,,"-5,000,000","-8,000,000"
		GainOnSaleOfPPE,"-3,000,000","0","0","-3,000,000","0","0","1,000,000","1,000,000","17,000,000","0","20,000,000",,,"42,000,000","-2,000,000",,,"-5,000,000","-4,000,000","-2,000,000","0","-1,000,000","0","-6,000,000","33,000,000","0","0","0",,"3,000,000","0","6,000,000",,"0","0","6,000,000",,,"0","0",,,,,
	OtherNonOperatingIncomeExpenses,"6,000,000","0","6,000,000",,,"-1,000,000","1,000,000","5,000,000","2,000,000","5,000,000","3,000,000","4,000,000","4,000,000","7,000,000","24,000,000","13,000,000","13,000,000","-4,000,000","10,000,000","8,000,000","12,000,000","15,000,000","9,000,000","10,000,000","6,000,000","9,000,000","8,000,000","4,000,000","8,000,000","9,000,000","8,000,000","6,000,000","6,000,000","6,000,000","7,000,000","6,000,000","6,000,000","9,000,000","12,000,000","7,000,000",,"1,000,000",,,
PretaxIncome,"2,488,000,000","506,000,000","659,000,000","636,000,000","687,000,000","420,000,000","597,000,000","482,000,000","497,000,000","437,000,000","528,000,000","455,000,000","381,000,000","418,000,000","418,000,000","437,000,000","417,000,000","430,000,000","413,000,000","345,000,000","337,000,000","231,000,000","333,000,000","332,000,000","332,000,000","69,000,000","273,000,000","-27,000,000","230,000,000","155,000,000","238,000,000","200,000,000","227,000,000","126,000,000","185,000,000","187,000,000","192,000,000","74,000,000","213,000,000","252,000,000","171,000,000","30,000,000","148,000,000","104,000,000","112,000,000"
TaxProvision,"454,000,000","93,000,000","107,000,000","125,000,000","129,000,000","62,000,000","118,000,000","106,000,000","74,000,000","53,000,000","95,000,000","84,000,000","69,000,000","73,000,000","71,000,000","55,000,000","67,000,000","350,000,000","117,000,000","98,000,000","98,000,000","77,000,000","96,000,000","108,000,000","128,000,000","49,000,000","83,000,000","9,000,000","65,000,000","29,000,000","71,000,000","61,000,000","72,000,000","22,000,000","54,000,000","59,000,000","52,000,000","84,000,000","52,000,000","79,000,000","59,000,000","20,000,000","53,000,000","38,000,000","35,000,000"
NetIncomeCommonStockholders,"2,037,000,000","414,000,000","552,000,000","512,000,000","559,000,000","359,000,000","479,000,000","377,000,000","423,000,000","384,000,000","433,000,000","371,000,000","312,000,000","345,000,000","347,000,000","384,000,000","352,000,000","81,000,000","298,000,000","247,000,000","238,000,000","154,000,000","239,000,000","224,000,000","204,000,000","22,000,000","189,000,000","-37,000,000","165,000,000","126,000,000","166,000,000","136,000,000","155,000,000","105,000,000","131,000,000","128,000,000","140,000,000","32,000,000","162,000,000","173,000,000","111,000,000","-44,000,000","94,000,000","66,000,000","76,000,000"
	NetIncome,"2,037,000,000","414,000,000","552,000,000","512,000,000","559,000,000","359,000,000","479,000,000","377,000,000","423,000,000","384,000,000","433,000,000","371,000,000","312,000,000","345,000,000","347,000,000","384,000,000","352,000,000","81,000,000","298,000,000","247,000,000","238,000,000","154,000,000","239,000,000","224,000,000","204,000,000","22,000,000","189,000,000","-37,000,000","165,000,000","126,000,000","166,000,000","136,000,000","155,000,000","105,000,000","131,000,000","128,000,000","140,000,000","-10,000,000","162,000,000","173,000,000","111,000,000","9,000,000","94,000,000","66,000,000","76,000,000"
		NetIncomeIncludingNoncontrollingInterests,"2,034,000,000","413,000,000","552,000,000","511,000,000","558,000,000","358,000,000","479,000,000","376,000,000","423,000,000","384,000,000","433,000,000","371,000,000","312,000,000","345,000,000","347,000,000","382,000,000","350,000,000","80,000,000","296,000,000","247,000,000","239,000,000","154,000,000","237,000,000","224,000,000","204,000,000","20,000,000","190,000,000","-36,000,000","165,000,000","126,000,000","167,000,000","139,000,000","155,000,000","104,000,000","131,000,000","128,000,000","140,000,000","-10,000,000","161,000,000","173,000,000","112,000,000","10,000,000","95,000,000","66,000,000","77,000,000"
			NetIncomeContinuousOperations,"2,034,000,000","413,000,000","552,000,000","511,000,000","558,000,000","358,000,000","479,000,000","376,000,000","423,000,000","384,000,000","433,000,000","371,000,000","312,000,000","345,000,000","347,000,000","382,000,000","350,000,000","80,000,000","296,000,000","247,000,000","239,000,000","154,000,000","237,000,000","224,000,000","204,000,000","20,000,000","190,000,000","-36,000,000","165,000,000","126,000,000","167,000,000","139,000,000","155,000,000","104,000,000","131,000,000","128,000,000","140,000,000","-10,000,000","161,000,000","173,000,000","112,000,000","10,000,000","95,000,000","66,000,000","77,000,000"
		MinorityInterests,"3,000,000","1,000,000","0","1,000,000","1,000,000","1,000,000","0","1,000,000",,"0","0","0","0","0","0","2,000,000","2,000,000","1,000,000","2,000,000","0","-1,000,000","0","2,000,000","0","0","2,000,000","-1,000,000","-1,000,000","0","0","-1,000,000","-3,000,000","0","1,000,000","0","0","0","0","1,000,000","0","-1,000,000","-1,000,000","-1,000,000","0","-1,000,000"
DilutedNIAvailtoComStockholders,"2,037,000,000","414,000,000","552,000,000","512,000,000","559,000,000","359,000,000","479,000,000","377,000,000","423,000,000","384,000,000","433,000,000","371,000,000","312,000,000","345,000,000","347,000,000","384,000,000","352,000,000","81,000,000","298,000,000","247,000,000","238,000,000","154,000,000","239,000,000","224,000,000","204,000,000","22,000,000","189,000,000","-37,000,000","165,000,000","126,000,000","166,000,000","136,000,000","155,000,000","105,000,000","131,000,000","128,000,000","140,000,000","32,000,000","162,000,000","173,000,000","111,000,000","-44,000,000","94,000,000","66,000,000","76,000,000"
BasicEPS,,"0.88","1.16","1.08","1.18",,"1.01","0.79","0.89","0.81","0.91","0.77","0.65","0.72","0.72","0.79","0.72","0.17","0.61","0.5","0.48","0.31","0.48","0.45","0.41","0.04","0.38","-0.07","0.33","0.25","0.33","0.27","0.31","0.21","0.26","0.26","0.28",,"0.324","0.346","0.222",,,,"0.152"
DilutedEPS,,"0.87","1.16","1.07","1.17",,"1","0.79","0.88","0.8","0.9","0.77","0.65","0.71","0.71","0.79","0.72","0.16","0.61","0.5","0.48","0.31","0.48","0.45","0.41","0.04","0.38","-0.07","0.33","0.25","0.33","0.27","0.31","0.21","0.26","0.26","0.28",,"0.324","0.346","0.222",,,,"0.152"
BasicAverageShares,,"473,100,000","474,000,000","474,800,000","475,500,000",,"475,500,000","475,300,000","475,600,000","476,400,000","477,800,000","478,800,000","479,600,000","480,603,000","482,000,000","483,800,000","485,900,000","487,323,000","489,100,000","490,800,000","492,400,000","493,932,000","495,200,000","496,300,000","497,399,000","498,271,000","499,239,000","500,173,000","501,146,000","501,560,000","501,453,000","500,975,000","500,231,000","500,007,000","500,000,000","500,000,000","500,000,000",,"500,000,000","500,000,000","500,000,000",,,,"500,000,000"
DilutedAverageShares,,"475,600,000","476,300,000","477,000,000","477,900,000",,"478,500,000","478,100,000","479,000,000","480,200,000","481,500,000","482,300,000","483,100,000","484,479,000","485,800,000","487,500,000","489,800,000","491,022,000","492,400,000","494,000,000","495,300,000","496,638,000","497,900,000","498,800,000","499,539,000","500,639,000","501,653,000","500,173,000","503,224,000","503,269,000","502,445,000","501,684,000","500,702,000","500,586,000","500,354,000","500,217,000","500,111,000",,"500,000,000","500,000,000","500,000,000",,,,"500,000,000"
TotalExpenses,"4,973,000,000","1,371,000,000","1,262,000,000","1,224,000,000","1,116,000,000","1,294,000,000","1,122,000,000","995,000,000","995,000,000","1,174,000,000","1,020,000,000","1,021,000,000","1,027,000,000","1,128,000,000","980,000,000","931,000,000","905,000,000","951,000,000","882,000,000","885,000,000","864,000,000","958,000,000","866,000,000","852,000,000","815,000,000","1,046,000,000","901,000,000","905,000,000","843,000,000","1,126,000,000","937,000,000","916,000,000","837,000,000","1,060,000,000","892,000,000","925,000,000","864,000,000","1,023,000,000","804,000,000","830,000,000","849,000,000","983,000,000","848,000,000","937,000,000","833,000,000"
NetIncomeFromContinuingAndDiscontinuedOperation,"2,037,000,000","414,000,000","552,000,000","512,000,000","559,000,000","359,000,000","479,000,000","377,000,000","423,000,000","384,000,000","433,000,000","371,000,000","312,000,000","345,000,000","347,000,000","384,000,000","352,000,000","81,000,000","298,000,000","247,000,000","238,000,000","154,000,000","239,000,000","224,000,000","204,000,000","22,000,000","189,000,000","-37,000,000","165,000,000","126,000,000","166,000,000","136,000,000","155,000,000","105,000,000","131,000,000","128,000,000","140,000,000","-10,000,000","162,000,000","173,000,000","111,000,000","9,000,000","94,000,000","66,000,000","76,000,000"
NormalizedIncome,"2,121,254,000","445,015,810.277","568,760,000","538,499,000","568,744,000","390,538,095.238","484,614,000","392,600,000","420,447,000","401,574,370.709","427,260,000","394,635,000","316,095,000","326,016,746.411","395,140,000","396,236,000","360,390,000","96,000,000","311,623,000","251,296,000","238,709,000","195,333,333.333","246,120,000","219,275,000","190,492,000","100,000,000","202,224,000","144,424,000","171,453,000","140,632,258.065","175,828,000","149,205,000","161,830,000","141,317,460.317","133,832,000","111,584,000","153,122,000","42,000,000","167,292,000","180,557,000","123,444,444.444","77,900,000","135,081,081.081","81,230,769.231","95,937,500"
InterestIncome,"6,000,000","2,000,000","1,000,000","2,000,000","1,000,000","3,000,000","1,000,000","2,000,000","6,000,000","8,000,000","10,000,000","9,000,000","10,000,000","11,000,000","6,000,000",,,,,,,,,,,,,,,,,,,,,,,,,,,,,,
InterestExpense,"224,000,000","54,000,000","56,000,000","57,000,000","57,000,000","58,000,000","62,000,000","58,000,000","53,000,000","56,000,000","56,000,000","55,000,000","56,000,000","59,000,000","54,000,000","46,000,000","47,000,000","50,000,000","43,000,000","41,000,000","41,000,000","41,000,000","41,000,000","41,000,000","43,000,000","38,000,000","29,000,000","29,000,000","28,000,000","30,000,000","29,000,000","29,000,000","29,000,000","30,000,000","29,000,000","32,000,000","22,000,000","8,000,000","7,000,000","8,000,000","8,000,000","9,000,000","9,000,000","9,000,000","9,000,000"
NetInterestIncome,"-218,000,000","-52,000,000","-55,000,000","-55,000,000","-56,000,000","-55,000,000","-61,000,000","-56,000,000","-47,000,000","-48,000,000","-46,000,000","-46,000,000","-46,000,000","-48,000,000","-48,000,000","-46,000,000","-47,000,000","-50,000,000","-43,000,000","-41,000,000","-41,000,000","-41,000,000","-41,000,000","-41,000,000","-43,000,000","-38,000,000","-29,000,000","-29,000,000","-28,000,000","-30,000,000","-29,000,000","-29,000,000","-29,000,000","-30,000,000","-29,000,000","-32,000,000","-22,000,000","-8,000,000","-7,000,000","-8,000,000","-8,000,000","-9,000,000","-9,000,000","-9,000,000","-9,000,000"
EBIT,"2,712,000,000","560,000,000","715,000,000","693,000,000","744,000,000","478,000,000","659,000,000","540,000,000","550,000,000","493,000,000","584,000,000","510,000,000","437,000,000","477,000,000","472,000,000","483,000,000","464,000,000","480,000,000","456,000,000","386,000,000","378,000,000","272,000,000","374,000,000","373,000,000","375,000,000","107,000,000","302,000,000","2,000,000","258,000,000","185,000,000","267,000,000","229,000,000","256,000,000","156,000,000","214,000,000","219,000,000","214,000,000","82,000,000","220,000,000","260,000,000","179,000,000","39,000,000","157,000,000","113,000,000","121,000,000"
EBITDA,"3,160,000,000"
ReconciledCostOfRevenue,"2,016,000,000","523,000,000","516,000,000","497,000,000","480,000,000","532,000,000","475,000,000","380,000,000","389,000,000","461,000,000","410,000,000","406,000,000","458,000,000","482,000,000","421,000,000","407,000,000","410,000,000","417,000,000","400,000,000","404,000,000","403,000,000","426,000,000","371,000,000","361,000,000","353,000,000","457,000,000","390,000,000","392,000,000","361,000,000","452,000,000","400,000,000","377,000,000","344,000,000","423,000,000","351,000,000","380,000,000","366,000,000","405,000,000","321,000,000","340,000,000","361,000,000","383,000,000","363,000,000","422,000,000","348,000,000"
ReconciledDepreciation,"448,000,000","117,000,000","110,000,000","112,000,000","109,000,000","109,000,000","111,000,000","111,000,000","110,000,000","109,000,000","107,000,000","98,000,000","98,000,000","101,000,000","84,000,000","63,000,000","60,000,000","63,000,000","58,000,000","59,000,000","62,000,000","63,000,000","60,000,000","60,000,000","57,000,000","55,000,000","46,000,000","50,000,000","48,000,000","53,000,000","50,000,000","51,000,000","50,000,000","58,000,000","49,000,000","51,000,000","51,000,000","44,000,000","54,000,000","54,000,000","48,000,000","54,000,000","52,000,000","50,000,000","49,000,000"
NetIncomeFromContinuingOperationNetMinorityInterest,"2,037,000,000","414,000,000","552,000,000","512,000,000","559,000,000","359,000,000","479,000,000","377,000,000","423,000,000","384,000,000","433,000,000","371,000,000","312,000,000","345,000,000","347,000,000","384,000,000","352,000,000","81,000,000","298,000,000","247,000,000","238,000,000","154,000,000","239,000,000","224,000,000","204,000,000","22,000,000","189,000,000","-37,000,000","165,000,000","126,000,000","166,000,000","136,000,000","155,000,000","105,000,000","131,000,000","128,000,000","140,000,000","-10,000,000","162,000,000","173,000,000","111,000,000","9,000,000","94,000,000","66,000,000","76,000,000"
TotalUnusualItemsExcludingGoodwill,"-103,000,000","-38,000,000","-20,000,000","-33,000,000","-12,000,000","-37,000,000","-7,000,000","-20,000,000","3,000,000","-20,000,000","7,000,000","-29,000,000","-5,000,000","23,000,000","-58,000,000","-14,000,000","-10,000,000","-25,000,000","-19,000,000","-6,000,000","-1,000,000","-62,000,000","-10,000,000","7,000,000","22,000,000","-130,000,000","-19,000,000","-272,000,000","-9,000,000","-18,000,000","-14,000,000","-19,000,000","-10,000,000","-44,000,000","-4,000,000","24,000,000","-18,000,000","-80,000,000","-7,000,000","-11,000,000","-19,000,000","-106,000,000","-64,000,000","-24,000,000","-29,000,000"
TotalUnusualItems,"-103,000,000","-38,000,000","-20,000,000","-33,000,000","-12,000,000","-37,000,000","-7,000,000","-20,000,000","3,000,000","-20,000,000","7,000,000","-29,000,000","-5,000,000","23,000,000","-58,000,000","-14,000,000","-10,000,000","-25,000,000","-19,000,000","-6,000,000","-1,000,000","-62,000,000","-10,000,000","7,000,000","22,000,000","-130,000,000","-19,000,000","-272,000,000","-9,000,000","-18,000,000","-14,000,000","-19,000,000","-10,000,000","-44,000,000","-4,000,000","24,000,000","-18,000,000","-80,000,000","-7,000,000","-11,000,000","-19,000,000","-106,000,000","-64,000,000","-24,000,000","-29,000,000"
NormalizedEBITDA,"3,263,000,000","715,000,000","845,000,000","838,000,000","865,000,000","624,000,000","777,000,000","671,000,000","657,000,000","622,000,000","684,000,000","637,000,000","540,000,000","555,000,000","614,000,000","560,000,000","534,000,000","568,000,000","533,000,000","451,000,000","441,000,000","397,000,000","444,000,000","426,000,000","410,000,000","292,000,000","367,000,000","324,000,000","315,000,000","256,000,000","331,000,000","299,000,000","316,000,000","258,000,000","267,000,000","246,000,000","283,000,000","206,000,000","281,000,000","325,000,000","246,000,000","199,000,000","273,000,000","187,000,000","199,000,000"
TaxRateForCalcs,"0.182","0.184","0.162","0.197","0.188","0.148","0.198","0.22","0.149","0.121","0.18","0.185","0.181","0.175","0.17","0.126","0.161","0.4","0.283","0.284","0.291","0.333","0.288","0.325","0.386","0.4","0.304","0.333","0.283","0.187","0.298","0.305","0.317","0.175","0.292","0.316","0.271","0.35","0.244","0.313","0.345","0.35","0.358","0.365","0.313"
TaxEffectOfUnusualItems,"-18,746,000","-6,984,189.723","-3,240,000","-6,501,000","-2,256,000","-5,461,904.762","-1,386,000","-4,400,000","447,000","-2,425,629.291","1,260,000","-5,365,000","-905,000","4,016,746.411","-9,860,000","-1,764,000","-1,610,000","-10,000,000","-5,377,000","-1,704,000","-291,000","-20,666,666.667","-2,880,000","2,275,000","8,492,000","-52,000,000","-5,776,000","-90,576,000","-2,547,000","-3,367,741.935","-4,172,000","-5,795,000","-3,170,000","-7,682,539.683","-1,168,000","7,584,000","-4,878,000","-28,000,000","-1,708,000","-3,443,000","-6,555,555.556","-37,100,000","-22,918,918.919","-8,769,230.769","-9,062,500"